<!DOCTYPE html>
<html lang="en">

<head>
    <meta charset="UTF-8">
    <meta http-equiv="X-UA-Compatible" content="IE=edge">
    <meta name="viewport" content="width=device-width, initial-scale=1.0">
    <title>Amazon Product Page</title>
    <style>
        body {
            background-color: black;
            color: white;
        }

        .datetime {
            text-align: center;
            color: gray;
        }

        .date, .time {
            font-size: 48px;
        }

        .container {
            display: flex;
            flex-wrap: wrap;
            justify-content: center;
            align-items: center;
            min-height: calc(100vh - 7cm);
        }

        .product {
            width: calc(100% / 4);
            margin-bottom: 20px;
            text-align: center;
            border: 1px solid red;
            border-radius: 10px;
            overflow: hidden;
            padding: 10px;
            display: flex;
            flex-direction: column;
            background-color: black;
            color: white;
        }

        .product .content {
            height: 200px;
            overflow: hidden;
        }

        .product img {
            width: 100%;
            height: auto;
            display: block;
        }

        .product .description {
            margin-top: 10px;
        }

        .product .more-link {
            margin-top: 5px;
            cursor: pointer;
            color: blue;
        }
        .pagination {
            text-align: center;
            margin: 20px 0;
        }

        .pagination a {
            color: white;
            padding: 8px 16px;
            text-decoration: none;
            background-color: gray;
            margin: 0 4px;
            border-radius: 4px;
        }

        .pagination a:hover {
            background-color: #575757;
        }
        @media (min-width: 768px) and (max-width: 991px) {
            .product {
                width: calc(100% / 3);
            }
        }

        @media (max-width: 767px) {
            .product {
                width: 100%;
            }
        }

        /* Style pour le bouton flottant */
        .floating-button {
            position: fixed;
            bottom: 20px;
            right: 20px;
            background-color: red;
            color: white;
            border: none;
            border-radius: 50%;
            width: 60px;
            height: 60px;
            text-align: center;
            font-size: 18px;
            cursor: pointer;
            z-index: 1000;
            box-shadow: 0 4px 8px rgba(0, 0, 0, 0.2);
        }
    </style>
</head>

<body>
    <div class="datetime">
        <div class="date" id="comment"></div>
        <div class="date" id="date"></div>
        <div class="time" id="time"></div>
    </div>

    <div class="container">
      <div class="product"><a href="https://www.amazon.com/dp/B079B8BFR3?tag=eloabder-20&linkCode=osi&th=1&psc=1"><img src="https://m.media-amazon.com/images/I/41DSmndr3KL._SL500_.jpg" alt="Product Image"></a><p>KISS Looks So Natural, False Eyelashes, Shy', 12 mm, Includes 5 Pairs Of Lashes, Contact Lens Friendly, Easy to Apply, Reusable Strip Lashes, Glue On</p><p>$7.09</p><a href="https://www.amazon.com/dp/B079B8BFR3?tag=eloabder-20&linkCode=osi&th=1&psc=1">View Product</a></div><div class="product"><a href="https://www.amazon.com/dp/B09MQCDVM7?tag=eloabder-20&linkCode=osi&th=1&psc=1"><img src="https://m.media-amazon.com/images/I/510lQqrrVtL._SL500_.jpg" alt="Product Image"></a><p>False Eyelashes 14mm Faux 3D Mink Lashes Natural Look Fluffy Cat Eye Wispy Lashes Pack by Kiromiro, 14 Pairs</p><p>$8.89</p><a href="https://www.amazon.com/dp/B09MQCDVM7?tag=eloabder-20&linkCode=osi&th=1&psc=1">View Product</a></div><div class="product"><a href="https://www.amazon.com/dp/B00DS4EIEE?tag=eloabder-20&linkCode=osi&th=1&psc=1"><img src="https://m.media-amazon.com/images/I/415k4JSKxOL._SL500_.jpg" alt="Product Image"></a><p>KISS So Wispy, False Eyelashes, Style #11', 12 mm, Includes 5 Pairs Of Lashes, Contact Lens Friendly, Easy to Apply, Reusable Strip Lashes, Glue On, Mulitpack</p><p>$8.97 ($1.79 / Count)</p><a href="https://www.amazon.com/dp/B00DS4EIEE?tag=eloabder-20&linkCode=osi&th=1&psc=1">View Product</a></div><div class="product"><a href="https://www.amazon.com/dp/B0C5QK1QHP?tag=eloabder-20&linkCode=osi&th=1&psc=1"><img src="https://m.media-amazon.com/images/I/51eSQ4cj35L._SL500_.jpg" alt="Product Image"></a><p>Veleasha Lashes 5D Faux Mink Lashes 100% Handmade Luxurious Fake Eyelashes Lightweight Fluffy False Eyelashes 5 Pairs Pack (G2)</p><p>$6.98 ($1.40 / Count)</p><a href="https://www.amazon.com/dp/B0C5QK1QHP?tag=eloabder-20&linkCode=osi&th=1&psc=1">View Product</a></div><div class="product"><a href="https://www.amazon.com/dp/B0B1LRRTCH?tag=eloabder-20&linkCode=osi&th=1&psc=1"><img src="https://m.media-amazon.com/images/I/41gc2Df+nAL._SL500_.jpg" alt="Product Image"></a><p>GMAGICTOBO False Eyelashes Natural Half Lashes Short Wispy Clear Band Lashes Pack Cat Eye 3D Faux Mink Lashes Fake Eyelashes 7 Pairs Multipack</p><p>$8.59 ($1.23 / Count)</p><a href="https://www.amazon.com/dp/B0B1LRRTCH?tag=eloabder-20&linkCode=osi&th=1&psc=1">View Product</a></div><div class="product"><a href="https://www.amazon.com/dp/B08R6PR7ND?tag=eloabder-20&linkCode=osi&th=1&psc=1"><img src="https://m.media-amazon.com/images/I/41r4c3ZiCWL._SL500_.jpg" alt="Product Image"></a><p>KISS My Lash But Better, False Eyelashes, All Mine', 10 mm, Includes 1 Pair Of Lashes, Contact Lens Friendly, Easy to Apply, Reusable Strip Lashes, Glue-On</p><p>$3.97</p><a href="https://www.amazon.com/dp/B08R6PR7ND?tag=eloabder-20&linkCode=osi&th=1&psc=1">View Product</a></div><div class="product"><a href="https://www.amazon.com/dp/B0BX3YHN14?tag=eloabder-20&linkCode=osi&th=1&psc=1"><img src="https://m.media-amazon.com/images/I/51YYa1vTElL._SL500_.jpg" alt="Product Image"></a><p>KISS imPRESS Falsies False Eyelashes, Lash Clusters, Voluminous', 14 mm, Includes 20 Clusters, 1 applicator, Contact Lens Friendly, Easy to Apply, Reusable Strip Lashes</p><p>$12.72</p><a href="https://www.amazon.com/dp/B0BX3YHN14?tag=eloabder-20&linkCode=osi&th=1&psc=1">View Product</a></div><div class="product"><a href="https://www.amazon.com/dp/B00YYHHI1E?tag=eloabder-20&linkCode=osi&th=1&psc=1"><img src="https://m.media-amazon.com/images/I/419bv9iNI9L._SL500_.jpg" alt="Product Image"></a><p>Ardell False Eyelashes Demi Wispies Black, 1 pack (6 pairs per pack)</p><p>$9.74 ($1.95 / Count)</p><a href="https://www.amazon.com/dp/B00YYHHI1E?tag=eloabder-20&linkCode=osi&th=1&psc=1">View Product</a></div><div class="product"><a href="https://www.amazon.com/dp/B0CG5SY8J1?tag=eloabder-20&linkCode=osi&th=1&psc=1"><img src="https://m.media-amazon.com/images/I/41SWlZB3plL._SL500_.jpg" alt="Product Image"></a><p>Natural Lashes Natural Eyelashes Short Eyelashes Natural Look False Eyelashes Wispy Eye Lashes 10mm Small Lashes Fake Lashes K50</p><p>$7.93 ($1.13 / Count)</p><a href="https://www.amazon.com/dp/B0CG5SY8J1?tag=eloabder-20&linkCode=osi&th=1&psc=1">View Product</a></div><div class="product"><a href="https://www.amazon.com/dp/B08SPVMDTV?tag=eloabder-20&linkCode=osi&th=1&psc=1"><img src="https://m.media-amazon.com/images/I/41Q6wh0HacL._SL500_.jpg" alt="Product Image"></a><p>KISS Falscara Multipack False Eyelashes, Lash Clusters, Natural Wispy Wisps', 10mm-12mm-14mm, Includes 24 Assorted Lengths Wisps, Contact Lens Friendly, Easy to Apply, Reusable Strip Lashes</p><p>$6.47 ($0.27 / Count)</p><a href="https://www.amazon.com/dp/B08SPVMDTV?tag=eloabder-20&linkCode=osi&th=1&psc=1">View Product</a></div>
<div class="product"><a href="https://www.amazon.com/dp/B08ZYKFNLK?tag=eloabder-20&linkCode=osi&th=1&psc=1"><img src="https://m.media-amazon.com/images/I/41LSyt4W-HL._SL500_.jpg" alt="Product Image"></a><p>Makeup Sponge Set BS-MALL Blender Sponges 7 Pcs for Liquid, Cream, and Powder, Multi-colored with 1 Mini Makeup Sponge Pink (A-Pink）</p><p>$6.99 ($1.00 / Count)</p><a href="https://www.amazon.com/dp/B08ZYKFNLK?tag=eloabder-20&linkCode=osi&th=1&psc=1">View Product</a></div><div class="product"><a href="https://www.amazon.com/dp/B01F36JEXE?tag=eloabder-20&linkCode=osi&th=1&psc=1"><img src="https://m.media-amazon.com/images/I/41AHaVc97tL._SL500_.jpg" alt="Product Image"></a><p>BEAKEY Makeup Sponge 5 Pcs Set, Makeup Sponges for Foundation, Liquid, Cream and Powder. Latex-Free Boun Boun Beauty Sponge for Blending, Blender for Enhanced Make Up Application, Ideal Gift</p><p>$6.99 ($1.40 / Count)</p><a href="https://www.amazon.com/dp/B01F36JEXE?tag=eloabder-20&linkCode=osi&th=1&psc=1">View Product</a></div><div class="product"><a href="https://www.amazon.com/dp/B07VBNQ367?tag=eloabder-20&linkCode=osi&th=1&psc=1"><img src="https://m.media-amazon.com/images/I/41tK1+FK+ML._SL500_.jpg" alt="Product Image"></a><p>Beautyblender® | Original Pink Beauty Blender Makeup Sponge, Super-Soft Foam Easily Blends Foundations, Powders & Creams, Made in USA, Reusable, Washable, Streak Free Application, Vegan, Cruelty Free</p><p>$20.00</p><a href="https://www.amazon.com/dp/B07VBNQ367?tag=eloabder-20&linkCode=osi&th=1&psc=1">View Product</a></div><div class="product"><a href="https://www.amazon.com/dp/B013XJUWC0?tag=eloabder-20&linkCode=osi&th=1&psc=1"><img src="https://m.media-amazon.com/images/I/519iY4n1lHL._SL500_.jpg" alt="Product Image"></a><p>Aesthetica Cosmetics Beauty Sponge Blender - Latex Free and Vegan Makeup Sponge Blender - For Powder, Cream or Liquid Application - One Piece Make Up Sponge</p><p>$3.97</p><a href="https://www.amazon.com/dp/B013XJUWC0?tag=eloabder-20&linkCode=osi&th=1&psc=1">View Product</a></div><div class="product"><a href="https://www.amazon.com/dp/B08T79281H?tag=eloabder-20&linkCode=osi&th=1&psc=1"><img src="https://m.media-amazon.com/images/I/41OyxvePdBL._SL500_.jpg" alt="Product Image"></a><p>DUAIU 4 Pcs Makeup Sponge Set Beauty Sponge Foundation Blending Sponge, Flawless for Liquid, Cream, and Powder, Multi-colored Makeup Sponges with Storage Box</p><p>$4.99 ($1.25 / Count)</p><a href="https://www.amazon.com/dp/B08T79281H?tag=eloabder-20&linkCode=osi&th=1&psc=1">View Product</a></div><div class="product"><a href="https://www.amazon.com/dp/B00EUBPHR6?tag=eloabder-20&linkCode=osi&th=1&psc=1"><img src="https://m.media-amazon.com/images/I/31BZh7Bg7hL._SL500_.jpg" alt="Product Image"></a><p>Real Techniques Miracle Complexion Sponge, Makeup Blending Sponge, For Liquid & Cream Foundation, Offers Light To Medium Coverage, Natural, Dewy Makeup, Orange Sponge, Latex-Free Foam, 1 Count</p><p>$4.57</p><a href="https://www.amazon.com/dp/B00EUBPHR6?tag=eloabder-20&linkCode=osi&th=1&psc=1">View Product</a></div><div class="product"><a href="https://www.amazon.com/dp/B0CL2FKVH2?tag=eloabder-20&linkCode=osi&th=1&psc=1"><img src="https://m.media-amazon.com/images/I/41u81y8DJoL._SL500_.jpg" alt="Product Image"></a><p>14 Pcs Makeup Sponge Set,Beauty Sponges Blender with 4 Pcs Powder Puff and 4 Pcs Mini Make up Sponges Valentine's Day Gift,Mother's Day Gift for Women Liquid,Foundation,Powder,Concealer,Cream(Pink)</p><p>$8.99 ($0.64 / Count)</p><a href="https://www.amazon.com/dp/B0CL2FKVH2?tag=eloabder-20&linkCode=osi&th=1&psc=1">View Product</a></div><div class="product"><a href="https://www.amazon.com/dp/B0CTX1X4F1?tag=eloabder-20&linkCode=osi&th=1&psc=1"><img src="https://m.media-amazon.com/images/I/31dP1yTUmWL._SL500_.jpg" alt="Product Image"></a><p>GFOUNS 15 pcs Beauty blender Makeup Sponge Bulk:Blender Sponges 15 Pcs for Liquid, Cream, and Powder, Multi-colored Pink make up sponges for foundation</p><p>$5.99</p><a href="https://www.amazon.com/dp/B0CTX1X4F1?tag=eloabder-20&linkCode=osi&th=1&psc=1">View Product</a></div>
<div class="product"><a href="https://www.amazon.com/dp/B010CRFSTI?tag=eloabder-20&linkCode=osi&th=1&psc=1"><img src="https://m.media-amazon.com/images/I/41JQ+znx4gL._SL500_.jpg" alt="Product Image"></a><p>Conair Salon Results Hairbrush Set - Travel Hair Brush - Hairbrushes for All Hair Types - Travel size + Full-size Brush</p><p>$5.88 ($2.94 / Count)</p><a href="https://www.amazon.com/dp/B010CRFSTI?tag=eloabder-20&linkCode=osi&th=1&psc=1">View Product</a></div><div class="product"><a href="https://www.amazon.com/dp/B094DK6JNF?tag=eloabder-20&linkCode=osi&th=1&psc=1"><img src="https://m.media-amazon.com/images/I/31dF+T3k3nL._SL500_.jpg" alt="Product Image"></a><p>Wet Brush Original Detangler Hair Brush, Amazon Exclusive Aqua- Ultra-Soft IntelliFlex Bristles-Detangling Hairbrush Glides Through Tangles For All Hair Types (Wet Dry & Damaged Hair) - Women & Men</p><p>$8.99</p><a href="https://www.amazon.com/dp/B094DK6JNF?tag=eloabder-20&linkCode=osi&th=1&psc=1">View Product</a></div>

<div class="product"><a href="https://www.amazon.com/dp/B07KSQZ4MR?tag=eloabder-20&linkCode=osi&th=1&psc=1"><img src="https://m.media-amazon.com/images/I/31A-mCllrgL._SL500_.jpg" alt="Product Image"></a><p>Hot Tools Pro Artist Black Gold Evolve Ionic Salon Hair Flat Iron | Long-Lasting Finish for Straightening Hair, (1-1/4 in), HT7123BG</p><p>$61.50</p><a href="https://www.amazon.com/dp/B07KSQZ4MR?tag=eloabder-20&linkCode=osi&th=1&psc=1">View Product</a></div>
<div class="product"><a href="https://www.amazon.com/dp/B0027SU9JU?tag=eloabder-20&linkCode=osi&th=1&psc=1"><img src="https://m.media-amazon.com/images/I/31rfzenB9mL._SL500_.jpg" alt="Product Image"></a><p>REVLON Turbo Hair Dryer with Advanced Ionic Technology, Ceramic Coating | Turbo Heat and Cold Shot Features, 1875 Watts for Fast Drying and Shine (Silver)</p><p>$19.99</p><a href="https://www.amazon.com/dp/B0027SU9JU?tag=eloabder-20&linkCode=osi&th=1&psc=1">View Product</a></div>

<div class="product"><a href="https://www.amazon.com/dp/B07PBXXNCY?tag=eloabder-20&linkCode=osi&th=1&psc=1"><img src="https://m.media-amazon.com/images/I/31OVxUr+bUL._SL500_.jpg" alt="Product Image"></a><p>Clean Skin Club Clean Towels XL™, 100% USDA Biobased Face Towel, Disposable Face Towelette, Makeup Remover Dry Wipes, Ultra Soft, 50 Ct, 1 Pack</p><p>$17.95 ($0.36 / Count)</p><a href="https://www.amazon.com/dp/B07PBXXNCY?tag=eloabder-20&linkCode=osi&th=1&psc=1">View Product</a></div><div class="product"><a href="https://www.amazon.com/dp/B01LEJ5MSK?tag=eloabder-20&linkCode=osi&th=1&psc=1"><img src="https://m.media-amazon.com/images/I/418xEMrk6LL._SL500_.jpg" alt="Product Image"></a><p>COSRX Snail Mucin 92% Repair Cream, Daily Face Gel Moisturizer for Dry Skin, Acne-prone, Sensitive Skin, Not Tested on Animals, No Parabens, Korean Skincare (3.52 Fl Oz (Pack of 1))</p><p>$13.99 ($3.97 / Fl Oz)</p><a href="https://www.amazon.com/dp/B01LEJ5MSK?tag=eloabder-20&linkCode=osi&th=1&psc=1">View Product</a></div>
<div class="product"><a href="https://www.amazon.com/dp/B076FHJ3K5?tag=eloabder-20&linkCode=osi&th=1&psc=1"><img src="https://m.media-amazon.com/images/I/31QAqxeYpoL._SL500_.jpg" alt="Product Image"></a><p>Marc Anthony Leave-In Conditioner Spray & Detangler, Grow Long Biotin - Anti-Frizz Deep Conditioner For Split Ends & Breakage - Vitamin E, Caffeine & Ginseng for Curly, Dry & Damaged Hair</p><p>$7.67 ($0.91 / Fl Oz)</p><a href="https://www.amazon.com/dp/B076FHJ3K5?tag=eloabder-20&linkCode=osi&th=1&psc=1">View Product</a></div><div class="product"><a href="https://www.amazon.com/dp/B0B941W753?tag=eloabder-20&linkCode=osi&th=1&psc=1"><img src="https://m.media-amazon.com/images/I/3154MYZlHiL._SL500_.jpg" alt="Product Image"></a><p>MONDAY HAIRCARE Volume Shampoo + Conditioner Set (2 Pack) 12oz Each for Thin, Fine, and Oily Hair, Made from Coconut Oil, Ginger Extract, & Vitamin E, 100% Recyclable Bottles</p><p>$13.99 ($0.58 / Fl Oz)</p><a href="https://www.amazon.com/dp/B0B941W753?tag=eloabder-20&linkCode=osi&th=1&psc=1">View Product</a></div><div class="product"><a href="https://www.amazon.com/dp/B0CS29PK2J?tag=eloabder-20&linkCode=osi&th=1&psc=1"><img src="https://m.media-amazon.com/images/I/315FU9SHGsL._SL500_.jpg" alt="Product Image"></a><p>Monday Moisture Leave-in Conditioner 5 Oz</p><p>$5.41 ($1.08 / Fl Oz)</p><a href="https://www.amazon.com/dp/B0CS29PK2J?tag=eloabder-20&linkCode=osi&th=1&psc=1">View Product</a></div><div class="product"><a href="https://www.amazon.com/dp/B0B941XTDZ?tag=eloabder-20&linkCode=osi&th=1&psc=1"><img src="https://m.media-amazon.com/images/I/41eavjiNYyL._SL500_.jpg" alt="Product Image"></a><p>MONDAY HAIRCARE Moisture Shampoo + Conditioner Set for Dry, Coarse, Stressed, Coily & Curly Hair, Made from Coconut Oil, Rice Protein, Shea Butter, & Vitamin E, All-Natural, 12 Fl Oz (Pack of 2)</p><p>$13.99 ($0.58 / Fl Oz)</p><a href="https://www.amazon.com/dp/B0B941XTDZ?tag=eloabder-20&linkCode=osi&th=1&psc=1">View Product</a></div><div class="product"><a href="https://www.amazon.com/dp/B07N7PK9QK?tag=eloabder-20&linkCode=osi&th=1&psc=1"><img src="https://m.media-amazon.com/images/I/416K3ahcJsL._SL500_.jpg" alt="Product Image"></a><p>Mielle Organics Rosemary Mint Scalp & Hair Strengthening Oil for All Hair Types, 2 Ounce</p><p>$9.50 ($4.75 / Fl Oz)</p><a href="https://www.amazon.com/dp/B07N7PK9QK?tag=eloabder-20&linkCode=osi&th=1&psc=1">View Product</a></div><div class="product"><a href="https://www.amazon.com/dp/B005PV0FDG?tag=eloabder-20&linkCode=osi&th=1&psc=1"><img src="https://m.media-amazon.com/images/I/310l+q4ImxL._SL500_.jpg" alt="Product Image"></a><p>It's a 10 Haircare Miracle Leave-In product, 10 fl. oz.</p><p>$27.98 ($2.80 / Fl Oz)</p><a href="https://www.amazon.com/dp/B005PV0FDG?tag=eloabder-20&linkCode=osi&th=1&psc=1">View Product</a></div><div class="product"><a href="https://www.amazon.com/dp/B0C3K3XX95?tag=eloabder-20&linkCode=osi&th=1&psc=1"><img src="https://m.media-amazon.com/images/I/41+CLmIGVIL._SL500_.jpg" alt="Product Image"></a><p>MONDAY HAIRCARE Repair Shampoo and Conditioner Set 12oz for Dry to Damaged Hair, Made with Keratin, Coconut Oil, Shea Butter and Vitamin E</p><p>$13.99 ($0.58 / Fl Oz)</p><a href="https://www.amazon.com/dp/B0C3K3XX95?tag=eloabder-20&linkCode=osi&th=1&psc=1">View Product</a></div>
<div class="product"><a href="https://www.amazon.com/dp/B09F5L7756?tag=eloabder-20&linkCode=osi&th=1&psc=1"><img src="https://m.media-amazon.com/images/I/61qJVRNSjFL._SL500_.jpg" alt="Product Image"></a><p>Vaseline Intensive Care Cocoa Radiant For Glowing Skin 3 Count Body Gel Oil Body Oil Made with 100% Pure Cocoa Butter + Replenishing Oils 6.8oz</p><p>$19.44 ($0.95 / Fl Oz)</p><a href="https://www.amazon.com/dp/B09F5L7756?tag=eloabder-20&linkCode=osi&th=1&psc=1">View Product</a></div><div class="product"><a href="https://www.amazon.com/dp/B08T4FLJQZ?tag=eloabder-20&linkCode=osi&th=1&psc=1"><img src="https://m.media-amazon.com/images/I/317LIpGPZiL._SL500_.jpg" alt="Product Image"></a><p>Dove Scrub Brown Sugar & Coconut Butter For Silky Smooth Skin Body Scrub Exfoliates & Restores Skin's Natural Nutrients 10.5 oz</p><p>$6.97 ($0.66 / Ounce)</p><a href="https://www.amazon.com/dp/B08T4FLJQZ?tag=eloabder-20&linkCode=osi&th=1&psc=1">View Product</a></div><div class="product"><a href="https://www.amazon.com/dp/B0CNKZW8HL?tag=eloabder-20&linkCode=osi&th=1&psc=1"><img src="https://m.media-amazon.com/images/I/61vGHE3wEWL._SL500_.jpg" alt="Product Image"></a><p>Dove Men+Care Body Wash Sandalwood + Cardamom Oil to Rebuild Skin in the Shower with Plant-Based Cleansers and Moisturizers 26 oz</p><p>$9.97 ($0.38 / Fl Oz)</p><a href="https://www.amazon.com/dp/B0CNKZW8HL?tag=eloabder-20&linkCode=osi&th=1&psc=1">View Product</a></div><div class="product"><a href="https://www.amazon.com/dp/B089NCFBQZ?tag=eloabder-20&linkCode=osi&th=1&psc=1"><img src="https://m.media-amazon.com/images/I/41WGBM4YipL._SL500_.jpg" alt="Product Image"></a><p>Vaseline Illuminate Me Shimmering Body Oil Created for Melanin Rich Skin, Illuminates Skin with Finishing Touch of Shimmer for Glowing Skin 3.3 oz</p><p>$8.75 ($2.65 / Fl Oz)</p><a href="https://www.amazon.com/dp/B089NCFBQZ?tag=eloabder-20&linkCode=osi&th=1&psc=1">View Product</a></div><div class="product"><a href="https://www.amazon.com/dp/B0CNL19TQG?tag=eloabder-20&linkCode=osi&th=1&psc=1"><img src="https://m.media-amazon.com/images/I/61kqkkFXOkL._SL500_.jpg" alt="Product Image"></a><p>Dove Men+Care Body Wash Eucalyptus + Cedar Oil to Rebuild Skin in the Shower with Plant-Based Cleansers and Moisturizers 26 oz</p><p>$9.99 ($0.38 / Fl Oz)</p><a href="https://www.amazon.com/dp/B0CNL19TQG?tag=eloabder-20&linkCode=osi&th=1&psc=1">View Product</a></div><div class="product"><a href="https://www.amazon.com/dp/B07HMDGJCJ?tag=eloabder-20&linkCode=osi&th=1&psc=1"><img src="https://m.media-amazon.com/images/I/31TuC5EJeNL._SL500_.jpg" alt="Product Image"></a><p>SOL DE JANEIRO 4 Play Moisturizing Shower Cream Gel Body Wash 90mL</p><p>$10.00 ($3.33 / Fl Oz)</p><a href="https://www.amazon.com/dp/B07HMDGJCJ?tag=eloabder-20&linkCode=osi&th=1&psc=1">View Product</a></div>
<div class="product"><a href="https://www.amazon.com/dp/B00HVI8WYU?tag=eloabder-20&linkCode=osi&th=1&psc=1"><img src="https://m.media-amazon.com/images/I/31educzzSsL._SL500_.jpg" alt="Product Image"></a><p>e.l.f. Hydrating Face Primer, Makeup Primer For Flawless, Smooth Skin & Long-Lasting Makeup, Fills In Pores & Fine Lines, Vegan & Cruelty-free, Small</p><p>$8.00</p><a href="https://www.amazon.com/dp/B00HVI8WYU?tag=eloabder-20&linkCode=osi&th=1&psc=1">View Product</a></div><div class="product"><a href="https://www.amazon.com/dp/B088W7L534?tag=eloabder-20&linkCode=osi&th=1&psc=1"><img src="https://m.media-amazon.com/images/I/31A5rZUAKyL._SL500_.jpg" alt="Product Image"></a><p>e.l.f. Monochromatic Multi Stick, Luxuriously Creamy & Blendable Color, For Eyes, Lips & Cheeks, Dazzling Peony, 0.17 oz (5 g)</p><p>$5.00</p><a href="https://www.amazon.com/dp/B088W7L534?tag=eloabder-20&linkCode=osi&th=1&psc=1">View Product</a></div><div class="product"><a href="https://www.amazon.com/dp/B0CMJZ8G6Y?tag=eloabder-20&linkCode=osi&th=1&psc=1"><img src="https://m.media-amazon.com/images/I/31KdGu0F8vL._SL500_.jpg" alt="Product Image"></a><p>e.l.f. Glow Reviver Lip Oil, Nourishing Tinted Lip Oil For A High-shine Finish, Infused With Jojoba Oil, Vegan & Cruelty-free, Rose Envy</p><p>$8.00</p><a href="https://www.amazon.com/dp/B0CMJZ8G6Y?tag=eloabder-20&linkCode=osi&th=1&psc=1">View Product</a></div><div class="product"><a href="https://www.amazon.com/dp/B08H3JPH74?tag=eloabder-20&linkCode=osi&th=1&psc=1"><img src="https://m.media-amazon.com/images/I/31hf532TEHL._SL500_.jpg" alt="Product Image"></a><p>Maybelline Lash Sensational Sky High Washable Mascara Makeup, Volumizing, Lengthening, Defining, Curling, Multiplying, Buildable Formula, Blackest Black, 1 Count</p><p>$9.98</p><a href="https://www.amazon.com/dp/B08H3JPH74?tag=eloabder-20&linkCode=osi&th=1&psc=1">View Product</a></div>
<div class="product"><a href="https://www.amazon.com/dp/B09C8VNWBP?tag=eloabder-20&linkCode=osi&th=1&psc=1"><img src="https://m.media-amazon.com/images/I/31ObnTRpJ5L._SL500_.jpg" alt="Product Image"></a><p>Lattafa Yara for Women Eau de Parfum Spray, 3.40 Ounce / 100 ml</p><p>$22.77 ($6.70 / Fl Oz)</p><a href="https://www.amazon.com/dp/B09C8VNWBP?tag=eloabder-20&linkCode=osi&th=1&psc=1">View Product</a></div><div class="product"><a href="https://www.amazon.com/dp/B000E7WHCI?tag=eloabder-20&linkCode=osi&th=1&psc=1"><img src="https://m.media-amazon.com/images/I/31V1XkKkWXL._SL500_.jpg" alt="Product Image"></a><p>Vera Wang Eau de Parfum for Women - Delicate, Floral Scent - Notes of Iris, Lillies, & Sandalwood - Feminine & Subtle - 3.4 Fl Oz</p><p>$26.47 ($7.79 / Fl Oz)</p><a href="https://www.amazon.com/dp/B000E7WHCI?tag=eloabder-20&linkCode=osi&th=1&psc=1">View Product</a></div><div class="product"><a href="https://www.amazon.com/dp/B0B1HB719V?tag=eloabder-20&linkCode=osi&th=1&psc=1"><img src="https://m.media-amazon.com/images/I/31R9CfuokSL._SL500_.jpg" alt="Product Image"></a><p>Sol de Janeiro Cheirosa '68 Hair & Body Fragrance Mist 90mL/3.0 fl oz.</p><p>$24.00 ($8.00 / Fl Oz)</p><a href="https://www.amazon.com/dp/B0B1HB719V?tag=eloabder-20&linkCode=osi&th=1&psc=1">View Product</a></div><div class="product"><a href="https://www.amazon.com/dp/B01KYRUBT8?tag=eloabder-20&linkCode=osi&th=1&psc=1"><img src="https://m.media-amazon.com/images/I/41BYbHm20iL._SL500_.jpg" alt="Product Image"></a><p>Al-Rehab Choco Musk Eau de Parfum Spray for Women, 1.7 Ounce</p><p>$7.80 ($4.59 / Fl Oz)</p><a href="https://www.amazon.com/dp/B01KYRUBT8?tag=eloabder-20&linkCode=osi&th=1&psc=1">View Product</a></div><div class="product"><a href="https://www.amazon.com/dp/B07NJJZK3W?tag=eloabder-20&linkCode=osi&th=1&psc=1"><img src="https://m.media-amazon.com/images/I/41YNfQAjjLL._SL500_.jpg" alt="Product Image"></a><p>Swiss Arabian Layali Rouge - Luxury Products From Dubai - Lasting And Addictive Personal Perfume Oil Fragrance - A Seductive, Signature Aroma - The Luxurious Scent Of Arabia - 0.5 Oz</p><p>$23.48 ($46.96 / Fl Oz)</p><a href="https://www.amazon.com/dp/B07NJJZK3W?tag=eloabder-20&linkCode=osi&th=1&psc=1">View Product</a></div><div class="product"><a href="https://www.amazon.com/dp/B000JL7WQK?tag=eloabder-20&linkCode=osi&th=1&psc=1"><img src="https://m.media-amazon.com/images/I/41WJsYdkRbL._SL500_.jpg" alt="Product Image"></a><p>Vera Wang Princess Eau de Toilette Spray for Women, Vanilla, 3.4 Fl Ounce</p><p>$25.49 ($7.50 / Fl Oz)</p><a href="https://www.amazon.com/dp/B000JL7WQK?tag=eloabder-20&linkCode=osi&th=1&psc=1">View Product</a></div><div class="product"><a href="https://www.amazon.com/dp/B000C1Z5AW?tag=eloabder-20&linkCode=osi&th=1&psc=1"><img src="https://m.media-amazon.com/images/I/31pCnWTh3yL._SL500_.jpg" alt="Product Image"></a><p>Pleasures By Estee Lauder For Women. Eau De Parfum Spray 3.4 Ounces</p><p>$35.00 ($10.29 / Fl Oz)</p><a href="https://www.amazon.com/dp/B000C1Z5AW?tag=eloabder-20&linkCode=osi&th=1&psc=1">View Product</a></div><div class="product"><a href="https://www.amazon.com/dp/B000P22TIY?tag=eloabder-20&linkCode=osi&th=1&psc=1"><img src="https://m.media-amazon.com/images/I/31h9AoIGn3L._SL500_.jpg" alt="Product Image"></a><p>Nautica Voyage Eau De Toilette for Men - Fresh, Romantic, Fruity Scent Woody, Aquatic Notes of Apple, Water Lotus, Cedarwood, and Musk Ideal Day Wear 3.3 Fl Oz</p><p>$18.90 ($5.73 / Fl Oz)</p><a href="https://www.amazon.com/dp/B000P22TIY?tag=eloabder-20&linkCode=osi&th=1&psc=1">View Product</a></div><div class="product"><a href="https://www.amazon.com/dp/B00GZP041Y?tag=eloabder-20&linkCode=osi&th=1&psc=1"><img src="https://m.media-amazon.com/images/I/41-2Bb4gj+L._SL500_.jpg" alt="Product Image"></a><p>Versace Bright Crystal Absolu Eau de Perfume Spray, 3.0 Ounce</p><p>$52.67 ($17.56 / Fl Oz)</p><a href="https://www.amazon.com/dp/B00GZP041Y?tag=eloabder-20&linkCode=osi&th=1&psc=1">View Product</a></div>





<div class="product"><a href="https://www.amazon.com/dp/B0B2RM68G2?tag=eloabder-20&linkCode=osi&th=1&psc=1"><img src="https://m.media-amazon.com/images/I/41VafG53fjL._SL500_.jpg" alt="Product Image"></a><p>BIODANCE Bio-Collagen Real Deep Mask, Hydrating Overnight Hydrogel Mask, Pore Minimizing, Elasticity Improvement, 34g x4ea</p><p>$19.00 ($4.75 / Count)</p><a href="https://www.amazon.com/dp/B0B2RM68G2?tag=eloabder-20&linkCode=osi&th=1&psc=1">View Product</a></div><div class="product"><a href="https://www.amazon.com/dp/B00BAM7F8C?tag=eloabder-20&linkCode=osi&th=1&psc=1"><img src="https://m.media-amazon.com/images/I/51jsS9SDHeL._SL500_.jpg" alt="Product Image"></a><p>DERMAL 16 Combo Pack A Collagen Essencce Korean Face Mask - Hydrating & Soothing Facial Mask with Panthenol - Hypoallergenic Self Care Sheet Mask for All Skin Types - Natural Home Spa Treatment Masks</p><p>$11.99</p><a href="https://www.amazon.com/dp/B00BAM7F8C?tag=eloabder-20&linkCode=osi&th=1&psc=1">View Product</a></div><div class="product"><a href="https://www.amazon.com/dp/B07FPJHPX1?tag=eloabder-20&linkCode=osi&th=1&psc=1"><img src="https://m.media-amazon.com/images/I/51uNOnTpxTL._SL500_.jpg" alt="Product Image"></a><p>Celavi Essence Facial Sheet Face Mask Variety Set Classic Authentic Korean Moisturizing Skincare (12-Packs)</p><p>$9.40 ($0.78 / Count)</p><a href="https://www.amazon.com/dp/B07FPJHPX1?tag=eloabder-20&linkCode=osi&th=1&psc=1">View Product</a></div><div class="product"><a href="https://www.amazon.com/dp/B0722LVW3B?tag=eloabder-20&linkCode=osi&th=1&psc=1"><img src="https://m.media-amazon.com/images/I/51Vm0lozSIL._SL500_.jpg" alt="Product Image"></a><p>DERMAL 24 Combo Pack A Collagen Essence Korean Face Mask - Hydrating & Soothing Facial Mask with Panthenol - Hypoallergenic Self Care Sheet Mask for All Skin Types - Natural Home Spa Treatment Mask</p><p>$16.99 ($0.71 / Count)</p><a href="https://www.amazon.com/dp/B0722LVW3B?tag=eloabder-20&linkCode=osi&th=1&psc=1">View Product</a></div><div class="product"><a href="https://www.amazon.com/dp/B0D7LXSSS5?tag=eloabder-20&linkCode=osi&th=1&psc=1"><img src="https://m.media-amazon.com/images/I/41N5HKnGTtL._SL500_.jpg" alt="Product Image"></a><p>SOYUB Collagen Face Mask - Hydrating Overnight Collagen Face Mask Deep Collagen Anti Wrinkle Lifting Mask - Pure Collagen Films for Improve Elasticity Firming And Moisturizing (4pcs/1 Box)</p><p>$13.79 ($3.45 / Count)</p><a href="https://www.amazon.com/dp/B0D7LXSSS5?tag=eloabder-20&linkCode=osi&th=1&psc=1">View Product</a></div><div class="product"><a href="https://www.amazon.com/dp/B007CY2C76?tag=eloabder-20&linkCode=osi&th=1&psc=1"><img src="https://m.media-amazon.com/images/I/31-131ZWvEL._SL500_.jpg" alt="Product Image"></a><p>Freeman Dead Sea Minerals Anti-Stress Clay Facial Mask, Hydrating & Clarifying, Clears Pores, Face Mask With Lavender & Bergamot For Radiant Skin, For All Skin Types, 6 fl. oz./175 mL Tube, 1 Count</p><p>$3.86 ($0.64 / Ounce)</p><a href="https://www.amazon.com/dp/B007CY2C76?tag=eloabder-20&linkCode=osi&th=1&psc=1">View Product</a></div>



<div class="product"><a href="https://www.amazon.com/dp/B08GSTPT8Y?tag=eloabder-20&linkCode=osi&th=1&psc=1"><img src="https://m.media-amazon.com/images/I/41sX+hKcbML._SL500_.jpg" alt="Product Image"></a><p>AOA Studio Collection makeup Sponge Set Latex Free and High-definition Set of 6 makeup Wonder blender For Powder Cream and Liquid, Super Soft Wonder Beauty Cosmetic</p><p>$9.95 ($1.66 / Count)</p><a href="https://www.amazon.com/dp/B08GSTPT8Y?tag=eloabder-20&linkCode=osi&th=1&psc=1">View Product</a></div><div class="product"><a href="https://www.amazon.com/dp/B0CJFFR574?tag=eloabder-20&linkCode=osi&th=1&psc=1"><img src="https://m.media-amazon.com/images/I/41nkQ05yLcL._SL500_.jpg" alt="Product Image"></a><p>SUNGBOON EDITOR Deep Collagen Overnight Mask 37gx4ea | The real collagen 2,160,000ppb | Facial Hydrogel Masks with low molecular weight collagen for elasticity, firming, and moisturizing</p><p>$19.00 ($4.75 / Count)</p><a href="https://www.amazon.com/dp/B0CJFFR574?tag=eloabder-20&linkCode=osi&th=1&psc=1">View Product</a></div><div class="product"><a href="https://www.amazon.com/dp/B0B45LL4DD?tag=eloabder-20&linkCode=osi&th=1&psc=1"><img src="https://m.media-amazon.com/images/I/31ZNIWikbtL._SL500_.jpg" alt="Product Image"></a><p>Beauty of Joseon Revive Eye Serum with Retinal Niacinamide Correction for Puffy Eye Bags Fine Lines Dark Circles Wrinkles, Korean Skin Care 30ml, 1 fl.oz</p><p>$14.50 ($14.50 / Fl Oz)</p><a href="https://www.amazon.com/dp/B0B45LL4DD?tag=eloabder-20&linkCode=osi&th=1&psc=1">View Product</a></div><div class="product"><a href="https://www.amazon.com/dp/B0C4H1GPG1?tag=eloabder-20&linkCode=osi&th=1&psc=1"><img src="https://m.media-amazon.com/images/I/41jyzyKyY2L._SL500_.jpg" alt="Product Image"></a><p>BEAKEY Latex Free Blender Makeup Sponge for Blending, Pink Makeup Sponge Set, Soft Beauty Sponge, for Flawless Application of Liquid, Cream, and Powder Cosmetics, Pink Makeup Gifts</p><p>$6.99 ($1.40 / Count)</p><a href="https://www.amazon.com/dp/B0C4H1GPG1?tag=eloabder-20&linkCode=osi&th=1&psc=1">View Product</a></div><div class="product"><a href="https://www.amazon.com/dp/B00QPNVC0I?tag=eloabder-20&linkCode=osi&th=1&psc=1"><img src="https://m.media-amazon.com/images/I/31wV3gYUEpL._SL500_.jpg" alt="Product Image"></a><p>Real Techniques Miracle Complexion Sponge Set Duo, 2 Makeup Sponges For Liquid & Cream Makeup, Makeup Blender Sponge For Buildable Coverage, Foundation Sponge For Natural, Dewy Base, Latex-Free Foam</p><p>$7.69 ($3.84 / Count)</p><a href="https://www.amazon.com/dp/B00QPNVC0I?tag=eloabder-20&linkCode=osi&th=1&psc=1">View Product</a></div><div class="product"><a href="https://www.amazon.com/dp/B0CZYJYX4Q?tag=eloabder-20&linkCode=osi&th=1&psc=1"><img src="https://m.media-amazon.com/images/I/31hNatkE-9L._SL500_.jpg" alt="Product Image"></a><p>LANEIGE Lip Glowy Balm Mango: Hydrate, Glossy, Lightweight, Moisturize & Tint with Shea Butter</p><p>$19.00 ($54.29 / Ounce)</p><a href="https://www.amazon.com/dp/B0CZYJYX4Q?tag=eloabder-20&linkCode=osi&th=1&psc=1">View Product</a></div><div class="product"><a href="https://www.amazon.com/dp/B0CXQR14J3?tag=eloabder-20&linkCode=osi&th=1&psc=1"><img src="https://m.media-amazon.com/images/I/31RRaB6c+JL._SL500_.jpg" alt="Product Image"></a><p>e.l.f. Power Grip Dewy Setting Spray, Ultra Fine Mist Made With Hyaluronic Acid, Grips Makeup For A Hydrated, Dewy Finish, Vegan & Cruelty-Free</p><p>$10.00 ($3.70 / Fl Oz)</p><a href="https://www.amazon.com/dp/B0CXQR14J3?tag=eloabder-20&linkCode=osi&th=1&psc=1">View Product</a></div>
<div class="product"><a href="https://www.amazon.com/dp/B0057X7S7I?tag=eloabder-20&linkCode=osi&th=1&psc=1"><img src="https://m.media-amazon.com/images/I/31EGxy1hPjL._SL500_.jpg" alt="Product Image"></a><p>Rimmel Stay Glossy Lip Gloss - Non-Sticky and Lightweight Formula for Lip Color and Shine - 120 Non-Stop Glamour, .18oz</p><p>$3.97</p><a href="https://www.amazon.com/dp/B0057X7S7I?tag=eloabder-20&linkCode=osi&th=1&psc=1">View Product</a></div><div class="product"><a href="https://www.amazon.com/dp/B07MWTH3BY?tag=eloabder-20&linkCode=osi&th=1&psc=1"><img src="https://m.media-amazon.com/images/I/31xb-X48IBL._SL500_.jpg" alt="Product Image"></a><p>e.l.f. Monochromatic Multi Stick, Luxuriously Creamy & Blendable Color, For Eyes, Lips & Cheeks, Glistening Peach, 0.17 oz (5g)</p><p>$5.00</p><a href="https://www.amazon.com/dp/B07MWTH3BY?tag=eloabder-20&linkCode=osi&th=1&psc=1">View Product</a></div><div class="product"><a href="https://www.amazon.com/dp/B0CPFXMMBH?tag=eloabder-20&linkCode=osi&th=1&psc=1"><img src="https://m.media-amazon.com/images/I/21poCyHDdxL._SL500_.jpg" alt="Product Image"></a><p>e.l.f. Instant Lift Waterproof Brow Pencil, Long-Lasting Eyebrow Pencil For Grooming & Shaping Eyebrows, Vegan & Cruelty-free, Taupe</p><p>$3.00</p><a href="https://www.amazon.com/dp/B0CPFXMMBH?tag=eloabder-20&linkCode=osi&th=1&psc=1">View Product</a></div><div class="product"><a href="https://www.amazon.com/dp/B082YQ4QWW?tag=eloabder-20&linkCode=osi&th=1&psc=1"><img src="https://m.media-amazon.com/images/I/31S+aqgvx6L._SL500_.jpg" alt="Product Image"></a><p>wet n wild Mega Last High-Shine Lipstick Lip Color, Infused with Seed Oils For a Nourishing High-Shine, Buildable & Blendable Creamy Color, Cruelty-Free & Vegan - Pinky Ring</p><p>$2.28</p><a href="https://www.amazon.com/dp/B082YQ4QWW?tag=eloabder-20&linkCode=osi&th=1&psc=1">View Product</a></div><div class="product"><a href="https://www.amazon.com/dp/B0BDD7D34M?tag=eloabder-20&linkCode=osi&th=1&psc=1"><img src="https://m.media-amazon.com/images/I/51O5AVRXcUL._SL500_.jpg" alt="Product Image"></a><p>Maskiss 24k Gold Under Eye Patches (25 Pairs), eye mask, Collagen Skin Care Products, Eye Patches for Puffy Eyes, eye masks for dark circles and puffiness</p><p>$14.99 ($0.60 / Count)</p><a href="https://www.amazon.com/dp/B0BDD7D34M?tag=eloabder-20&linkCode=osi&th=1&psc=1">View Product</a></div><div class="product"><a href="https://www.amazon.com/dp/B004BCXEF6?tag=eloabder-20&linkCode=osi&th=1&psc=1"><img src="https://m.media-amazon.com/images/I/31t3gAw-N7L._SL500_.jpg" alt="Product Image"></a><p>L’Oreal Paris Makeup Voluminous Original Volume Building Waterproof Mascara, Carbon Black, 0.23 Fl Oz</p><p>$8.98</p><a href="https://www.amazon.com/dp/B004BCXEF6?tag=eloabder-20&linkCode=osi&th=1&psc=1">View Product</a></div>
<div class="product"><a href="https://www.amazon.com/dp/B0BSZ23FTF?tag=eloabder-20&linkCode=osi&th=1&psc=1"><img src="https://m.media-amazon.com/images/I/31GRN7P2p8L._SL500_.jpg" alt="Product Image"></a><p>Bubble Skincare Slam Dunk Face Moisturizer - Hydrating Face Cream for Dry Skin Made with Vitamin E + Aloe Vera Juice for a Glowing Complexion - Skin Care with Blue Light Protection (50ml)</p><p>$14.98 ($8.81 / Ounce)</p><a href="https://www.amazon.com/dp/B0BSZ23FTF?tag=eloabder-20&linkCode=osi&th=1&psc=1">View Product</a></div><div class="product"><a href="https://www.amazon.com/dp/B08T7DSZYD?tag=eloabder-20&linkCode=osi&th=1&psc=1"><img src="https://m.media-amazon.com/images/I/41WwUSxcyGL._SL500_.jpg" alt="Product Image"></a><p>e.l.f. SKIN Hydrated Ever After Skincare Mini Kit, Cleanser, Makeup Remover, Moisturiser & Eye Cream For Hydrating Skin, Airplane-Friendly Sizes</p><p>$19.99</p><a href="https://www.amazon.com/dp/B08T7DSZYD?tag=eloabder-20&linkCode=osi&th=1&psc=1">View Product</a></div><div class="product"><a href="https://www.amazon.com/dp/B0BSYX57T2?tag=eloabder-20&linkCode=osi&th=1&psc=1"><img src="https://m.media-amazon.com/images/I/31ssRlEo5QL._SL500_.jpg" alt="Product Image"></a><p>Bubble Skincare Bounce Back Balancing Facial Toner Mist - Hydrating Toner Spray + Pore Minimizer Made with Sea Water and Niacinamide to Help Improve Texture & Radiance (55ml)</p><p>$12.99 ($7.22 / Fl Oz)</p><a href="https://www.amazon.com/dp/B0BSYX57T2?tag=eloabder-20&linkCode=osi&th=1&psc=1">View Product</a></div><div class="product"><a href="https://www.amazon.com/dp/B000VPPUEA?tag=eloabder-20&linkCode=osi&th=1&psc=1"><img src="https://m.media-amazon.com/images/I/31e4JzjWhkL._SL500_.jpg" alt="Product Image"></a><p>Bio-Oil Skincare Body Oil, Vitamin E, Serum for Scars & Stretchmarks, Face & Body Moisturizer, 2 oz, All Skin Types</p><p>$11.12 ($5.56 / Fl Oz)</p><a href="https://www.amazon.com/dp/B000VPPUEA?tag=eloabder-20&linkCode=osi&th=1&psc=1">View Product</a></div><div class="product"><a href="https://www.amazon.com/dp/B0C2JPBNFX?tag=eloabder-20&linkCode=osi&th=1&psc=1"><img src="https://m.media-amazon.com/images/I/51LF1OXoo0L._SL500_.jpg" alt="Product Image"></a><p>Celavi K-Beauty Skincare Essence Facial Face Mask Korea Skin Care Moisturizing B Set 12 Pack</p><p>$9.99 ($0.83 / Count)</p><a href="https://www.amazon.com/dp/B0C2JPBNFX?tag=eloabder-20&linkCode=osi&th=1&psc=1">View Product</a></div><div class="product"><a href="https://www.amazon.com/dp/B0BSYJYQY2?tag=eloabder-20&linkCode=osi&th=1&psc=1"><img src="https://m.media-amazon.com/images/I/31aQkQwjJYL._SL500_.jpg" alt="Product Image"></a><p>Bubble Skincare Level Up Balancing Face Moisturizer - Hydrating Gel Moisturizer Formulated with Zinc PCA + Niacinamide for Improved Texture & Radiance - Skin Care for Oily or Combination Skin (50ml)</p><p>$14.99 ($8.87 / Fl Oz)</p><a href="https://www.amazon.com/dp/B0BSYJYQY2?tag=eloabder-20&linkCode=osi&th=1&psc=1">View Product</a></div><div class="product"><a href="https://www.amazon.com/dp/B0B826XRPH?tag=eloabder-20&linkCode=osi&th=1&psc=1"><img src="https://m.media-amazon.com/images/I/516nsOEA-mL._SL500_.jpg" alt="Product Image"></a><p>AURUZA Ice Face Roller and Gua Sha Set, Ice Roller for Face & Eye Puffiness Relief Beauty Facial Rollers Mold Icing Massage Skin Care Tools for Brighten Lubricate Shrink Pores Remove Fine Lines</p><p>$5.49</p><a href="https://www.amazon.com/dp/B0B826XRPH?tag=eloabder-20&linkCode=osi&th=1&psc=1">View Product</a></div><div class="product"><a href="https://www.amazon.com/dp/B0BS8Y2FLK?tag=eloabder-20&linkCode=osi&th=1&psc=1"><img src="https://m.media-amazon.com/images/I/41CX-bGjaRL._SL500_.jpg" alt="Product Image"></a><p>PEAUAMIE Under Eye Patches (30 Pairs) Gold Eye Mask and Hyaluronic Acid Eye Patches for puffy eyes,Rose Eye Masks for Dark Circles and Puffiness under eye skin care Smooth Wrinkles products</p><p>$9.99 ($0.33 / Count)</p><a href="https://www.amazon.com/dp/B0BS8Y2FLK?tag=eloabder-20&linkCode=osi&th=1&psc=1">View Product</a></div><div class="product"><a href="https://www.amazon.com/dp/B09NXS395V?tag=eloabder-20&linkCode=osi&th=1&psc=1"><img src="https://m.media-amazon.com/images/I/41ZHn0qwWwL._SL500_.jpg" alt="Product Image"></a><p>NAZANO Under Eye Patches - 60 Pcs - 24K Gold Eye Mask- Puffy Eyes & Dark Circles Treatments,Reduce Under Eye Bags and Smooth Wrinkles,Eye Skin Care Pads With Collagen,Hyaluronic Acid & Castor Oil</p><p>$8.99 ($0.30 / Count)</p><a href="https://www.amazon.com/dp/B09NXS395V?tag=eloabder-20&linkCode=osi&th=1&psc=1">View Product</a></div>
<div class="product"><a href="https://www.amazon.com/dp/B01N9SPQHQ?tag=eloabder-20&linkCode=osi&th=1&psc=1"><img src="https://m.media-amazon.com/images/I/41NHgWAaYAL._SL500_.jpg" alt="Product Image"></a><p>La Roche-Posay Toleriane Double Repair Face Moisturizer, Daily Moisturizer Face Cream with Ceramide and Niacinamide for All Skin Types, Oil Free, Fragrance Free</p><p>$23.99 ($7.10 / Fl Oz)</p><a href="https://www.amazon.com/dp/B01N9SPQHQ?tag=eloabder-20&linkCode=osi&th=1&psc=1">View Product</a></div><div class="product"><a href="https://www.amazon.com/dp/B00TTD9BRC?tag=eloabder-20&linkCode=osi&th=1&psc=1"><img src="https://m.media-amazon.com/images/I/41Kc6H7fboL._SL500_.jpg" alt="Product Image"></a><p>CeraVe Moisturizing Cream | Body and Face Moisturizer for Dry Skin | Body Cream with Hyaluronic Acid and Ceramides | Daily Moisturizer | Oil-Free | Fragrance Free | Non-Comedogenic | 19 Ounce</p><p>$17.78 ($0.94 / Ounce)</p><a href="https://www.amazon.com/dp/B00TTD9BRC?tag=eloabder-20&linkCode=osi&th=1&psc=1">View Product</a></div><div class="product"><a href="https://www.amazon.com/dp/B00NR1YQHM?tag=eloabder-20&linkCode=osi&th=1&psc=1"><img src="https://m.media-amazon.com/images/I/41yzZFTW63L._SL500_.jpg" alt="Product Image"></a><p>Neutrogena Hydro Boost Face Moisturizer with Hyaluronic Acid for Dry Skin, Oil-Free and Non-Comedogenic Water Gel Face Lotion, 1.7 oz</p><p>$13.31 ($7.83 / Ounce)</p><a href="https://www.amazon.com/dp/B00NR1YQHM?tag=eloabder-20&linkCode=osi&th=1&psc=1">View Product</a></div><div class="product"><a href="https://www.amazon.com/dp/B00HNSSPHC?tag=eloabder-20&linkCode=osi&th=1&psc=1"><img src="https://m.media-amazon.com/images/I/41rWFzQZdOL._SL500_.jpg" alt="Product Image"></a><p>Neutrogena Triple Age Repair Anti-Aging Daily Facial Moisturizer with SPF 25 Sunscreen & Vitamin C, Firming Anti-Wrinkle Face & Neck Cream for Dark Spots, Glycerin & Shea Butter, 1.7 oz</p><p>$19.56 ($11.51 / Ounce)</p><a href="https://www.amazon.com/dp/B00HNSSPHC?tag=eloabder-20&linkCode=osi&th=1&psc=1">View Product</a></div><div class="product"><a href="https://www.amazon.com/dp/B000YJ2SLG?tag=eloabder-20&linkCode=osi&th=1&psc=1"><img src="https://m.media-amazon.com/images/I/31J9bWXnQ+L._SL500_.jpg" alt="Product Image"></a><p>CeraVe Daily Moisturizing Lotion for Dry Skin | Body Lotion & Face Moisturizer with Hyaluronic Acid and Ceramides | Daily Moisturizer | Fragrance Free | Oil-Free | 12 Ounce</p><p>$13.68 ($1.14 / Fl Oz)</p><a href="https://www.amazon.com/dp/B000YJ2SLG?tag=eloabder-20&linkCode=osi&th=1&psc=1">View Product</a></div><div class="product"><a href="https://www.amazon.com/dp/B099N1LC4R?tag=eloabder-20&linkCode=osi&th=1&psc=1"><img src="https://m.media-amazon.com/images/I/41lZIG8wQNL._SL500_.jpg" alt="Product Image"></a><p>Cetaphil Face & Body Moisturizer, Hydrating Moisturizing Cream For Dry To Very Dry, Sensitive Skin, NEW 20 Oz, Fragrance Free, Non-Comedogenic, Non-Greasy (Packaging May Vary)</p><p>$15.97 ($0.80 / Ounce)</p><a href="https://www.amazon.com/dp/B099N1LC4R?tag=eloabder-20&linkCode=osi&th=1&psc=1">View Product</a></div><div class="product"><a href="https://www.amazon.com/dp/B01H20MA62?tag=eloabder-20&linkCode=osi&th=1&psc=1"><img src="https://m.media-amazon.com/images/I/41xuvNUpUML._SL500_.jpg" alt="Product Image"></a><p>Cetaphil Face & Body Moisturizer, Hydrating Moisturizing Cream for Dry to Very Dry, Sensitive Skin, NEW 16 Oz 2 Pack, Fragrance Free, Non-Comedogenic, Non-Greasy</p><p>$19.48 ($0.61 / Ounce)</p><a href="https://www.amazon.com/dp/B01H20MA62?tag=eloabder-20&linkCode=osi&th=1&psc=1">View Product</a></div><div class="product"><a href="https://www.amazon.com/dp/B01NCWV3KM?tag=eloabder-20&linkCode=osi&th=1&psc=1"><img src="https://m.media-amazon.com/images/I/41Q1ESUhSeL._SL500_.jpg" alt="Product Image"></a><p>La Roche-Posay Toleriane Double Repair UV SPF Moisturizer for Face, Daily Facial Moisturizer with Sunscreen SPF 30, Niacinamide and Glycerin, Oil Free, Moisturizing Sun Protection</p><p>$24.99 ($10.00 / Fl Oz)</p><a href="https://www.amazon.com/dp/B01NCWV3KM?tag=eloabder-20&linkCode=osi&th=1&psc=1">View Product</a></div>
<div class="product"><a href="https://www.amazon.com/dp/B07P5TMHD9?tag=eloabder-20&linkCode=osi&th=1&psc=1"><img src="https://m.media-amazon.com/images/I/51xr2lw0Y7L._SL500_.jpg" alt="Product Image"></a><p>Vitamin C Face Serum - Dark Spot Remover Facial Serum, Vit C Serum with Hyaluronic Acid, Ferulic Acid, & Vit E - Anti Aging and Skin Brightening Serum, Pure Vitamin C Serum Skin Care</p><p>$9.98</p><a href="https://www.amazon.com/dp/B07P5TMHD9?tag=eloabder-20&linkCode=osi&th=1&psc=1">View Product</a></div><div class="product"><a href="https://www.amazon.com/dp/B014PGEEO2?tag=eloabder-20&linkCode=osi&th=1&psc=1"><img src="https://m.media-amazon.com/images/I/51v+djIfQGL._SL500_.jpg" alt="Product Image"></a><p>Tree of Life Facial Serum Set for Face, Brightening, Firming, Hydrating, Dry Skin, Dermatologist Tested - Trio Power Skin Care Set, Vitamin C, Retinol and Hyaluronic Acid, 3 count of 1 Fl Oz</p><p>$19.99 ($6.66 / Fl Oz)</p><a href="https://www.amazon.com/dp/B014PGEEO2?tag=eloabder-20&linkCode=osi&th=1&psc=1">View Product</a></div><div class="product"><a href="https://www.amazon.com/dp/B08R994Q1L?tag=eloabder-20&linkCode=osi&th=1&psc=1"><img src="https://m.media-amazon.com/images/I/418KUv8uVkL._SL500_.jpg" alt="Product Image"></a><p>Good Molecules Niacinamide Serum - 10% Niacinamide Balancing B3 Facial Serum for Acne, Tone, Texture - Brightening and Hydrating Skincare for Face</p><p>$6.00</p><a href="https://www.amazon.com/dp/B08R994Q1L?tag=eloabder-20&linkCode=osi&th=1&psc=1">View Product</a></div><div class="product"><a href="https://www.amazon.com/dp/B07VWSN95S?tag=eloabder-20&linkCode=osi&th=1&psc=1"><img src="https://m.media-amazon.com/images/I/411Y0nzh9zL._SL500_.jpg" alt="Product Image"></a><p>CeraVe Retinol Serum for Post-Acne Marks and Skin Texture | Pore Refining, Resurfacing, Brightening Facial Serum with Retinol and Niacinamide | Fragrance Free, Paraben Free & Non-Comedogenic| 1 Oz</p><p>$18.68</p><a href="https://www.amazon.com/dp/B07VWSN95S?tag=eloabder-20&linkCode=osi&th=1&psc=1">View Product</a></div><div class="product"><a href="https://www.amazon.com/dp/B08L8B5JR2?tag=eloabder-20&linkCode=osi&th=1&psc=1"><img src="https://m.media-amazon.com/images/I/51Ee0RzYONL._SL500_.jpg" alt="Product Image"></a><p>Vibriance Super C Serum for Mature Skin, Made in USA, All-In-One Formula Hydrates, Firms, Lifts, Smooths, Targets Age Spots, Wrinkles, Vitamin C Serum; 1 fl oz</p><p>$32.90</p><a href="https://www.amazon.com/dp/B08L8B5JR2?tag=eloabder-20&linkCode=osi&th=1&psc=1">View Product</a></div><div class="product"><a href="https://www.amazon.com/dp/B0CLLV2T1P?tag=eloabder-20&linkCode=osi&th=1&psc=1"><img src="https://m.media-amazon.com/images/I/31ZBa-zgbjL._SL500_.jpg" alt="Product Image"></a><p>Anua 10% Niacinamide+ 4% Tranexamic Acid Serum, Ceramide, Hyaluronic Acid, Vitamin B12 natural color, for Sensitive skin, Korean Glass Skin, Fragrance-Free (30ml /1.01 fl.oz.)</p><p>$19.00 ($18.81 / Fl Oz)</p><a href="https://www.amazon.com/dp/B0CLLV2T1P?tag=eloabder-20&linkCode=osi&th=1&psc=1">View Product</a></div><div class="product"><a href="https://www.amazon.com/dp/B08TM8DLFJ?tag=eloabder-20&linkCode=osi&th=1&psc=1"><img src="https://m.media-amazon.com/images/I/41g0Mg7pRIL._SL500_.jpg" alt="Product Image"></a><p>Good Molecules Hyaluronic Acid Serum - Hydrating, Non-greasy formula to Moisturize, Plump - 1% HA, Anti-aging, Water-Based Skincare for Face</p><p>$6.00 ($6.00 / Fl Oz)</p><a href="https://www.amazon.com/dp/B08TM8DLFJ?tag=eloabder-20&linkCode=osi&th=1&psc=1">View Product</a></div><div class="product"><a href="https://www.amazon.com/dp/B01B5G45R6?tag=eloabder-20&linkCode=osi&th=1&psc=1"><img src="https://m.media-amazon.com/images/I/51JgyVg967L._SL500_.jpg" alt="Product Image"></a><p>artnaturals Anti-Aging-Set with Vitamin-C Retinol and Hyaluronic-Acid - (3 x 1 Fl Oz / 30ml) Serum for Anti Wrinkle and Dark Circle Remover – All Natural and Moisturizing</p><p>$24.95 ($8.32 / Fl Oz)</p><a href="https://www.amazon.com/dp/B01B5G45R6?tag=eloabder-20&linkCode=osi&th=1&psc=1">View Product</a></div><div class="product"><a href="https://www.amazon.com/dp/B086VKZZZY?tag=eloabder-20&linkCode=osi&th=1&psc=1"><img src="https://m.media-amazon.com/images/I/31l7jUL7jOL._SL500_.jpg" alt="Product Image"></a><p>Beauty of Joseon Glow Serum Propolis and Niacinamide Hydrating Facial Soothing Moisturizer for Irritated Uneven Skin Tone, Korean Skin Care 30ml, 1 fl.oz</p><p>$13.60 ($13.47 / Fl Oz)</p><a href="https://www.amazon.com/dp/B086VKZZZY?tag=eloabder-20&linkCode=osi&th=1&psc=1">View Product</a></div>
<div class="product"><a href="https://www.amazon.com/dp/B0CYGT3CR4?tag=eloabder-20&linkCode=osi&th=1&psc=1"><img src="https://m.media-amazon.com/images/I/51LbfzrqiUL._SL500_.jpg" alt="Product Image"></a><p>KONEUK 14 Pack Sheet Face Masks Skincare for All Skin Types, Hydrating Face Masks Suitable for Sensitive Skin, Bulk Facial Mask Set for Women Skin Care, Face Mask Gifts Set for Face Spa</p><p>$8.99 ($0.64 / Count)</p><a href="https://www.amazon.com/dp/B0CYGT3CR4?tag=eloabder-20&linkCode=osi&th=1&psc=1">View Product</a></div><div class="product"><a href="https://www.amazon.com/dp/B01N37AK8V?tag=eloabder-20&linkCode=osi&th=1&psc=1"><img src="https://m.media-amazon.com/images/I/41zyExDkGCL._SL500_.jpg" alt="Product Image"></a><p>Ebanel 10 Pack Collagen Face Mask, Instant Brightening & Hydrating Face Sheet Mask with Aloe Vera, Hyaluronic Acid, Vitamin C and E, Chamomile, Anti Aging Face Mask with Hydrolyzed Collagen, Peptide</p><p>$13.99 ($1.40 / Count)</p><a href="https://www.amazon.com/dp/B01N37AK8V?tag=eloabder-20&linkCode=osi&th=1&psc=1">View Product</a></div><div class="product"><a href="https://www.amazon.com/dp/B07C3NBJ33?tag=eloabder-20&linkCode=osi&th=1&psc=1"><img src="https://m.media-amazon.com/images/I/51DMM9KU+AL._SL500_.jpg" alt="Product Image"></a><p>GLAM UP Premium Facial Sheet Mask 12 Combo (Pack of 12) | Clean Face Masks Skincare, Hydrating Face Masks, Moisturizing, Soothing, Beauty Mask For All Skin Type Variety Beauty Mask Set</p><p>$13.20 ($1.10 / Count)</p><a href="https://www.amazon.com/dp/B07C3NBJ33?tag=eloabder-20&linkCode=osi&th=1&psc=1">View Product</a></div><div class="product"><a href="https://www.amazon.com/dp/B0B5XTMJMJ?tag=eloabder-20&linkCode=osi&th=1&psc=1"><img src="https://m.media-amazon.com/images/I/61voysA0eEL._SL500_.jpg" alt="Product Image"></a><p>Meleell Collagen Sheet Face Masks Skincare Bulk Pack,Hydrating Spa Face Mask For Sensitive Skin,Anti Aging Facial Masks Sets For Women/Teen Girls(40 Combo Pack)</p><p>$25.99 ($0.65 / Count)</p><a href="https://www.amazon.com/dp/B0B5XTMJMJ?tag=eloabder-20&linkCode=osi&th=1&psc=1">View Product</a></div><div class="product"><a href="https://www.amazon.com/dp/B0CR6NHHVL?tag=eloabder-20&linkCode=osi&th=1&psc=1"><img src="https://m.media-amazon.com/images/I/514yWBJNkFL._SL500_.jpg" alt="Product Image"></a><p>Kaely 10 Pack Variety Sheet Masks,Spa Face Masks for Kids Skin Care,Facial Mask Skincare Set Korean,Moisturize,Brighten,Nourish for All Skin Types,Birthday Gifts for Women Men Boys Girls,Set01</p><p>$8.99 ($0.90 / Count)</p><a href="https://www.amazon.com/dp/B0CR6NHHVL?tag=eloabder-20&linkCode=osi&th=1&psc=1">View Product</a></div><div class="product"><a href="https://www.amazon.com/dp/B086V843R8?tag=eloabder-20&linkCode=osi&th=1&psc=1"><img src="https://m.media-amazon.com/images/I/410evC+SQHL._SL500_.jpg" alt="Product Image"></a><p>ANAI RUI Turmeric Clay Mask - Green Tea Clay Mask - Dead Sea Minerals Mud Mask, Spa Facial Mask Set, Face Mask Gift Set 2.5 oz each</p><p>$22.99</p><a href="https://www.amazon.com/dp/B086V843R8?tag=eloabder-20&linkCode=osi&th=1&psc=1">View Product</a></div><div class="product"><a href="https://www.amazon.com/dp/B07JMTMHGS?tag=eloabder-20&linkCode=osi&th=1&psc=1"><img src="https://m.media-amazon.com/images/I/41PeKCZ7NtL._SL500_.jpg" alt="Product Image"></a><p>LAPCOS Aloe Sheet Mask, Daily Face Mask with Cucumber and Aloe Gel to Calm and Moisturize Skin, Korean Beauty Favorite, 5-Pack</p><p>$20.00 ($4.00 / count)</p><a href="https://www.amazon.com/dp/B07JMTMHGS?tag=eloabder-20&linkCode=osi&th=1&psc=1">View Product</a></div><div class="product"><a href="https://www.amazon.com/dp/B0CMQKTJDQ?tag=eloabder-20&linkCode=osi&th=1&psc=1"><img src="https://m.media-amazon.com/images/I/51oosdS4y8L._SL500_.jpg" alt="Product Image"></a><p>VESPRO 100 Pack Collagen Essence Sheet Facial Masks, Bulk Face Masks Skincare, Hydrating Face Masks for All Skin Types, Moisturizing and Soothing, Natural Skin Care Spa Face Mask</p><p>$45.99 ($0.46 / Count)</p><a href="https://www.amazon.com/dp/B0CMQKTJDQ?tag=eloabder-20&linkCode=osi&th=1&psc=1">View Product</a></div><div class="product"><a href="https://www.amazon.com/dp/B0B41LVMJ3?tag=eloabder-20&linkCode=osi&th=1&psc=1"><img src="https://m.media-amazon.com/images/I/51xduFirI6L._SL500_.jpg" alt="Product Image"></a><p>#OOTD Collagen Hydrating Sheet Masks for Face Korean Anti Aging Mask Sheet for Dry Skin & Sensitive Skin, EVE Vegan, Not Tested on Animals, No Parabens, No Sulfates, Hyaluronic Acid, Witch Hazel 10EA</p><p>$18.00 ($1.80 / Count)</p><a href="https://www.amazon.com/dp/B0B41LVMJ3?tag=eloabder-20&linkCode=osi&th=1&psc=1">View Product</a></div>
<div class="product"><a href="https://www.amazon.com/dp/B01N34XW93?tag=eloabder-20&linkCode=osi&th=1&psc=1"><img src="https://m.media-amazon.com/images/I/31OMOTCxlmL._SL500_.jpg" alt="Product Image"></a><p>La Roche-Posay Toleriane Purifying Foaming Facial Cleanser, Oil Free Face Wash for Oily Skin and for Sensitive Skin with Niacinamide, Pore Cleanser Won’t Dry Out Skin, Unscented</p><p>$17.99 ($1.33 / Fl Oz)</p><a href="https://www.amazon.com/dp/B01N34XW93?tag=eloabder-20&linkCode=osi&th=1&psc=1">View Product</a></div><div class="product"><a href="https://www.amazon.com/dp/B01MSSDEPK?tag=eloabder-20&linkCode=osi&th=1&psc=1"><img src="https://m.media-amazon.com/images/I/41YuSwjJUIL._SL500_.jpg" alt="Product Image"></a><p>CeraVe Hydrating Facial Cleanser | Moisturizing Face Wash For Dry Skin | Hyaluronic Acid + Ceramides + Glycerin | Hydrating Cleanser For Normal To Dry Skin | National Eczema Assosiation Certified</p><p>$15.48 ($0.97 / Fl Oz)</p><a href="https://www.amazon.com/dp/B01MSSDEPK?tag=eloabder-20&linkCode=osi&th=1&psc=1">View Product</a></div><div class="product"><a href="https://www.amazon.com/dp/B01N7T7JKJ?tag=eloabder-20&linkCode=osi&th=1&psc=1"><img src="https://m.media-amazon.com/images/I/31VXK3y1KYL._SL500_.jpg" alt="Product Image"></a><p>La Roche-Posay Toleriane Hydrating Gentle Face Cleanser, Daily Facial Cleanser with Niacinamide and Ceramides for Sensitive Skin, Moisturizing Face Wash for Normal to Dry Skin, Fragrance Free</p><p>$17.99 ($1.33 / Fl Oz)</p><a href="https://www.amazon.com/dp/B01N7T7JKJ?tag=eloabder-20&linkCode=osi&th=1&psc=1">View Product</a></div><div class="product"><a href="https://www.amazon.com/dp/B01N1LL62W?tag=eloabder-20&linkCode=osi&th=1&psc=1"><img src="https://m.media-amazon.com/images/I/41kwN8dWWzL._SL500_.jpg" alt="Product Image"></a><p>CeraVe Foaming Facial Cleanser | Daily Face Wash for Oily Skin with Hyaluronic Acid, Ceramides, and Niacinamide| Fragrance Free | 16 Fluid Ounce</p><p>$15.19 ($0.95 / Fl Oz)</p><a href="https://www.amazon.com/dp/B01N1LL62W?tag=eloabder-20&linkCode=osi&th=1&psc=1">View Product</a></div><div class="product"><a href="https://www.amazon.com/dp/B00U1YCRD8?tag=eloabder-20&linkCode=osi&th=1&psc=1"><img src="https://m.media-amazon.com/images/I/31LVb8KvKwL._SL500_.jpg" alt="Product Image"></a><p>CeraVe SA Cleanser | Salicylic Acid Cleanser with Hyaluronic Acid, Niacinamide & Ceramides| BHA Exfoliant for Face | Fragrance Free Non-Comedogenic | 8 Ounce</p><p>$12.37 ($1.55 / Ounce)</p><a href="https://www.amazon.com/dp/B00U1YCRD8?tag=eloabder-20&linkCode=osi&th=1&psc=1">View Product</a></div><div class="product"><a href="https://www.amazon.com/dp/B0BVV8BNYJ?tag=eloabder-20&linkCode=osi&th=1&psc=1"><img src="https://m.media-amazon.com/images/I/31tSZvBReoL._SL500_.jpg" alt="Product Image"></a><p>ANUA Heartleaf Quercetinol Pore Deep Cleansing Foam, Facial Cleanser, for Double Cleansing, BHA, Hyaluronic Acid, Glycerin, Face Wash, Blackhead Remover, Korean Skincare (150ml/5.07 fl.oz.)</p><p>$13.00 ($2.56 / Fl Oz)</p><a href="https://www.amazon.com/dp/B0BVV8BNYJ?tag=eloabder-20&linkCode=osi&th=1&psc=1">View Product</a></div><div class="product"><a href="https://www.amazon.com/dp/B00QY1XZ4W?tag=eloabder-20&linkCode=osi&th=1&psc=1"><img src="https://m.media-amazon.com/images/I/319pG+OQZxL._SL500_.jpg" alt="Product Image"></a><p>Vanicream Gentle Facial Cleanser with Pump Dispenser - 8 fl oz - Formulated Without Common Irritants for Those with Sensitive Skin</p><p>$8.86 ($1.11 / Fl Oz)</p><a href="https://www.amazon.com/dp/B00QY1XZ4W?tag=eloabder-20&linkCode=osi&th=1&psc=1">View Product</a></div><div class="product"><a href="https://www.amazon.com/dp/B016NRXO06?tag=eloabder-20&linkCode=osi&th=1&psc=1"><img src="https://m.media-amazon.com/images/I/31jSFIvh2TS._SL500_.jpg" alt="Product Image"></a><p>COSRX Low pH Good Morning Gel Cleanser, Daily Mild Face Cleanser for Sensitive Skin with BHA & Tea-Tree Oil, PH Balancing, Korean Skincare (5.07fl.oz/150ml)</p><p>$11.49 ($2.27 / Fl Oz)</p><a href="https://www.amazon.com/dp/B016NRXO06?tag=eloabder-20&linkCode=osi&th=1&psc=1">View Product</a></div><div class="product"><a href="https://www.amazon.com/dp/B09Y4HHY1P?tag=eloabder-20&linkCode=osi&th=1&psc=1"><img src="https://m.media-amazon.com/images/I/41Crw80Q3yL._SL500_.jpg" alt="Product Image"></a><p>Cetaphil Face Wash, Daily Facial Cleanser for Sensitive, Combination to Oily Skin, NEW 16 oz, Fragrance Free, Gentle Foaming, Soap Free, Hypoallergenic (Packaging May Vary)</p><p>$11.97 ($0.75 / Fl Oz)</p><a href="https://www.amazon.com/dp/B09Y4HHY1P?tag=eloabder-20&linkCode=osi&th=1&psc=1">View Product</a></div><div class="product"><a href="https://www.amazon.com/dp/B0BN2PX8V3?tag=eloabder-20&linkCode=osi&th=1&psc=1"><img src="https://m.media-amazon.com/images/I/31n4TECLwuL._SL500_.jpg" alt="Product Image"></a><p>ANUA Heartleaf Pore Control Cleansing Oil, Oil Cleanser for Face, Makeup Blackhead Remover, Korean Skin Care 6.76 fl oz(200ml) (original)</p><p>$17.69 ($2.64 / Fl Oz)</p><a href="https://www.amazon.com/dp/B0BN2PX8V3?tag=eloabder-20&linkCode=osi&th=1&psc=1">View Product</a></div>
<div class="product"><a href="https://www.amazon.com/dp/B08CMS8P67?tag=eloabder-20&linkCode=osi&th=1&psc=1"><img src="https://m.media-amazon.com/images/I/31LVyuSsJEL._SL500_.jpg" alt="Product Image"></a><p>Anua Heartleaf 77 Soothing Toner I pH 5.5 Trouble Care, Calming Skin, Refreshing, Hydrating, Purifying, Cruelty Free, Vegan,(250ml / 8.45 fl.oz.)</p><p>$19.69 ($2.33 / Fl Oz)</p><a href="https://www.amazon.com/dp/B08CMS8P67?tag=eloabder-20&linkCode=osi&th=1&psc=1">View Product</a></div><div class="product"><a href="https://www.amazon.com/dp/B09LKXR62L?tag=eloabder-20&linkCode=osi&th=1&psc=1"><img src="https://m.media-amazon.com/images/I/31D6ydy59dL._SL500_.jpg" alt="Product Image"></a><p>CeraVe Hydrating Toner for Face Non-Alcoholic with Hyaluronic Acid, Niacinamide, and Ceramides for Sensitive Dry Skin, Fragrance-Free Non Comedogenic, Full Size, 6.8 Fl Oz</p><p>$9.86 ($1.45 / Ounce)</p><a href="https://www.amazon.com/dp/B09LKXR62L?tag=eloabder-20&linkCode=osi&th=1&psc=1">View Product</a></div><div class="product"><a href="https://www.amazon.com/dp/B0CG1H8YRS?tag=eloabder-20&linkCode=osi&th=1&psc=1"><img src="https://m.media-amazon.com/images/I/31OZES5j9LL._SL500_.jpg" alt="Product Image"></a><p>TIRTIR Milk Skin Rice Toner | Deep Moisturizing, Instant Glow, 2% Niacinamide, Rice Bran Extract, Ceramide, Panthenol, Cruelty-Free, Fungal Acne Friendly, Vegan, 5.07 fl.oz.</p><p>$24.99 ($4.93 / Fl Oz)</p><a href="https://www.amazon.com/dp/B0CG1H8YRS?tag=eloabder-20&linkCode=osi&th=1&psc=1">View Product</a></div><div class="product"><a href="https://www.amazon.com/dp/B007HD570Q?tag=eloabder-20&linkCode=osi&th=1&psc=1"><img src="https://m.media-amazon.com/images/I/31uC8ENEVqL._SL500_.jpg" alt="Product Image"></a><p>Thayers Alcohol-Free, Hydrating Rose Petal Witch Hazel Facial Toner with Aloe Vera Formula, Vegan, Dermatologist Tested and Recommended, 12 Oz</p><p>$10.53 ($0.88 / Fl Oz)</p><a href="https://www.amazon.com/dp/B007HD570Q?tag=eloabder-20&linkCode=osi&th=1&psc=1">View Product</a></div><div class="product"><a href="https://www.amazon.com/dp/B01LZK411L?tag=eloabder-20&linkCode=osi&th=1&psc=1"><img src="https://m.media-amazon.com/images/I/31la+He5vRL._SL500_.jpg" alt="Product Image"></a><p>ACWELL Licorice pH Balancing Korean Toner for Cleansing 5.07 fl.oz. - Alcohol-Free PH5.5 Hydrating Facial Astringent - Skin Clarifying & Hydration Boosting Toner</p><p>$16.00 ($3.14 / Fl Oz)</p><a href="https://www.amazon.com/dp/B01LZK411L?tag=eloabder-20&linkCode=osi&th=1&psc=1">View Product</a></div><div class="product"><a href="https://www.amazon.com/dp/B07BYJF7L7?tag=eloabder-20&linkCode=osi&th=1&psc=1"><img src="https://m.media-amazon.com/images/I/31+G3Xc+J7L._SL500_.jpg" alt="Product Image"></a><p>SOME BY MI AHA BHA PHA 30 Days Miracle Toner - 5.07Oz, 150ml - Made from Tea Tree Water for Sensitive Skin - Mild Exfoliating Daily Face Toner - Skin Wastes, Sebum and Oiliness Care - Korean Skin Care</p><p>$12.00 ($2.37 / Fl Oz)</p><a href="https://www.amazon.com/dp/B07BYJF7L7?tag=eloabder-20&linkCode=osi&th=1&psc=1">View Product</a></div><div class="product"><a href="https://www.amazon.com/dp/B00LO2RO7K?tag=eloabder-20&linkCode=osi&th=1&psc=1"><img src="https://m.media-amazon.com/images/I/31Wb52+KYzL._SL500_.jpg" alt="Product Image"></a><p>La Roche-Posay Effaclar Clarifying Solution Acne Toner with Salicylic Acid and Glycolic Acid, Pore Refining Oily Skin Toner, Gentle Exfoliant to Unclog Pores and Remove Dead Skin Cells</p><p>$16.99 ($2.51 / Fl Oz)</p><a href="https://www.amazon.com/dp/B00LO2RO7K?tag=eloabder-20&linkCode=osi&th=1&psc=1">View Product</a></div><div class="product"><a href="https://www.amazon.com/dp/B008EPPIQ4?tag=eloabder-20&linkCode=osi&th=1&psc=1"><img src="https://m.media-amazon.com/images/I/31-lQL0AkZL._SL500_.jpg" alt="Product Image"></a><p>Paula's Choice Skin Balancing Pore-Reducing Toner for Combination and Oily Skin, Minimizes Large Pores, 6.4 Fluid Ounce Bottle</p><p>$26.00 ($4.06 / Fl Oz)</p><a href="https://www.amazon.com/dp/B008EPPIQ4?tag=eloabder-20&linkCode=osi&th=1&psc=1">View Product</a></div><div class="product"><a href="https://www.amazon.com/dp/B073P6BPF5?tag=eloabder-20&linkCode=osi&th=1&psc=1"><img src="https://m.media-amazon.com/images/I/31hqlVDLizL._SL500_.jpg" alt="Product Image"></a><p>COSRX AHA/BHA Clarifying Treatment Toner, 5.07 fl.oz / 150ml | Exfoliating Facial Spray | Korean Skin Care, Hydrating, Mild Exfoliation, Vegan, Animal Testing Free, Paraben Free</p><p>$10.75 ($2.11 / Fl Oz)</p><a href="https://www.amazon.com/dp/B073P6BPF5?tag=eloabder-20&linkCode=osi&th=1&psc=1">View Product</a></div>
<div class="product"><a href="https://www.amazon.com/dp/B07C5SS6YD?tag=eloabder-20&linkCode=osi&th=1&psc=1"><img src="https://m.media-amazon.com/images/I/31tzIszvgAL._SL500_.jpg" alt="Product Image"></a><p>Paula's Choice Skin Perfecting 2% BHA Liquid Salicylic Acid Exfoliant, Gentle Facial Exfoliator for Blackheads, Large Pores, Wrinkles & Fine Lines, Travel Size, 1 Fluid Ounce</p><p>$14.00</p><a href="https://www.amazon.com/dp/B07C5SS6YD?tag=eloabder-20&linkCode=osi&th=1&psc=1">View Product</a></div><div class="product"><a href="https://www.amazon.com/dp/B07VW3YSWH?tag=eloabder-20&linkCode=osi&th=1&psc=1"><img src="https://m.media-amazon.com/images/I/410j9ZFktHL._SL500_.jpg" alt="Product Image"></a><p>Tree Hut Vitamin C Shea Sugar Scrub, 18 oz, Ultra Hydrating and Exfoliating Scrub for Nourishing Essential Body Care</p><p>$8.94 ($0.50 / Ounce)</p><a href="https://www.amazon.com/dp/B07VW3YSWH?tag=eloabder-20&linkCode=osi&th=1&psc=1">View Product</a></div><div class="product"><a href="https://www.amazon.com/dp/B07NHZP4FW?tag=eloabder-20&linkCode=osi&th=1&psc=1"><img src="https://m.media-amazon.com/images/I/41znKaYV17L._SL500_.jpg" alt="Product Image"></a><p>Seraphic Skincare (Original) Premium Exfoliating Mitt for Body (2pc) – 100% Vegan Viscose Traditional Body Scrub Glove Kessa Korean Washcloth – Body Exfoliator for Self-Tan Removal & Keratosis Pilaris</p><p>$12.99 ($6.50 / Count)</p><a href="https://www.amazon.com/dp/B07NHZP4FW?tag=eloabder-20&linkCode=osi&th=1&psc=1">View Product</a></div><div class="product"><a href="https://www.amazon.com/dp/B001VMJSCW?tag=eloabder-20&linkCode=osi&th=1&psc=1"><img src="https://m.media-amazon.com/images/I/31N7x4-aJAL._SL500_.jpg" alt="Product Image"></a><p>Dermalogica Daily Microfoliant, Face Exfoliator Scrub Powder with Salicylic Acid and Papaya Enzyme, Achieve Brighter, Smoother Skin Daily, 0.45 Oz</p><p>$19.00 ($42.22 / Ounce)</p><a href="https://www.amazon.com/dp/B001VMJSCW?tag=eloabder-20&linkCode=osi&th=1&psc=1">View Product</a></div><div class="product"><a href="https://www.amazon.com/dp/B09Q88TVGJ?tag=eloabder-20&linkCode=osi&th=1&psc=1"><img src="https://m.media-amazon.com/images/I/31jQFJt0t7L._SL500_.jpg" alt="Product Image"></a><p>tingl Face and Body Exfoliator Pads - Anti Aging Acne Treatment with Glycolic Acid, Lactic Acid, and Salicylic Acid - Pore Minimizer, Oil Cleanser, Blackhead Remover and Skin Exfoliator in One</p><p>$38.00 ($38.00 / Count)</p><a href="https://www.amazon.com/dp/B09Q88TVGJ?tag=eloabder-20&linkCode=osi&th=1&psc=1">View Product</a></div><div class="product"><a href="https://www.amazon.com/dp/B0BNWXFH3P?tag=eloabder-20&linkCode=osi&th=1&psc=1"><img src="https://m.media-amazon.com/images/I/51HkdST1FCL._SL500_.jpg" alt="Product Image"></a><p>Dermasuri Deep Exfoliating Glove for Shower - Exfoliating Mitt Body Scrubber - Skin Exfoliator & Dead Skin Remover - Keratosis Pilaris Scrub - Spray Tan Remover - Korean Skincare for Body (2 Pack)</p><p>$19.99 ($10.00 / Count)</p><a href="https://www.amazon.com/dp/B0BNWXFH3P?tag=eloabder-20&linkCode=osi&th=1&psc=1">View Product</a></div><div class="product"><a href="https://www.amazon.com/dp/B076DSRB6B?tag=eloabder-20&linkCode=osi&th=1&psc=1"><img src="https://m.media-amazon.com/images/I/51lTK55c5UL._SL500_.jpg" alt="Product Image"></a><p>Himalayan Salt Scrub Face Foot & Body Exfoliator Infused with Collagen and Stem Cell Natural Exfoliating Salt Body Scrub for Toning Cellulite Skin Care by M3 Naturals</p><p>$25.81 ($2.15 / Ounce)</p><a href="https://www.amazon.com/dp/B076DSRB6B?tag=eloabder-20&linkCode=osi&th=1&psc=1">View Product</a></div><div class="product"><a href="https://www.amazon.com/dp/B004GEV9JW?tag=eloabder-20&linkCode=osi&th=1&psc=1"><img src="https://m.media-amazon.com/images/I/41MgyDfHXfL._SL500_.jpg" alt="Product Image"></a><p>Buf-Puf Gentle Facial Sponge, Dermatologist Developed, Removes Deep Down Dirt & Makeup That Causes Breakouts and Blackheads, Reusable, Exfoliating, 1 Count</p><p>$8.71</p><a href="https://www.amazon.com/dp/B004GEV9JW?tag=eloabder-20&linkCode=osi&th=1&psc=1">View Product</a></div><div class="product"><a href="https://www.amazon.com/dp/B0000632EN?tag=eloabder-20&linkCode=osi&th=1&psc=1"><img src="https://m.media-amazon.com/images/I/314AH1Zo0lL._SL500_.jpg" alt="Product Image"></a><p>Aveeno Positively Radiant Exfoliating Facial Scrub, Brightening Face Scrub with Soy Extract to Visibly Improve Skin Tone and Texture, Oil-Free, Soap-Free, Hypoallergenic Formula, 5 FL OZ</p><p>$7.97 ($1.59 / Ounce)</p><a href="https://www.amazon.com/dp/B0000632EN?tag=eloabder-20&linkCode=osi&th=1&psc=1">View Product</a></div>
<div class="product"><a href="https://www.amazon.com/dp/B005IHT94S?tag=eloabder-20&linkCode=osi&th=1&psc=1"><img src="https://m.media-amazon.com/images/I/31YAXVCRMAL._SL500_.jpg" alt="Product Image"></a><p>Neutrogena Ultra Sheer Dry-Touch Water Resistant and Non-Greasy Sunscreen Lotion with Broad Spectrum SPF 70, 3 Fl Oz (Pack of 1)</p><p>$9.88 ($3.29 / Fl Oz)</p><a href="https://www.amazon.com/dp/B005IHT94S?tag=eloabder-20&linkCode=osi&th=1&psc=1">View Product</a></div><div class="product"><a href="https://www.amazon.com/dp/B078BC1NJ6?tag=eloabder-20&linkCode=osi&th=1&psc=1"><img src="https://m.media-amazon.com/images/I/51V4LMN2zEL._SL500_.jpg" alt="Product Image"></a><p>Coppertone Sport Sunscreen Spray SPF 50, Water Resistant Spray Sunscreen, Broad Spectrum SPF 50 Sunscreen, Bulk Sunscreen Pack, 5.5 Oz Bottle, Pack of 3</p><p>$20.63 ($1.25 / Ounce)</p><a href="https://www.amazon.com/dp/B078BC1NJ6?tag=eloabder-20&linkCode=osi&th=1&psc=1">View Product</a></div><div class="product"><a href="https://www.amazon.com/dp/B01MQXX9US?tag=eloabder-20&linkCode=osi&th=1&psc=1"><img src="https://m.media-amazon.com/images/I/41Zi7BP15NL._SL500_.jpg" alt="Product Image"></a><p>Banana Boat Sport Ultra SPF 50 Sunscreen Spray Twin Pack | Banana Boat Sunscreen Spray SPF 50, Spray On Sunscreen, Water Resistant Sunscreen, Oxybenzone Free Sunscreen Pack, 6oz each</p><p>$13.97 ($1.16 / Ounce)</p><a href="https://www.amazon.com/dp/B01MQXX9US?tag=eloabder-20&linkCode=osi&th=1&psc=1">View Product</a></div><div class="product"><a href="https://www.amazon.com/dp/B00AEN4QZ8?tag=eloabder-20&linkCode=osi&th=1&psc=1"><img src="https://m.media-amazon.com/images/I/31QMrCJPoeL._SL500_.jpg" alt="Product Image"></a><p>Neutrogena Beach Defense Water-Resistant Face & Body SPF 70 Sunscreen Lotion with Broad Spectrum UVA/UVB Protection, Oil-Free Fast-Absorbing Sunscreen Lotion, Oxybenzone-Free, 6.7 oz</p><p>$9.60 ($1.43 / Fl Oz)</p><a href="https://www.amazon.com/dp/B00AEN4QZ8?tag=eloabder-20&linkCode=osi&th=1&psc=1">View Product</a></div><div class="product"><a href="https://www.amazon.com/dp/B076GZX3KL?tag=eloabder-20&linkCode=osi&th=1&psc=1"><img src="https://m.media-amazon.com/images/I/41BQoEZMuTL._SL500_.jpg" alt="Product Image"></a><p>Neutrogena Sunscreen Spray, Ultra Sheer ® Body Mist, Broad Spectrum SPF 70, Non-Greasy Water Resistant Body Sunscreen Mist, Non-Comedogenic, 5 oz (Pack of 3)</p><p>$22.60 ($1.51 / Ounce)</p><a href="https://www.amazon.com/dp/B076GZX3KL?tag=eloabder-20&linkCode=osi&th=1&psc=1">View Product</a></div><div class="product"><a href="https://www.amazon.com/dp/B004D2DR0Q?tag=eloabder-20&linkCode=osi&th=1&psc=1"><img src="https://m.media-amazon.com/images/I/41QwzCWNnFL._SL500_.jpg" alt="Product Image"></a><p>Neutrogena Ultra Sheer Dry-Touch Water Resistant and Non-Greasy Sunscreen Lotion with Broad Spectrum SPF 45, TSA-Compliant travel Size, 3 Fl Oz, Pack of 2, 6 Fl Oz</p><p>$13.99 ($2.33 / Fl Oz)</p><a href="https://www.amazon.com/dp/B004D2DR0Q?tag=eloabder-20&linkCode=osi&th=1&psc=1">View Product</a></div><div class="product"><a href="https://www.amazon.com/dp/B002CML1VG?tag=eloabder-20&linkCode=osi&th=1&psc=1"><img src="https://m.media-amazon.com/images/I/41ufC4L5QQL._SL500_.jpg" alt="Product Image"></a><p>La Roche-Posay Anthelios Melt-In Milk Sunscreen SPF 60 | Sunscreen For Body & Face | Broad Spectrum SPF + Antioxidants | Oil Free Sunscreen Lotion | Lightweight & Fast Absorbing | Oxybenzone Free</p><p>$37.99 ($7.60 / Fl Oz)</p><a href="https://www.amazon.com/dp/B002CML1VG?tag=eloabder-20&linkCode=osi&th=1&psc=1">View Product</a></div><div class="product"><a href="https://www.amazon.com/dp/B00B81XR1Y?tag=eloabder-20&linkCode=osi&th=1&psc=1"><img src="https://m.media-amazon.com/images/I/41NtDXr-dML._SL500_.jpg" alt="Product Image"></a><p>Banana Boat Sport Ultra SPF 30 Sunscreen Spray Twin Pack | Banana Boat Sunscreen Spray SPF 30, Spray On Sunscreen, Water Resistant Sunscreen, Oxybenzone Free Sunscreen Pack, 6oz each</p><p>$13.47 ($1.12 / Ounce)</p><a href="https://www.amazon.com/dp/B00B81XR1Y?tag=eloabder-20&linkCode=osi&th=1&psc=1">View Product</a></div><div class="product"><a href="https://www.amazon.com/dp/B07X1YDGSF?tag=eloabder-20&linkCode=osi&th=1&psc=1"><img src="https://m.media-amazon.com/images/I/31PSmI7nKIL._SL500_.jpg" alt="Product Image"></a><p>Neutrogena Beach Defense Sunscreen Spray SPF 50 Water-Resistant Body Spray with Broad Spectrum , PABA-Free, Oxybenzone-Free & Fast-Drying, Superior Sun Protection, 6.5 oz, Transparent</p><p>$9.88 ($1.52 / Ounce)</p><a href="https://www.amazon.com/dp/B07X1YDGSF?tag=eloabder-20&linkCode=osi&th=1&psc=1">View Product</a></div>
<div class="product"><a href="https://www.amazon.com/dp/B00JJPMXDO?tag=eloabder-20&linkCode=osi&th=1&psc=1"><img src="https://m.media-amazon.com/images/I/41xUbY21ojL._SL500_.jpg" alt="Product Image"></a><p>CeraVe Eye Repair Cream | Under Eye Cream For Puffiness And Bags Under Eyes | Hyaluronic Acid + Niacinamide + Marine Botanical Complex | Hydrating Eye Cream | Oil Free & Opthalmologist Tested</p><p>$13.43 ($26.86 / Ounce)</p><a href="https://www.amazon.com/dp/B00JJPMXDO?tag=eloabder-20&linkCode=osi&th=1&psc=1">View Product</a></div><div class="product"><a href="https://www.amazon.com/dp/B0B3GCCRVH?tag=eloabder-20&linkCode=osi&th=1&psc=1"><img src="https://m.media-amazon.com/images/I/41EdCdrw-AL._SL500_.jpg" alt="Product Image"></a><p>CeraVe Skin Renewing Eye Cream For Wrinkles | Under Eye Cream With Peptides + Caffeine + Niacinamide | Anti Aging Eye Cream For Wrinkles & Crows Feet | Paraben Free & Opthalmologist Tested</p><p>$18.49 ($36.98 / Ounce)</p><a href="https://www.amazon.com/dp/B0B3GCCRVH?tag=eloabder-20&linkCode=osi&th=1&psc=1">View Product</a></div><div class="product"><a href="https://www.amazon.com/dp/B00005333I?tag=eloabder-20&linkCode=osi&th=1&psc=1"><img src="https://m.media-amazon.com/images/I/31webfO63dL._SL500_.jpg" alt="Product Image"></a><p>L'Oreal Paris Dermo-Expertise Eye Defense Eye Cream with Caffeine and Hyaluronic Acid 0.5 oz</p><p>$12.27 ($24.54 / Ounce)</p><a href="https://www.amazon.com/dp/B00005333I?tag=eloabder-20&linkCode=osi&th=1&psc=1">View Product</a></div><div class="product"><a href="https://www.amazon.com/dp/B0CZJ8N83D?tag=eloabder-20&linkCode=osi&th=1&psc=1"><img src="https://m.media-amazon.com/images/I/31fQO3OHiML._SL500_.jpg" alt="Product Image"></a><p>PRIME PROMETICS PrimeEyes Hydrate Under Eye Cream for Mature Women – Hydrating Eye Cream for Dark Circles and Wrinkle Repair – Soft, Glowing & Healthy Under Eyes</p><p>$62.00</p><a href="https://www.amazon.com/dp/B0CZJ8N83D?tag=eloabder-20&linkCode=osi&th=1&psc=1">View Product</a></div><div class="product"><a href="https://www.amazon.com/dp/B0009RFB76?tag=eloabder-20&linkCode=osi&th=1&psc=1"><img src="https://m.media-amazon.com/images/I/31M2iQDNDOL._SL500_.jpg" alt="Product Image"></a><p>RoC Retinol Correxion Under Eye Cream for Dark Circles & Puffiness, Daily Wrinkle Cream, Anti Aging Line Smoothing Skin Care Treatment for Women and Men, 0.5 oz (Packaging May Vary)</p><p>$19.77 ($39.54 / Fl Oz)</p><a href="https://www.amazon.com/dp/B0009RFB76?tag=eloabder-20&linkCode=osi&th=1&psc=1">View Product</a></div><div class="product"><a href="https://www.amazon.com/dp/B0D3TG6MN3?tag=eloabder-20&linkCode=osi&th=1&psc=1"><img src="https://m.media-amazon.com/images/I/21-DQIJf5xL._SL500_.jpg" alt="Product Image"></a><p>Dr.Melaxin Eyephalt Eyebag Cream for Puffiness, Dark Circles&Fine Lines | EGF Anti-Aging Under Eye Moisturizer with Niacinamide&Ceramide 0.33 fl.oz.</p><p>$59.00 ($178.79 / Fl Oz)</p><a href="https://www.amazon.com/dp/B0D3TG6MN3?tag=eloabder-20&linkCode=osi&th=1&psc=1">View Product</a></div><div class="product"><a href="https://www.amazon.com/dp/B07CKJRJXB?tag=eloabder-20&linkCode=osi&th=1&psc=1"><img src="https://m.media-amazon.com/images/I/31pJCzbhXrL._SL500_.jpg" alt="Product Image"></a><p>No7 Lift & Luminate Triple Action Eye Cream - Anti-Aging Under Eye Cream for Dark Circles, Puffiness & Wrinkles - Formulated with Vitamin C to Brighten and Refresh Tired Eyes (0.5 Fl Oz)</p><p>$15.99</p><a href="https://www.amazon.com/dp/B07CKJRJXB?tag=eloabder-20&linkCode=osi&th=1&psc=1">View Product</a></div>
<div class="product"><a href="https://www.amazon.com/dp/B0BBSP2JNQ?tag=eloabder-20&linkCode=osi&th=1&psc=1"><img src="https://m.media-amazon.com/images/I/51qb7tiAJgL._SL500_.jpg" alt="Product Image"></a><p>SimplyVital Face Moisturizer Collagen Cream - Anti Aging Neck and Décolleté - Made in USA Day & Night Face Cream - Moisturizing, Lifting & Recovery – 1.7oz</p><p>$22.89 ($13.46 / Fl Oz)</p><a href="https://www.amazon.com/dp/B0BBSP2JNQ?tag=eloabder-20&linkCode=osi&th=1&psc=1">View Product</a></div><div class="product"><a href="https://www.amazon.com/dp/B008EKY8VK?tag=eloabder-20&linkCode=osi&th=1&psc=1"><img src="https://m.media-amazon.com/images/I/419EZkaOOIL._SL500_.jpg" alt="Product Image"></a><p>L'Oreal Paris Revitalift Triple Power Anti-Aging Face Moisturizer, Pro Retinol, Hyaluronic Acid & Vitamin C to Reduce Wrinkles, Firm & Brighten Skin, 1.7 Oz</p><p>$17.86 ($10.51 / Ounce)</p><a href="https://www.amazon.com/dp/B008EKY8VK?tag=eloabder-20&linkCode=osi&th=1&psc=1">View Product</a></div><div class="product"><a href="https://www.amazon.com/dp/B00HNSSPDG?tag=eloabder-20&linkCode=osi&th=1&psc=1"><img src="https://m.media-amazon.com/images/I/41zARcUorbL._SL500_.jpg" alt="Product Image"></a><p>Neutrogena Triple Age Repair Anti-Aging Night Cream with Vitamin C; Fights Wrinkles & Evens Tone, Firming Anti-Wrinkle Face & Neck Cream; Glycerin & Shea Butter, 1.7 oz</p><p>$19.19 ($11.29 / Ounce)</p><a href="https://www.amazon.com/dp/B00HNSSPDG?tag=eloabder-20&linkCode=osi&th=1&psc=1">View Product</a></div><div class="product"><a href="https://www.amazon.com/dp/B0C9H6PD9B?tag=eloabder-20&linkCode=osi&th=1&psc=1"><img src="https://m.media-amazon.com/images/I/51MQp9qtYZL._SL500_.jpg" alt="Product Image"></a><p>Collagen Face Moisturizer with Airless Pump - Collagen Botanical Stem Cells Cream for Skin with Retinol, Niacinamide, Hyaluronic Acid - Anti-Aging Day & Night Cream - Made in USA (1.7 Oz)</p><p>$14.99 ($8.82 / Ounce)</p><a href="https://www.amazon.com/dp/B0C9H6PD9B?tag=eloabder-20&linkCode=osi&th=1&psc=1">View Product</a></div><div class="product"><a href="https://www.amazon.com/dp/B01ES349CY?tag=eloabder-20&linkCode=osi&th=1&psc=1"><img src="https://m.media-amazon.com/images/I/51C9olHbYgL._SL500_.jpg" alt="Product Image"></a><p>LilyAna Naturals Retinol Cream - Made in USA, Anti Aging Moisturizer for Face and Neck,Wrinkle, Retinol Complex - 1.7oz</p><p>$18.16 ($10.68 / Ounce)</p><a href="https://www.amazon.com/dp/B01ES349CY?tag=eloabder-20&linkCode=osi&th=1&psc=1">View Product</a></div><div class="product"><a href="https://www.amazon.com/dp/B00QSHEN0M?tag=eloabder-20&linkCode=osi&th=1&psc=1"><img src="https://m.media-amazon.com/images/I/41XiN2SLyrL._SL500_.jpg" alt="Product Image"></a><p>Burt's Bees Renewal Firming Face Cream, Anti-Aging Retinol Alternative, Moisturizing Natural Origin Skin Care, 1.8 Ounce (Packaging May Vary)</p><p>$9.75 ($5.42 / Ounce)</p><a href="https://www.amazon.com/dp/B00QSHEN0M?tag=eloabder-20&linkCode=osi&th=1&psc=1">View Product</a></div><div class="product"><a href="https://www.amazon.com/dp/B0744JV661?tag=eloabder-20&linkCode=osi&th=1&psc=1"><img src="https://m.media-amazon.com/images/I/41uJ0OhvRuL._SL500_.jpg" alt="Product Image"></a><p>RoC Retinol Correxion Max Daily Hydration Anti-Aging Face Moisturizer with Hyaluronic Acid, Oil Free Skin Care Cream for Fine Lines, Dark Spots, Post-Acne Scars, 1.7 Ounces (Packaging May Vary)</p><p>$21.53 ($12.66 / Ounce)</p><a href="https://www.amazon.com/dp/B0744JV661?tag=eloabder-20&linkCode=osi&th=1&psc=1">View Product</a></div><div class="product"><a href="https://www.amazon.com/dp/B004D2C57M?tag=eloabder-20&linkCode=osi&th=1&psc=1"><img src="https://m.media-amazon.com/images/I/4106jzuxtsL._SL500_.jpg" alt="Product Image"></a><p>Neutrogena Retinol Face Moisturizer, Rapid Wrinkle Repair with SPF 30 Sunscreen, Daily Anti-Aging Face Cream with Retinol & Hyaluronic Acid to Fight Fine Lines, Wrinkles, & Dark Spots, 1 fl. oz</p><p>$17.14</p><a href="https://www.amazon.com/dp/B004D2C57M?tag=eloabder-20&linkCode=osi&th=1&psc=1">View Product</a></div><div class="product"><a href="https://www.amazon.com/dp/B0B5TBVX6C?tag=eloabder-20&linkCode=osi&th=1&psc=1"><img src="https://m.media-amazon.com/images/I/51nRJsctWHL._SL500_.jpg" alt="Product Image"></a><p>Retinol Cream for Face - Facial Moisturizer with Collagen and Hyaluronic Acid, Anti-Wrinkle Reduce Fine Lines Vitamin C+E Natural-Ingredient Day Night Anti-Aging For Women Men</p><p>$14.99 ($8.82 / Fl Oz)</p><a href="https://www.amazon.com/dp/B0B5TBVX6C?tag=eloabder-20&linkCode=osi&th=1&psc=1">View Product</a></div>
<div class="product"><a href="https://www.amazon.com/dp/B00DG8F02Q?tag=eloabder-20&linkCode=osi&th=1&psc=1"><img src="https://m.media-amazon.com/images/I/31+WLRw2Y6L._SL500_.jpg" alt="Product Image"></a><p>NIVEA Shea Nourish Body Lotion, 48-Hour Moisturizing Shea Butter Lotion for Dry Skin with Deep Nourishing Serum, 16.9 Fl Oz Pump Bottle</p><p>$6.29 ($0.37 / Fl Oz)</p><a href="https://www.amazon.com/dp/B00DG8F02Q?tag=eloabder-20&linkCode=osi&th=1&psc=1">View Product</a></div><div class="product"><a href="https://www.amazon.com/dp/B076G2XGY3?tag=eloabder-20&linkCode=osi&th=1&psc=1"><img src="https://m.media-amazon.com/images/I/41jIXvha20L._SL500_.jpg" alt="Product Image"></a><p>NIVEA Essentially Enriched Body Lotion for Dry Skin, Pack of 2, 16.9 Fl Oz Pump Bottles</p><p>$10.98 ($0.32 / Fl Oz)</p><a href="https://www.amazon.com/dp/B076G2XGY3?tag=eloabder-20&linkCode=osi&th=1&psc=1">View Product</a></div><div class="product"><a href="https://www.amazon.com/dp/B00DG8EZKO?tag=eloabder-20&linkCode=osi&th=1&psc=1"><img src="https://m.media-amazon.com/images/I/31DT3ghuyXL._SL500_.jpg" alt="Product Image"></a><p>NIVEA Intense Healing Body Lotion for Dry Skin, 72-Hour Moisturizing Lotion with Deep Nourishing Serum and Provitamin B5, 16.9 Fl Oz Pump Bottle</p><p>$6.29 ($0.37 / Fl Oz)</p><a href="https://www.amazon.com/dp/B00DG8EZKO?tag=eloabder-20&linkCode=osi&th=1&psc=1">View Product</a></div><div class="product"><a href="https://www.amazon.com/dp/B08KT5HM98?tag=eloabder-20&linkCode=osi&th=1&psc=1"><img src="https://m.media-amazon.com/images/I/311EVJ1x7tL._SL500_.jpg" alt="Product Image"></a><p>eos Shea Better Body Lotion- Coconut Waters, 24-Hour Moisture Skin Care, Lightweight & Non-Greasy, Made with Natural Shea, Vegan, 16 fl oz</p><p>$8.98 ($0.56 / Fl Oz)</p><a href="https://www.amazon.com/dp/B08KT5HM98?tag=eloabder-20&linkCode=osi&th=1&psc=1">View Product</a></div><div class="product"><a href="https://www.amazon.com/dp/B0034F9K36?tag=eloabder-20&linkCode=osi&th=1&psc=1"><img src="https://m.media-amazon.com/images/I/319i3EFVPvL._SL500_.jpg" alt="Product Image"></a><p>Jergens Ultra Healing Dry Skin Moisturizer, Body and Hand Lotion for Dry Skin, for Quick Absorption into Extra Dry Skin, with HYDRALUCENCE blend, Vitamins C, E, and B5, 32 Ounce</p><p>$8.17 ($0.26 / Fl Oz)</p><a href="https://www.amazon.com/dp/B0034F9K36?tag=eloabder-20&linkCode=osi&th=1&psc=1">View Product</a></div><div class="product"><a href="https://www.amazon.com/dp/B003JT8PKQ?tag=eloabder-20&linkCode=osi&th=1&psc=1"><img src="https://m.media-amazon.com/images/I/31TFisQDpKL._SL500_.jpg" alt="Product Image"></a><p>Lubriderm Daily Moisture Lotion + Pro-Ceramide with Shea Butter & Glycerin Helps Moisturize Dry Skin, Hydrating Face, Hand & Body Lotion is Lightly Scented & Non-Greasy, 24 fl. oz</p><p>$10.12 ($0.42 / Fl Oz)</p><a href="https://www.amazon.com/dp/B003JT8PKQ?tag=eloabder-20&linkCode=osi&th=1&psc=1">View Product</a></div><div class="product"><a href="https://www.amazon.com/dp/B07RK4HST7?tag=eloabder-20&linkCode=osi&th=1&psc=1"><img src="https://m.media-amazon.com/images/I/412DGoW35mL._SL500_.jpg" alt="Product Image"></a><p>CeraVe Daily Moisturizing Lotion for Dry Skin | Body Lotion & Face Moisturizer with Hyaluronic Acid and Ceramides | Daily Moisturizer | Fragrance Free | Oil-Free | 19 Ounce</p><p>$18.50 ($0.97 / Fl Oz)</p><a href="https://www.amazon.com/dp/B07RK4HST7?tag=eloabder-20&linkCode=osi&th=1&psc=1">View Product</a></div><div class="product"><a href="https://www.amazon.com/dp/B0D484X4RL?tag=eloabder-20&linkCode=osi&th=1&psc=1"><img src="https://m.media-amazon.com/images/I/31rZLOx+KEL._SL500_.jpg" alt="Product Image"></a><p>Native Body Lotion Contains Naturally Derived Plant-Based Moisturizers for Women and Men | Restores Dry Skin, Coconut & Vanilla, 16.5 fl oz</p><p>$13.97 ($0.85 / Fl Oz)</p><a href="https://www.amazon.com/dp/B0D484X4RL?tag=eloabder-20&linkCode=osi&th=1&psc=1">View Product</a></div><div class="product"><a href="https://www.amazon.com/dp/B073CXZ8KR?tag=eloabder-20&linkCode=osi&th=1&psc=1"><img src="https://m.media-amazon.com/images/I/31r1ImnqoOL._SL500_.jpg" alt="Product Image"></a><p>Nivea Oil Infused Cherry Blossom and Jojoba Oil Body Lotion, Non-Greasy Cherry Blossom Scented Lotion Moisturizes for 24+ Hours, 16.9 Fl Oz Pump Bottle</p><p>$6.29 ($0.37 / Fl Oz)</p><a href="https://www.amazon.com/dp/B073CXZ8KR?tag=eloabder-20&linkCode=osi&th=1&psc=1">View Product</a></div><div class="product"><a href="https://www.amazon.com/dp/B09HHBKK15?tag=eloabder-20&linkCode=osi&th=1&psc=1"><img src="https://m.media-amazon.com/images/I/31gFI+hSGmL._SL500_.jpg" alt="Product Image"></a><p>Amazon Basics Cocoa Butter Body Lotion, Lightly scented, 20.3 fl oz</p><p>$4.89 ($0.24 / Fl Oz)</p><a href="https://www.amazon.com/dp/B09HHBKK15?tag=eloabder-20&linkCode=osi&th=1&psc=1">View Product</a></div>
<div class="product"><a href="https://www.amazon.com/dp/B0BVBZPX9B?tag=eloabder-20&linkCode=osi&th=1&psc=1"><img src="https://m.media-amazon.com/images/I/61Y09jlKZkL._SL500_.jpg" alt="Product Image"></a><p>Dove Deep Moisture Body Wash 30.6 Fl Oz Pack of 3 with Pump, Luxurious Hydration for Dry Skin, Cleanser with 24hr Renewing MicroMoisture</p><p>$23.22 ($0.25 / Fl Oz)</p><a href="https://www.amazon.com/dp/B0BVBZPX9B?tag=eloabder-20&linkCode=osi&th=1&psc=1">View Product</a></div><div class="product"><a href="https://www.amazon.com/dp/B0BT1VXDGD?tag=eloabder-20&linkCode=osi&th=1&psc=1"><img src="https://m.media-amazon.com/images/I/217eAv7yKyL._SL500_.jpg" alt="Product Image"></a><p>Method Body Wash, Pure Peace, Paraben and Phthalate Free, Biodegradable Formula, 28 oz (Pack of 1)</p><p>$11.48 ($0.41 / Fl Oz)</p><a href="https://www.amazon.com/dp/B0BT1VXDGD?tag=eloabder-20&linkCode=osi&th=1&psc=1">View Product</a></div><div class="product"><a href="https://www.amazon.com/dp/B0BVBYQGTW?tag=eloabder-20&linkCode=osi&th=1&psc=1"><img src="https://m.media-amazon.com/images/I/61En44WjwPL._SL500_.jpg" alt="Product Image"></a><p>Dove Body Wash with Pump Sensitive Skin 3 Count Hypoallergenic, Paraben-Free, Sulfate-Free, Cruelty-Free, Moisturizing Skin Cleanser Effectively Washes Away Bacteria While Nourishing Skin 30.6 oz</p><p>$23.22 ($0.25 / Fl Oz)</p><a href="https://www.amazon.com/dp/B0BVBYQGTW?tag=eloabder-20&linkCode=osi&th=1&psc=1">View Product</a></div><div class="product"><a href="https://www.amazon.com/dp/B0CGY5BLBW?tag=eloabder-20&linkCode=osi&th=1&psc=1"><img src="https://m.media-amazon.com/images/I/61X7MjVU6uL._SL500_.jpg" alt="Product Image"></a><p>Dove Exfoliating Body Wash Glow Recharge Energizes & illuminates skin 3% brightening serum with vitamin C 18.5 oz</p><p>$9.79 ($0.53 / Fl Oz)</p><a href="https://www.amazon.com/dp/B0CGY5BLBW?tag=eloabder-20&linkCode=osi&th=1&psc=1">View Product</a></div><div class="product"><a href="https://www.amazon.com/dp/B082QB23YG?tag=eloabder-20&linkCode=osi&th=1&psc=1"><img src="https://m.media-amazon.com/images/I/31QPAuuaLwL._SL500_.jpg" alt="Product Image"></a><p>NIVEA Refreshing White Peach and Jasmine Body Wash, Scented Body Wash with Nourishing Serum, Plant-Derived Oils, Essential Skin Lipids and Vitamins, 20 Fl Oz Bottle</p><p>$4.89 ($0.24 / Fl Oz)</p><a href="https://www.amazon.com/dp/B082QB23YG?tag=eloabder-20&linkCode=osi&th=1&psc=1">View Product</a></div><div class="product"><a href="https://www.amazon.com/dp/B0BHH1LBX2?tag=eloabder-20&linkCode=osi&th=1&psc=1"><img src="https://m.media-amazon.com/images/I/41aG-jLyOqL._SL500_.jpg" alt="Product Image"></a><p>Olay Ultra Rich Moisture Body Wash for Women, Deeply Nourishes, Vitamin B3 Complex, Clinically Proven, Shea Butter Scent, 22 fl oz (Pack of 4)</p><p>$27.96 ($0.32 / Fl Oz)</p><a href="https://www.amazon.com/dp/B0BHH1LBX2?tag=eloabder-20&linkCode=osi&th=1&psc=1">View Product</a></div><div class="product"><a href="https://www.amazon.com/dp/B07FD24RTR?tag=eloabder-20&linkCode=osi&th=1&psc=1"><img src="https://m.media-amazon.com/images/I/31klAgInvXL._SL500_.jpg" alt="Product Image"></a><p>Aveeno Stress Relief Body Wash with Soothing Oat for Sensitive Skin, Lavender Body Wash to help you feel Calm and Relaxed, Sulfate-Free, 33 FL OZ</p><p>$13.48 ($0.41 / Fl Oz)</p><a href="https://www.amazon.com/dp/B07FD24RTR?tag=eloabder-20&linkCode=osi&th=1&psc=1">View Product</a></div><div class="product"><a href="https://www.amazon.com/dp/B082QC2MCX?tag=eloabder-20&linkCode=osi&th=1&psc=1"><img src="https://m.media-amazon.com/images/I/31ohT5XH1TS._SL500_.jpg" alt="Product Image"></a><p>NIVEA Shea Butter Nourishing Body Wash, Moisturizing Body Wash with Nourishing Serum, Plant-Derived Oils, Essential Skin Lipids and Vitamins, 20 Fl Oz Bottle</p><p>$5.29 ($0.26 / Fl Oz)</p><a href="https://www.amazon.com/dp/B082QC2MCX?tag=eloabder-20&linkCode=osi&th=1&psc=1">View Product</a></div><div class="product"><a href="https://www.amazon.com/dp/B0BVBYDTZ6?tag=eloabder-20&linkCode=osi&th=1&psc=1"><img src="https://m.media-amazon.com/images/I/61UbJzK8yIL._SL500_.jpg" alt="Product Image"></a><p>Dove Body Wash with Pump Refreshing Cucumber and Green Tea 3 Count Refreshes Skin Cleanser That Effectively Washes Away Bacteria While Nourishing Your Skin 30.6 oz</p><p>$29.91 ($0.33 / Fl Oz)</p><a href="https://www.amazon.com/dp/B0BVBYDTZ6?tag=eloabder-20&linkCode=osi&th=1&psc=1">View Product</a></div><div class="product"><a href="https://www.amazon.com/dp/B082QBPDJC?tag=eloabder-20&linkCode=osi&th=1&psc=1"><img src="https://m.media-amazon.com/images/I/31tC4JDwHQL._SL500_.jpg" alt="Product Image"></a><p>NIVEA Coconut and Almond Milk Pampering Body Wash, Moisturizing Body Wash with Nourishing Serum, Plant-Derived Oils, Essential Skin Lipids and Vitamins, 20 Fl Oz Bottle</p><p>$4.99 ($0.25 / Fl Oz)</p><a href="https://www.amazon.com/dp/B082QBPDJC?tag=eloabder-20&linkCode=osi&th=1&psc=1">View Product</a></div>
<div class="product"><a href="https://www.amazon.com/dp/B07N7MWX72?tag=eloabder-20&linkCode=osi&th=1&psc=1"><img src="https://m.media-amazon.com/images/I/414aNTDFuRL._SL500_.jpg" alt="Product Image"></a><p>Mielle Organics Rosemary Mint Strengthening Shampoo Infused with Biotin, Cleanses and Helps Strengthen Weak and Brittle Hair, 12 Ounces</p><p>$9.97 ($0.83 / Fl Oz)</p><a href="https://www.amazon.com/dp/B07N7MWX72?tag=eloabder-20&linkCode=osi&th=1&psc=1">View Product</a></div><div class="product"><a href="https://www.amazon.com/dp/B01N97PCBH?tag=eloabder-20&linkCode=osi&th=1&psc=1"><img src="https://m.media-amazon.com/images/I/41KYNMCTIPL._SL500_.jpg" alt="Product Image"></a><p>Garnier Fructis Pure Clean Purifying Shampoo, Silicone-Free, 12.5 Fl Oz, 1 Count (Packaging May Vary)</p><p>$3.97 ($0.32 / Fl Oz)</p><a href="https://www.amazon.com/dp/B01N97PCBH?tag=eloabder-20&linkCode=osi&th=1&psc=1">View Product</a></div><div class="product"><a href="https://www.amazon.com/dp/B07D37PQGL?tag=eloabder-20&linkCode=osi&th=1&psc=1"><img src="https://m.media-amazon.com/images/I/31+tZhs5TNL._SL500_.jpg" alt="Product Image"></a><p>Olaplex No. 4 Bond Maintenance Shampoo, Repairs, Strengthens, & Nourishes All Hair Types, Adds Shine & Leaves Hair Feeling Soft, 8.5 fl oz</p><p>$30.00 ($3.53 / Fl Oz)</p><a href="https://www.amazon.com/dp/B07D37PQGL?tag=eloabder-20&linkCode=osi&th=1&psc=1">View Product</a></div><div class="product"><a href="https://www.amazon.com/dp/B084LHV2M1?tag=eloabder-20&linkCode=osi&th=1&psc=1"><img src="https://m.media-amazon.com/images/I/4174ry43L0L._SL500_.jpg" alt="Product Image"></a><p>Herbal Essences Hello hydration shampoo shampooing for hair 29.2 FL OZ</p><p>$7.97 ($0.27 / Fl Oz)</p><a href="https://www.amazon.com/dp/B084LHV2M1?tag=eloabder-20&linkCode=osi&th=1&psc=1">View Product</a></div><div class="product"><a href="https://www.amazon.com/dp/B08SSM21R4?tag=eloabder-20&linkCode=osi&th=1&psc=1"><img src="https://m.media-amazon.com/images/I/31WbRm+ZKEL._SL500_.jpg" alt="Product Image"></a><p>Redken All Soft Shampoo | Deeply Moisturizes and Hydrates | Softens, Smooths, and Adds Shine | Safe for Color-Treated Hair | Nourishing Shampoo for Dry Hair | With Argan Oil</p><p>$26.00 ($2.57 / Fl Oz)</p><a href="https://www.amazon.com/dp/B08SSM21R4?tag=eloabder-20&linkCode=osi&th=1&psc=1">View Product</a></div><div class="product"><a href="https://www.amazon.com/dp/B0D4SBLLRJ?tag=eloabder-20&linkCode=osi&th=1&psc=1"><img src="https://m.media-amazon.com/images/I/41uWwx+mKwL._SL500_.jpg" alt="Product Image"></a><p>Olaplex Wash and Shine Kit</p><p>$57.00</p><a href="https://www.amazon.com/dp/B0D4SBLLRJ?tag=eloabder-20&linkCode=osi&th=1&psc=1">View Product</a></div><div class="product"><a href="https://www.amazon.com/dp/B086S4Q7JH?tag=eloabder-20&linkCode=osi&th=1&psc=1"><img src="https://m.media-amazon.com/images/I/51i3YLQncNL._SL500_.jpg" alt="Product Image"></a><p>Herbal Essences Shampoo and Conditioner Set, Vitamin E, Rose Hips and Jojoba Extract, Smooth Collection, Bundle</p><p>$13.81 ($0.24 / Fl Oz)</p><a href="https://www.amazon.com/dp/B086S4Q7JH?tag=eloabder-20&linkCode=osi&th=1&psc=1">View Product</a></div><div class="product"><a href="https://www.amazon.com/dp/B01ENCBOA0?tag=eloabder-20&linkCode=osi&th=1&psc=1"><img src="https://m.media-amazon.com/images/I/41wcbs9bSAL._SL500_.jpg" alt="Product Image"></a><p>Rosemary and Biotin Shampoo for Thinning Hair - Vegan Volumizing Shampoo for Fine Hair with Argan and Tea Tree Oil - Paraben Silicone and Sulfate Free Shampoo for Dry Damaged Weak and Thin Hair Care</p><p>$12.95 ($1.62 / Fl Oz)</p><a href="https://www.amazon.com/dp/B01ENCBOA0?tag=eloabder-20&linkCode=osi&th=1&psc=1">View Product</a></div><div class="product"><a href="https://www.amazon.com/dp/B07NQ69L7P?tag=eloabder-20&linkCode=osi&th=1&psc=1"><img src="https://m.media-amazon.com/images/I/51c83KZZLJL._SL500_.jpg" alt="Product Image"></a><p>Herbal Essences Argan Oil of Morocco Shampoo & Conditioner Set, Repair & Smooth, Kew Endorsed, Fizzy Citrus Scent, Paraben-Free, Safe for Color-Treated Hair, pH-Balanced, 20.2 Fl Oz Each, 2 Pack</p><p>$24.99</p><a href="https://www.amazon.com/dp/B07NQ69L7P?tag=eloabder-20&linkCode=osi&th=1&psc=1">View Product</a></div>
<div class="product"><a href="https://www.amazon.com/dp/B0891BBRHW?tag=eloabder-20&linkCode=osi&th=1&psc=1"><img src="https://m.media-amazon.com/images/I/31ndDwe7VSL._SL500_.jpg" alt="Product Image"></a><p>Pureology Hydrate Moisturizing Conditioner | Softens and Deeply Hydrates Dry Hair | For Medium to Thick Color Treated or Natural Hair | Sulfate Free Conditioner | Vegan</p><p>$37.00 ($4.11 / Fl Oz)</p><a href="https://www.amazon.com/dp/B0891BBRHW?tag=eloabder-20&linkCode=osi&th=1&psc=1">View Product</a></div><div class="product"><a href="https://www.amazon.com/dp/B07D37SBHF?tag=eloabder-20&linkCode=osi&th=1&psc=1"><img src="https://m.media-amazon.com/images/I/31ivDW-ouZL._SL500_.jpg" alt="Product Image"></a><p>Olaplex No. 5 Bond Maintenance Conditioner, Repairs, Strengthens, & Nourishes All Hair Types, Leaving Hair Feeling Soft & Adds Shine, 8.5 fl oz"</p><p>$30.00 ($3.53 / Fl Oz)</p><a href="https://www.amazon.com/dp/B07D37SBHF?tag=eloabder-20&linkCode=osi&th=1&psc=1">View Product</a></div><div class="product"><a href="https://www.amazon.com/dp/B07CLD17F5?tag=eloabder-20&linkCode=osi&th=1&psc=1"><img src="https://m.media-amazon.com/images/I/61hTHQjDOkL._SL500_.jpg" alt="Product Image"></a><p>Dove Ultra Care Conditioner Coconut & Hydration for Dry Hair Conditioner with Coconut Oil, Jojoba Oil & Sweet Almond Oil 25.4 oz</p><p>$7.49 ($0.29 / Fl Oz)</p><a href="https://www.amazon.com/dp/B07CLD17F5?tag=eloabder-20&linkCode=osi&th=1&psc=1">View Product</a></div><div class="product"><a href="https://www.amazon.com/dp/B0752CBW5T?tag=eloabder-20&linkCode=osi&th=1&psc=1"><img src="https://m.media-amazon.com/images/I/31-KMa7LAlS._SL500_.jpg" alt="Product Image"></a><p>L'Oreal Paris Elvive Total Repair 5 Repairing Conditioner for Damaged Hair Conditioner with Protein and Ceramide for Strong Silky Shiny Healthy Renewed Hair 28 Fl Oz</p><p>$8.49 ($0.30 / Fl Oz)</p><a href="https://www.amazon.com/dp/B0752CBW5T?tag=eloabder-20&linkCode=osi&th=1&psc=1">View Product</a></div><div class="product"><a href="https://www.amazon.com/dp/B00L01DEII?tag=eloabder-20&linkCode=osi&th=1&psc=1"><img src="https://m.media-amazon.com/images/I/31EJqWmmSNL._SL500_.jpg" alt="Product Image"></a><p>Biolage Ultra Hydra Source Conditioning Balm | Deep Hydrating Conditioner | Renews Hair's Moisture | For Very Dry Hair | Silicone-Free | Vegan | Salon Conditioner | 33.8 Fl. Oz</p><p>$42.00 ($1.24 / Fl Oz)</p><a href="https://www.amazon.com/dp/B00L01DEII?tag=eloabder-20&linkCode=osi&th=1&psc=1">View Product</a></div><div class="product"><a href="https://www.amazon.com/dp/B08SSCQH77?tag=eloabder-20&linkCode=osi&th=1&psc=1"><img src="https://m.media-amazon.com/images/I/31P8RgJeqwL._SL500_.jpg" alt="Product Image"></a><p>Redken All Soft Conditioner | For Dry / Brittle Hair | Moisturizes & Provides Intense Softness | With Argan Oil | 10.1 Fl Oz</p><p>$26.00 ($2.57 / Fl Oz)</p><a href="https://www.amazon.com/dp/B08SSCQH77?tag=eloabder-20&linkCode=osi&th=1&psc=1">View Product</a></div><div class="product"><a href="https://www.amazon.com/dp/B074VLNPSG?tag=eloabder-20&linkCode=osi&th=1&psc=1"><img src="https://m.media-amazon.com/images/I/319FOowuSkL._SL500_.jpg" alt="Product Image"></a><p>Garnier Fructis Grow Strong Conditioner, 33.8 Fl Oz, 1 Count (Packaging May Vary)</p><p>$8.49 ($0.25 / Fl Oz)</p><a href="https://www.amazon.com/dp/B074VLNPSG?tag=eloabder-20&linkCode=osi&th=1&psc=1">View Product</a></div><div class="product"><a href="https://www.amazon.com/dp/B00JAI4FGI?tag=eloabder-20&linkCode=osi&th=1&psc=1"><img src="https://m.media-amazon.com/images/I/212rXWGPu1L._SL500_.jpg" alt="Product Image"></a><p>Biolage Color Last Conditioner | Helps Protect Hair & Maintain Vibrant Color | For Color-Treated and Natural Hair | Paraben & Silicone-Free | Vegan | Cruelty Free | Color Protecting Salon Conditioner</p><p>$24.00 ($1.78 / Fl Oz)</p><a href="https://www.amazon.com/dp/B00JAI4FGI?tag=eloabder-20&linkCode=osi&th=1&psc=1">View Product</a></div>
<div class="product"><a href="https://www.amazon.com/dp/B00I32AN4K?tag=eloabder-20&linkCode=osi&th=1&psc=1"><img src="https://m.media-amazon.com/images/I/51KpmxinYYL._SL500_.jpg" alt="Product Image"></a><p>Arvazallia Hydrating Argan Oil Hair Mask and Deep Conditioner for Dry or Damaged Hair - 8.45 Oz</p><p>$12.95 ($1.53 / Fl Oz)</p><a href="https://www.amazon.com/dp/B00I32AN4K?tag=eloabder-20&linkCode=osi&th=1&psc=1">View Product</a></div><div class="product"><a href="https://www.amazon.com/dp/B07H3GBSC3?tag=eloabder-20&linkCode=osi&th=1&psc=1"><img src="https://m.media-amazon.com/images/I/41I862UzKRL._SL500_.jpg" alt="Product Image"></a><p>amika soulfood nourishing Mask, 8 Fl oz</p><p>$34.00 ($4.25 / Fl Oz)</p><a href="https://www.amazon.com/dp/B07H3GBSC3?tag=eloabder-20&linkCode=osi&th=1&psc=1">View Product</a></div><div class="product"><a href="https://www.amazon.com/dp/B075L6BL61?tag=eloabder-20&linkCode=osi&th=1&psc=1"><img src="https://m.media-amazon.com/images/I/41zCFV7oGTL._SL500_.jpg" alt="Product Image"></a><p>Karseell Collagen Hair Treatment Deep Repair Conditioning Argan Oil Collagen Hair Mask Essence for Dry Damaged Hair All Hair Types 16.90 oz 500ml</p><p>$23.33 ($1.38 / Fl Oz)</p><a href="https://www.amazon.com/dp/B075L6BL61?tag=eloabder-20&linkCode=osi&th=1&psc=1">View Product</a></div><div class="product"><a href="https://www.amazon.com/dp/B0BQ54DQNM?tag=eloabder-20&linkCode=osi&th=1&psc=1"><img src="https://m.media-amazon.com/images/I/41uhtWPJeuL._SL500_.jpg" alt="Product Image"></a><p>Eva NYC Therapy Session Hair Mask, Deep Conditioning Hair Mask Infused with Argan Oil and Plant Protein, 16.9 fl oz</p><p>$19.00 ($1.12 / Fl Oz)</p><a href="https://www.amazon.com/dp/B0BQ54DQNM?tag=eloabder-20&linkCode=osi&th=1&psc=1">View Product</a></div><div class="product"><a href="https://www.amazon.com/dp/B01I2ZQJSG?tag=eloabder-20&linkCode=osi&th=1&psc=1"><img src="https://m.media-amazon.com/images/I/41ctrFUeQAL._SL500_.jpg" alt="Product Image"></a><p>Elizavecca cer-100 collagen coating hair protein treatment 100ml</p><p>$7.40 ($2.19 / Fl Oz)</p><a href="https://www.amazon.com/dp/B01I2ZQJSG?tag=eloabder-20&linkCode=osi&th=1&psc=1">View Product</a></div><div class="product"><a href="https://www.amazon.com/dp/B07N7NBYSP?tag=eloabder-20&linkCode=osi&th=1&psc=1"><img src="https://m.media-amazon.com/images/I/515lD0OXQ+L._SL500_.jpg" alt="Product Image"></a><p>Mielle Organics Rosemary Mint Strengthening Hair Masque, Essential Oil & Biotin Deep Treatment, Miracle Repair for Dry, Damaged, & Frizzy Hair, 12 Ounces</p><p>$9.97 ($0.83 / Ounce)</p><a href="https://www.amazon.com/dp/B07N7NBYSP?tag=eloabder-20&linkCode=osi&th=1&psc=1">View Product</a></div><div class="product"><a href="https://www.amazon.com/dp/B002N5MKMG?tag=eloabder-20&linkCode=osi&th=1&psc=1"><img src="https://m.media-amazon.com/images/I/41NxqnExYnL._SL500_.jpg" alt="Product Image"></a><p>Moroccanoil Intense Hydrating Mask, 8.5 Fl. Oz.</p><p>$42.00 ($4.94 / Fl Oz)</p><a href="https://www.amazon.com/dp/B002N5MKMG?tag=eloabder-20&linkCode=osi&th=1&psc=1">View Product</a></div><div class="product"><a href="https://www.amazon.com/dp/B07M7PP9KX?tag=eloabder-20&linkCode=osi&th=1&psc=1"><img src="https://m.media-amazon.com/images/I/41Mpv3wIxEL._SL500_.jpg" alt="Product Image"></a><p>Marc Anthony Grow Long Hair Anti-Breakage Mask, 10.4 OZ</p><p>$8.99 ($0.90 / Fl Oz)</p><a href="https://www.amazon.com/dp/B07M7PP9KX?tag=eloabder-20&linkCode=osi&th=1&psc=1">View Product</a></div><div class="product"><a href="https://www.amazon.com/dp/B09HR5KSR8?tag=eloabder-20&linkCode=osi&th=1&psc=1"><img src="https://m.media-amazon.com/images/I/51aIw6AhsXL._SL500_.jpg" alt="Product Image"></a><p>K18 Mini Leave-In Molecular Hair Mask, Repairs Dry or Damaged Hair, Reverse Hair Damage from Bleach, Color, Chemical Services & Heat, 0.51 Fl Oz</p><p>$29.00 ($56.86 / Fl Oz)</p><a href="https://www.amazon.com/dp/B09HR5KSR8?tag=eloabder-20&linkCode=osi&th=1&psc=1">View Product</a></div>
<div class="product"><a href="https://www.amazon.com/dp/B004J1MNII?tag=eloabder-20&linkCode=osi&th=1&psc=1"><img src="https://m.media-amazon.com/images/I/31nFgivW0gL._SL500_.jpg" alt="Product Image"></a><p>Moroccanoil Hydrating Styling Cream, Travel Size, 2.53 Fl Oz</p><p>$16.00 ($6.40 / Fl Oz)</p><a href="https://www.amazon.com/dp/B004J1MNII?tag=eloabder-20&linkCode=osi&th=1&psc=1">View Product</a></div><div class="product"><a href="https://www.amazon.com/dp/B00G187CP6?tag=eloabder-20&linkCode=osi&th=1&psc=1"><img src="https://m.media-amazon.com/images/I/31belqXvyyL._SL500_.jpg" alt="Product Image"></a><p>COLOR WOW One Minute Transformation – Instant frizz fix| Nourishing styling cream smooths, tames + defrizzes on the spot| Avocado oil + Omega 3’s hydrate, repair for silkier, smoother texture</p><p>$24.00</p><a href="https://www.amazon.com/dp/B00G187CP6?tag=eloabder-20&linkCode=osi&th=1&psc=1">View Product</a></div><div class="product"><a href="https://www.amazon.com/dp/B073CWSQ51?tag=eloabder-20&linkCode=osi&th=1&psc=1"><img src="https://m.media-amazon.com/images/I/41lIHxirIkL._SL500_.jpg" alt="Product Image"></a><p>COLOR WOW Dream Coat Supernatural Spray, 6.7 Fl Oz – Keep Your Hair Frizz-Free and Shiny No Matter the Weather with Award-Winning Anti-Humidity Treatment</p><p>$28.00 ($4.18 / Fl Oz)</p><a href="https://www.amazon.com/dp/B073CWSQ51?tag=eloabder-20&linkCode=osi&th=1&psc=1">View Product</a></div><div class="product"><a href="https://www.amazon.com/dp/B075RGHQVF?tag=eloabder-20&linkCode=osi&th=1&psc=1"><img src="https://m.media-amazon.com/images/I/21TgD3HaqbL._SL500_.jpg" alt="Product Image"></a><p>American Crew Men's Fiber Cream, Like Hair Gel with Medium Hold & Natural Shine, 3.3 Fl Oz</p><p>$9.94 ($3.01 / Ounce)</p><a href="https://www.amazon.com/dp/B075RGHQVF?tag=eloabder-20&linkCode=osi&th=1&psc=1">View Product</a></div><div class="product"><a href="https://www.amazon.com/dp/B0BLWTQ7JC?tag=eloabder-20&linkCode=osi&th=1&psc=1"><img src="https://m.media-amazon.com/images/I/31jMkcol7VL._SL500_.jpg" alt="Product Image"></a><p>DAE Cactus Fruit 3-In-1 Styling Cream - Smooth Styles, Prep Shiny Blowouts, Defines Curls (5 oz.)</p><p>$30.00 ($6.00 / Ounce)</p><a href="https://www.amazon.com/dp/B0BLWTQ7JC?tag=eloabder-20&linkCode=osi&th=1&psc=1">View Product</a></div><div class="product"><a href="https://www.amazon.com/dp/B00H3DOSPU?tag=eloabder-20&linkCode=osi&th=1&psc=1"><img src="https://m.media-amazon.com/images/I/317clPmAyiL._SL500_.jpg" alt="Product Image"></a><p>Biolage Styling Gelée | Firm Hold That Adds Body, Shine & Control | For All Hair Types | Paraben-Free | Vegan | 16.9 fl. oz. | 16.9 Fl. Oz</p><p>$24.00 ($1.42 / Fl Oz)</p><a href="https://www.amazon.com/dp/B00H3DOSPU?tag=eloabder-20&linkCode=osi&th=1&psc=1">View Product</a></div><div class="product"><a href="https://www.amazon.com/dp/B08SNSSTPZ?tag=eloabder-20&linkCode=osi&th=1&psc=1"><img src="https://m.media-amazon.com/images/I/31KrkpMat6L._SL500_.jpg" alt="Product Image"></a><p>L3 Level 3 Styling Powder - Natural Look Mens Powder - Easy to Apply with No Oil or Greasy Residue (Small - 30 Grams)</p><p>$9.99 ($9.51 / Fl Oz)</p><a href="https://www.amazon.com/dp/B08SNSSTPZ?tag=eloabder-20&linkCode=osi&th=1&psc=1">View Product</a></div><div class="product"><a href="https://www.amazon.com/dp/B09MZS3D3K?tag=eloabder-20&linkCode=osi&th=1&psc=1"><img src="https://m.media-amazon.com/images/I/31CADZzpR7L._SL500_.jpg" alt="Product Image"></a><p>Marc Anthony Biotin Styling Hair Cream, Instantly Thick - Biotin & Vitamin E Hair Thickening Cream, Lightweight Hold for Thicker & Fuller Hair - Volumizing Hair Product for Thin, Flat Hair</p><p>$8.99 ($1.82 / Ounce)</p><a href="https://www.amazon.com/dp/B09MZS3D3K?tag=eloabder-20&linkCode=osi&th=1&psc=1">View Product</a></div><div class="product"><a href="https://www.amazon.com/dp/B0009OMNQQ?tag=eloabder-20&linkCode=osi&th=1&psc=1"><img src="https://m.media-amazon.com/images/I/21BMUFOie3L._SL500_.jpg" alt="Product Image"></a><p>Paul Mitchell Extra-Body Sculpting Foam, Thickens + Builds Body, For Fine Hair, 6.7 oz.</p><p>$16.50 ($2.46 / Fl Oz)</p><a href="https://www.amazon.com/dp/B0009OMNQQ?tag=eloabder-20&linkCode=osi&th=1&psc=1">View Product</a></div>
<div class="product"><a href="https://www.amazon.com/dp/B09LXMXSMN?tag=eloabder-20&linkCode=osi&th=1&psc=1"><img src="https://m.media-amazon.com/images/I/51Sly6w-y7L._SL500_.jpg" alt="Product Image"></a><p>Revlon ColorSilk Beautiful Color Permanent Hair Color, Long-Lasting High-Definition Color, Shine & Silky Softness with 100% Gray Coverage, Ammonia Free, 41 Medium Brown, 3 Pack</p><p>$11.91 ($0.90 / Fl Oz)</p><a href="https://www.amazon.com/dp/B09LXMXSMN?tag=eloabder-20&linkCode=osi&th=1&psc=1">View Product</a></div><div class="product"><a href="https://www.amazon.com/dp/B004INIW1Y?tag=eloabder-20&linkCode=osi&th=1&psc=1"><img src="https://m.media-amazon.com/images/I/51QXVxOgEkL._SL500_.jpg" alt="Product Image"></a><p>L'Oreal Paris Excellence Creme Permanent Hair Color, 4 Dark Brown, 100 percent Gray Coverage Hair Dye, Pack of 1</p><p>$10.97</p><a href="https://www.amazon.com/dp/B004INIW1Y?tag=eloabder-20&linkCode=osi&th=1&psc=1">View Product</a></div><div class="product"><a href="https://www.amazon.com/dp/B00TUM6QUC?tag=eloabder-20&linkCode=osi&th=1&psc=1"><img src="https://m.media-amazon.com/images/I/511vRRkzayL._SL500_.jpg" alt="Product Image"></a><p>Schwarzkopf Keratin Color Permanent Hair Color, 6.0 Delicate Praline, 1 Application - Salon Inspired Permanent Hair Dye, for up to 80% Less Breakage vs Untreated Hair and up to 100% Gray Coverage</p><p>$11.97</p><a href="https://www.amazon.com/dp/B00TUM6QUC?tag=eloabder-20&linkCode=osi&th=1&psc=1">View Product</a></div><div class="product"><a href="https://www.amazon.com/dp/B00006JN4M?tag=eloabder-20&linkCode=osi&th=1&psc=1"><img src="https://m.media-amazon.com/images/I/41YBT6aEgWL._SL500_.jpg" alt="Product Image"></a><p>L'Oreal Paris Superior Preference Fade-Defying + Shine Permanent Hair Color, 6 Light Brown, Pack of 1, Hair Dye</p><p>$11.97</p><a href="https://www.amazon.com/dp/B00006JN4M?tag=eloabder-20&linkCode=osi&th=1&psc=1">View Product</a></div><div class="product"><a href="https://www.amazon.com/dp/B07HXH48TF?tag=eloabder-20&linkCode=osi&th=1&psc=1"><img src="https://m.media-amazon.com/images/I/51VP1hHWq9L._SL500_.jpg" alt="Product Image"></a><p>Garnier Hair Color Nutrisse Nourishing Creme, 50 Medium Natural Brown (Truffle) Permanent Hair Dye, 2 Count (Packaging May Vary)</p><p>$16.98 ($8.49 / Count)</p><a href="https://www.amazon.com/dp/B07HXH48TF?tag=eloabder-20&linkCode=osi&th=1&psc=1">View Product</a></div><div class="product"><a href="https://www.amazon.com/dp/B001UMV18M?tag=eloabder-20&linkCode=osi&th=1&psc=1"><img src="https://m.media-amazon.com/images/I/51h21IlxAhL._SL500_.jpg" alt="Product Image"></a><p>Garnier Hair Color Nutrisse Nourishing Creme, 415 Soft Mahogany Brown (Raspberry Truffle) Permanent Hair Dye, 1 Count (Packaging May Vary)</p><p>$8.47</p><a href="https://www.amazon.com/dp/B001UMV18M?tag=eloabder-20&linkCode=osi&th=1&psc=1">View Product</a></div><div class="product"><a href="https://www.amazon.com/dp/B0B3KWJ242?tag=eloabder-20&linkCode=osi&th=1&psc=1"><img src="https://m.media-amazon.com/images/I/41fqsQmb0VL._SL500_.jpg" alt="Product Image"></a><p>COLORCHARM Demi Permanent Hair Color, 3N Medium Neutral Brown 2 oz</p><p>$9.99 ($5.00 / Fl Oz)</p><a href="https://www.amazon.com/dp/B0B3KWJ242?tag=eloabder-20&linkCode=osi&th=1&psc=1">View Product</a></div>
<div class="product"><a href="https://www.amazon.com/dp/B01ACPW1SG?tag=eloabder-20&linkCode=osi&th=1&psc=1"><img src="https://m.media-amazon.com/images/I/41aIRzbHxNL._SL500_.jpg" alt="Product Image"></a><p>CoverGirl & Olay Simply Ageless 3-in-1 Liquid Foundation, Matte Finish, Hyaluronic & Vitamin C Formula, Cruelty Free, Classic Ivory, 1 Count</p><p>$10.49</p><a href="https://www.amazon.com/dp/B01ACPW1SG?tag=eloabder-20&linkCode=osi&th=1&psc=1">View Product</a></div><div class="product"><a href="https://www.amazon.com/dp/B07MWSP8SG?tag=eloabder-20&linkCode=osi&th=1&psc=1"><img src="https://m.media-amazon.com/images/I/31B37fmqI7L._SL500_.jpg" alt="Product Image"></a><p>e.l.f. Flawless Finish Foundation, Improves Uneven Skin Tone, Lightweight, Medium Coverage & Semi-Matte, Vegan & Cruelty-Free, Beige 0.67 Fl Oz</p><p>$6.00</p><a href="https://www.amazon.com/dp/B07MWSP8SG?tag=eloabder-20&linkCode=osi&th=1&psc=1">View Product</a></div><div class="product"><a href="https://www.amazon.com/dp/B00PFCSUNC?tag=eloabder-20&linkCode=osi&th=1&psc=1"><img src="https://m.media-amazon.com/images/I/41FK6ukLnvL._SL500_.jpg" alt="Product Image"></a><p>Maybelline Fit Me Matte + Poreless Liquid Oil-Free Foundation Makeup, Natural Ivory, 1 Count (Packaging May Vary)</p><p>$7.10</p><a href="https://www.amazon.com/dp/B00PFCSUNC?tag=eloabder-20&linkCode=osi&th=1&psc=1">View Product</a></div><div class="product"><a href="https://www.amazon.com/dp/B0BCGZMTSY?tag=eloabder-20&linkCode=osi&th=1&psc=1"><img src="https://m.media-amazon.com/images/I/31Qa6QbmaiL._SL500_.jpg" alt="Product Image"></a><p>L'Oreal Paris True Match Super-Blendable Foundation, Medium Coverage Liquid Foundation Makeup, N3, Light Medium, 1 Fl Oz</p><p>$9.97</p><a href="https://www.amazon.com/dp/B0BCGZMTSY?tag=eloabder-20&linkCode=osi&th=1&psc=1">View Product</a></div><div class="product"><a href="https://www.amazon.com/dp/B000IEMGGE?tag=eloabder-20&linkCode=osi&th=1&psc=1"><img src="https://m.media-amazon.com/images/I/41RtSkNmHSL._SL500_.jpg" alt="Product Image"></a><p>LAURA GELLER NEW YORK Award-Winning Baked Balance-n-Brighten Color Correcting Powder Foundation - Fair - Buildable Light to Medium Coverage - Demi-Matte Natural Finish</p><p>$22.13</p><a href="https://www.amazon.com/dp/B000IEMGGE?tag=eloabder-20&linkCode=osi&th=1&psc=1">View Product</a></div><div class="product"><a href="https://www.amazon.com/dp/B01LMMZY6O?tag=eloabder-20&linkCode=osi&th=1&psc=1"><img src="https://m.media-amazon.com/images/I/41WWjJXCsFL._SL500_.jpg" alt="Product Image"></a><p>IT Cosmetics Your Skin But Better CC+ Cream, Medium (W) - Color Correcting Cream, Full-Coverage Foundation, Hydrating Serum & SPF 50+ Sunscreen - Natural Finish - 1.08 fl oz</p><p>$47.00 ($43.52 / Fl Oz)</p><a href="https://www.amazon.com/dp/B01LMMZY6O?tag=eloabder-20&linkCode=osi&th=1&psc=1">View Product</a></div><div class="product"><a href="https://www.amazon.com/dp/B07CVFY5PQ?tag=eloabder-20&linkCode=osi&th=1&psc=1"><img src="https://m.media-amazon.com/images/I/416VSGy4SKL._SL500_.jpg" alt="Product Image"></a><p>MagicMinerals AirBrush Foundation by Jerome Alexander – 2pc Set with Airbrush Foundation and Kabuki Brush - Spray Makeup with Anti-aging Ingredients for Smooth Radiant Skin - Medium</p><p>$19.99 ($11.11 / Fl Oz)</p><a href="https://www.amazon.com/dp/B07CVFY5PQ?tag=eloabder-20&linkCode=osi&th=1&psc=1">View Product</a></div><div class="product"><a href="https://www.amazon.com/dp/B0039UTUZE?tag=eloabder-20&linkCode=osi&th=1&psc=1"><img src="https://m.media-amazon.com/images/I/41eXDpZ835L._SL500_.jpg" alt="Product Image"></a><p>Revlon Liquid Foundation, ColorStay Face Makeup for Combination & Oily Skin, SPF 15, Medium-Full Coverage with Matte Finish, Natural Beige ((220), 1.0 oz</p><p>$9.70</p><a href="https://www.amazon.com/dp/B0039UTUZE?tag=eloabder-20&linkCode=osi&th=1&psc=1">View Product</a></div><div class="product"><a href="https://www.amazon.com/dp/B00I52QPAE?tag=eloabder-20&linkCode=osi&th=1&psc=1"><img src="https://m.media-amazon.com/images/I/317EDqzSg+L._SL500_.jpg" alt="Product Image"></a><p>Revlon Liquid Foundation, Age Defying 3XFace Makeup, Anti-Aging and Firming Formula, SPF 30, Longwear Medium Buildable Coverage with Natural Finish, 035 Natural Beige, 1 Fl Oz</p><p>$13.48</p><a href="https://www.amazon.com/dp/B00I52QPAE?tag=eloabder-20&linkCode=osi&th=1&psc=1">View Product</a></div><div class="product"><a href="https://www.amazon.com/dp/B07H621Q3H?tag=eloabder-20&linkCode=osi&th=1&psc=1"><img src="https://m.media-amazon.com/images/I/31JtVpLZ4FL._SL500_.jpg" alt="Product Image"></a><p>L'Oreal Paris Makeup Infallible Up to 32 Hour Fresh Wear Lightweight Foundation, 420 True Beige, 1 Fl Oz, Packaging May Vary</p><p>$11.98</p><a href="https://www.amazon.com/dp/B07H621Q3H?tag=eloabder-20&linkCode=osi&th=1&psc=1">View Product</a></div>
<div class="product"><a href="https://www.amazon.com/dp/B07Q9V4KMJ?tag=eloabder-20&linkCode=osi&th=1&psc=1"><img src="https://m.media-amazon.com/images/I/31pro1JWTCL._SL500_.jpg" alt="Product Image"></a><p>Maybelline Instant Age Rewind Eraser Dark Circles Treatment Multi-Use Concealer, 115, 1 Count (Packaging May Vary)</p><p>$8.42</p><a href="https://www.amazon.com/dp/B07Q9V4KMJ?tag=eloabder-20&linkCode=osi&th=1&psc=1">View Product</a></div><div class="product"><a href="https://www.amazon.com/dp/B07ZR14WBZ?tag=eloabder-20&linkCode=osi&th=1&psc=1"><img src="https://m.media-amazon.com/images/I/313ljymBVaL._SL500_.jpg" alt="Product Image"></a><p>e.l.f. Hydrating Camo Concealer, Lightweight, Full Coverage, Long Lasting, Conceals, Corrects, Covers, Hydrates, Highlights, Light Sand, Satin Finish, 25 Shades, All-Day Wear, 0.20 Fl Oz</p><p>$7.00</p><a href="https://www.amazon.com/dp/B07ZR14WBZ?tag=eloabder-20&linkCode=osi&th=1&psc=1">View Product</a></div><div class="product"><a href="https://www.amazon.com/dp/B0046VJV36?tag=eloabder-20&linkCode=osi&th=1&psc=1"><img src="https://m.media-amazon.com/images/I/31-ZFCLgLcL._SL500_.jpg" alt="Product Image"></a><p>Maybelline New York Fit Me Liquid Concealer Makeup, Natural Coverage, Lightweight, Conceals, Covers Oil-Free, Fair, 1 Count (Packaging May Vary)</p><p>$6.31</p><a href="https://www.amazon.com/dp/B0046VJV36?tag=eloabder-20&linkCode=osi&th=1&psc=1">View Product</a></div><div class="product"><a href="https://www.amazon.com/dp/B07ZR1CQHS?tag=eloabder-20&linkCode=osi&th=1&psc=1"><img src="https://m.media-amazon.com/images/I/31s0zWRX+4L._SL500_.jpg" alt="Product Image"></a><p>e.l.f. 16HR Camo Concealer, Full Coverage, Highly Pigmented Concealer With Matte Finish, Crease-proof, Vegan & Cruelty-Free, Light Ivory, 0.203 Fl Oz</p><p>$7.00</p><a href="https://www.amazon.com/dp/B07ZR1CQHS?tag=eloabder-20&linkCode=osi&th=1&psc=1">View Product</a></div><div class="product"><a href="https://www.amazon.com/dp/B009WI05BU?tag=eloabder-20&linkCode=osi&th=1&psc=1"><img src="https://m.media-amazon.com/images/I/312BFbzGKlL._SL500_.jpg" alt="Product Image"></a><p>L.A. Girl Pro Concealer, Fawn, 0.28 Oz (LAX-GC983-A)</p><p>$4.99</p><a href="https://www.amazon.com/dp/B009WI05BU?tag=eloabder-20&linkCode=osi&th=1&psc=1">View Product</a></div><div class="product"><a href="https://www.amazon.com/dp/B0814SLHQH?tag=eloabder-20&linkCode=osi&th=1&psc=1"><img src="https://m.media-amazon.com/images/I/312GW4aGnRL._SL500_.jpg" alt="Product Image"></a><p>Neutrogena Healthy Skin Radiant Brightening Cream Concealer with Peptides & Vitamin E Antioxidant,Lightweight Perfecting Concealer,Non-Comedogenic,Bisque Light/Medium 02 neutral undertones,0.24 oz</p><p>$5.62</p><a href="https://www.amazon.com/dp/B0814SLHQH?tag=eloabder-20&linkCode=osi&th=1&psc=1">View Product</a></div><div class="product"><a href="https://www.amazon.com/dp/B06XQWS1N9?tag=eloabder-20&linkCode=osi&th=1&psc=1"><img src="https://m.media-amazon.com/images/I/31rKumTg1GL._SL500_.jpg" alt="Product Image"></a><p>COVERGIRL Smoothers Concealer, Medium 715, 0.14 ounce (packaging may vary)</p><p>$7.28</p><a href="https://www.amazon.com/dp/B06XQWS1N9?tag=eloabder-20&linkCode=osi&th=1&psc=1">View Product</a></div><div class="product"><a href="https://www.amazon.com/dp/B07GWH2GDP?tag=eloabder-20&linkCode=osi&th=1&psc=1"><img src="https://m.media-amazon.com/images/I/41U+lbOEtuL._SL500_.jpg" alt="Product Image"></a><p>IT Cosmetics Bye Bye Under Eye Full Coverage Concealer - for Dark Circles, Fine Lines, Redness & Discoloration – Waterproof - Anti-Aging - Natural Finish – 0.4 fl oz</p><p>$17.40 ($43.50 / Fl Oz)</p><a href="https://www.amazon.com/dp/B07GWH2GDP?tag=eloabder-20&linkCode=osi&th=1&psc=1">View Product</a></div><div class="product"><a href="https://www.amazon.com/dp/B07H67H5LH?tag=eloabder-20&linkCode=osi&th=1&psc=1"><img src="https://m.media-amazon.com/images/I/31bWoYCj-nL._SL500_.jpg" alt="Product Image"></a><p>L'Oreal Paris Makeup Infallible Full Wear Waterproof Matte Concealer, Full Coverage, Ivory, 0.33 fl. oz.</p><p>$10.82</p><a href="https://www.amazon.com/dp/B07H67H5LH?tag=eloabder-20&linkCode=osi&th=1&psc=1">View Product</a></div><div class="product"><a href="https://www.amazon.com/dp/B0B51NLJWQ?tag=eloabder-20&linkCode=osi&th=1&psc=1"><img src="https://m.media-amazon.com/images/I/31GXqccxM0L._SL500_.jpg" alt="Product Image"></a><p>Fièra Luxury Concealer with Anti-Aging - All Day Coverage for Dark Circles, Fine Lines, Wrinkles & Spots - Neutral Beige, 0.5 Ounce</p><p>$27.00</p><a href="https://www.amazon.com/dp/B0B51NLJWQ?tag=eloabder-20&linkCode=osi&th=1&psc=1">View Product</a></div>
<div class="product"><a href="https://www.amazon.com/dp/B092JQ23N5?tag=eloabder-20&linkCode=osi&th=1&psc=1"><img src="https://m.media-amazon.com/images/I/51OUufwItlL._SL500_.jpg" alt="Product Image"></a><p>URBAN DECAY 24/7 Longwear Eyeshadow Single (Sin - Champagne Shimmer), High-Pigment Eye Shadow Compact, Smooth & Blendable Colors, Crease-free, Vegan - 0.06 oz</p><p>$22.00</p><a href="https://www.amazon.com/dp/B092JQ23N5?tag=eloabder-20&linkCode=osi&th=1&psc=1">View Product</a></div><div class="product"><a href="https://www.amazon.com/dp/B01IW02HX2?tag=eloabder-20&linkCode=osi&th=1&psc=1"><img src="https://m.media-amazon.com/images/I/510F-WOAL4L._SL500_.jpg" alt="Product Image"></a><p>NYX PROFESSIONAL MAKEUP Ultimate Shadow Palette, Eyeshadow Palette - Warm Neutrals</p><p>$12.40</p><a href="https://www.amazon.com/dp/B01IW02HX2?tag=eloabder-20&linkCode=osi&th=1&psc=1">View Product</a></div><div class="product"><a href="https://www.amazon.com/dp/B085WR3YDT?tag=eloabder-20&linkCode=osi&th=1&psc=1"><img src="https://m.media-amazon.com/images/I/41cuO8PyoTL._SL500_.jpg" alt="Product Image"></a><p>wet n wild Color Icon Cream Eyeshadow Multi-Stick, Moisturizing, Nourishing Velvety Cream-to-Powder Buildable & Blendable Formula, Cruelty-Free & Vegan - Champagne Room</p><p>$3.28</p><a href="https://www.amazon.com/dp/B085WR3YDT?tag=eloabder-20&linkCode=osi&th=1&psc=1">View Product</a></div><div class="product"><a href="https://www.amazon.com/dp/B00L5SMFJU?tag=eloabder-20&linkCode=osi&th=1&psc=1"><img src="https://m.media-amazon.com/images/I/41-WaM3A3tL._SL500_.jpg" alt="Product Image"></a><p>Covergirl Eye Enhancers Eye Shadow Palette, Natural Nudes, 0.19 Ounce</p><p>$4.97</p><a href="https://www.amazon.com/dp/B00L5SMFJU?tag=eloabder-20&linkCode=osi&th=1&psc=1">View Product</a></div><div class="product"><a href="https://www.amazon.com/dp/B01LW1983J?tag=eloabder-20&linkCode=osi&th=1&psc=1"><img src="https://m.media-amazon.com/images/I/51EsPf59XBL._SL500_.jpg" alt="Product Image"></a><p>Julep Eyeshadow 101 Crème to Powder Waterproof Eyeshadow Stick, Champagne Shimmer</p><p>$18.00</p><a href="https://www.amazon.com/dp/B01LW1983J?tag=eloabder-20&linkCode=osi&th=1&psc=1">View Product</a></div><div class="product"><a href="https://www.amazon.com/dp/B00UKP1M2K?tag=eloabder-20&linkCode=osi&th=1&psc=1"><img src="https://m.media-amazon.com/images/I/41hSsvPHKxL._SL500_.jpg" alt="Product Image"></a><p>Maybelline The Blushed Nudes Eyeshadow Palette Makeup, 12 Pigmented Matte & Shimmer Shades, Blendable Powder, 1 Count</p><p>$9.32</p><a href="https://www.amazon.com/dp/B00UKP1M2K?tag=eloabder-20&linkCode=osi&th=1&psc=1">View Product</a></div><div class="product"><a href="https://www.amazon.com/dp/B073ZBGLJF?tag=eloabder-20&linkCode=osi&th=1&psc=1"><img src="https://m.media-amazon.com/images/I/41go9Ug8AOL._SL500_.jpg" alt="Product Image"></a><p>BestLand 2 Pack 12 Colors Makeup Nude Colors Eyeshadow Palette Natural Nude Matte Shimmer Glitter Pigment Eye Shadow Pallete Set Waterproof Smokey Professional Beauty Makeup Kit (2 PCS)</p><p>$9.99</p><a href="https://www.amazon.com/dp/B073ZBGLJF?tag=eloabder-20&linkCode=osi&th=1&psc=1">View Product</a></div><div class="product"><a href="https://www.amazon.com/dp/B08RS6WNX7?tag=eloabder-20&linkCode=osi&th=1&psc=1"><img src="https://m.media-amazon.com/images/I/51qCii788PL._SL500_.jpg" alt="Product Image"></a><p>wet n wild Color Icon 5-Pan Palette Brown Walking On Eggshells</p><p>$3.19</p><a href="https://www.amazon.com/dp/B08RS6WNX7?tag=eloabder-20&linkCode=osi&th=1&psc=1">View Product</a></div><div class="product"><a href="https://www.amazon.com/dp/B0CV5ZTFCR?tag=eloabder-20&linkCode=osi&th=1&psc=1"><img src="https://m.media-amazon.com/images/I/21inptU-eJL._SL500_.jpg" alt="Product Image"></a><p>Covergirl Clean Eye Color, French Violet, Eyeshadow Sticks, Ultra Creamy Formula, Lightweight, Buildable Formula, Lasts All Day, Smudge-Proof, 0.05oz</p><p>$8.98</p><a href="https://www.amazon.com/dp/B0CV5ZTFCR?tag=eloabder-20&linkCode=osi&th=1&psc=1">View Product</a></div><div class="product"><a href="https://www.amazon.com/dp/B0CXF99TNQ?tag=eloabder-20&linkCode=osi&th=1&psc=1"><img src="https://m.media-amazon.com/images/I/31kCYsLvwwL._SL500_.jpg" alt="Product Image"></a><p>L'Oreal Paris Makeup Paradise Le Shadow Stick Eyeshadow, Blendable, Smudge-Resistant, Cream Eyeshadow, 120 Magnetic Mauve (Shimmering Lavender Mauve), 0.05 Oz</p><p>$9.98</p><a href="https://www.amazon.com/dp/B0CXF99TNQ?tag=eloabder-20&linkCode=osi&th=1&psc=1">View Product</a></div>
<div class="product"><a href="https://www.amazon.com/dp/B0BG7MWNNN?tag=eloabder-20&linkCode=osi&th=1&psc=1"><img src="https://m.media-amazon.com/images/I/41E8W4N+FkL._SL500_.jpg" alt="Product Image"></a><p>Prime Prometics PrimeLash Mascara for Older Women – Volumizing, Incredible Length in 2 Coats – Long-Stay, Zero Clumps, Hypoallergenic (Brown)</p><p>$28.00</p><a href="https://www.amazon.com/dp/B0BG7MWNNN?tag=eloabder-20&linkCode=osi&th=1&psc=1">View Product</a></div><div class="product"><a href="https://www.amazon.com/dp/B00T0C9XRK?tag=eloabder-20&linkCode=osi&th=1&psc=1"><img src="https://m.media-amazon.com/images/I/41IP2ZEXFNL._SL500_.jpg" alt="Product Image"></a><p>essence | Lash Princess False Lash Effect Mascara | Volumizing & Lengthening | Cruelty Free & Paraben Free</p><p>$4.99 ($12.17 / Fl Oz )</p><a href="https://www.amazon.com/dp/B00T0C9XRK?tag=eloabder-20&linkCode=osi&th=1&psc=1">View Product</a></div><div class="product"><a href="https://www.amazon.com/dp/B01DPA6OHO?tag=eloabder-20&linkCode=osi&th=1&psc=1"><img src="https://m.media-amazon.com/images/I/31xGLWu4IKL._SL500_.jpg" alt="Product Image"></a><p>L'Oreal Paris Makeup Voluminous Lash Boosting Conditioning Primer Mascara, White Primer, 0.24 fl; oz.</p><p>$8.98</p><a href="https://www.amazon.com/dp/B01DPA6OHO?tag=eloabder-20&linkCode=osi&th=1&psc=1">View Product</a></div><div class="product"><a href="https://www.amazon.com/dp/B004BD107O?tag=eloabder-20&linkCode=osi&th=1&psc=1"><img src="https://m.media-amazon.com/images/I/31OWqsdljyL._SL500_.jpg" alt="Product Image"></a><p>L'Oreal Paris Makeup Telescopic Original Lengthening Mascara, Blackest Black, 0.27 Fl Oz (1 Count)</p><p>$10.99</p><a href="https://www.amazon.com/dp/B004BD107O?tag=eloabder-20&linkCode=osi&th=1&psc=1">View Product</a></div><div class="product"><a href="https://www.amazon.com/dp/B06XF2TR11?tag=eloabder-20&linkCode=osi&th=1&psc=1"><img src="https://m.media-amazon.com/images/I/31B6RR270IL._SL500_.jpg" alt="Product Image"></a><p>L'Oreal Paris Voluminous Makeup Lash Paradise Mascara, Voluptuous Volume, Intense Length, Feathery Soft Full Lashes, No Flaking, No Smudging, No Clumping, Blackest Black, 1 Count</p><p>$9.97</p><a href="https://www.amazon.com/dp/B06XF2TR11?tag=eloabder-20&linkCode=osi&th=1&psc=1">View Product</a></div><div class="product"><a href="https://www.amazon.com/dp/B00PFCT2R0?tag=eloabder-20&linkCode=osi&th=1&psc=1"><img src="https://m.media-amazon.com/images/I/31RyE6ZtDIL._SL500_.jpg" alt="Product Image"></a><p>Maybelline Lash Sensational Washable Mascara, Lengthening and Volumizing for a Full Fan Effect, Blackest Black, 1 Count</p><p>$9.09</p><a href="https://www.amazon.com/dp/B00PFCT2R0?tag=eloabder-20&linkCode=osi&th=1&psc=1">View Product</a></div><div class="product"><a href="https://www.amazon.com/dp/B08TPCHYLW?tag=eloabder-20&linkCode=osi&th=1&psc=1"><img src="https://m.media-amazon.com/images/I/31EWIaihEwL._SL500_.jpg" alt="Product Image"></a><p>Lancôme Lash Idôle Lash-Lifting & Volumizing Mascara - Black Mascara for Instant Volume, Length & Lift - Smudge Proof & Up To 24H Wear - Black</p><p>$30.00 ($111.11 / Fl Oz)</p><a href="https://www.amazon.com/dp/B08TPCHYLW?tag=eloabder-20&linkCode=osi&th=1&psc=1">View Product</a></div><div class="product"><a href="https://www.amazon.com/dp/B08M96YZN1?tag=eloabder-20&linkCode=osi&th=1&psc=1"><img src="https://m.media-amazon.com/images/I/31ByMmFi-qL._SL500_.jpg" alt="Product Image"></a><p>CoverGirl Lash Blast Clean Volume Mascara, Vegan Formula, Volumizing, Smudge-Proof, Cruelty Free, Very Black, 1 Count</p><p>$9.37</p><a href="https://www.amazon.com/dp/B08M96YZN1?tag=eloabder-20&linkCode=osi&th=1&psc=1">View Product</a></div>
<div class="product"><a href="https://www.amazon.com/dp/B0C9TXLWLY?tag=eloabder-20&linkCode=osi&th=1&psc=1"><img src="https://m.media-amazon.com/images/I/31-5KVw5KDL._SL500_.jpg" alt="Product Image"></a><p>PRIME PROMETICS PrimeEyes Glide Eyeliner for Mature Women – Water-Resistant, Long-Stay and Mess-Proof – Gel Cream Texture, Discreet Sharpener and Effective Smudger (Black)</p><p>$28.00 ($28.00 / Count)</p><a href="https://www.amazon.com/dp/B0C9TXLWLY?tag=eloabder-20&linkCode=osi&th=1&psc=1">View Product</a></div><div class="product"><a href="https://www.amazon.com/dp/B07MWSXPT1?tag=eloabder-20&linkCode=osi&th=1&psc=1"><img src="https://m.media-amazon.com/images/I/315xthaPi6L._SL500_.jpg" alt="Product Image"></a><p>e.l.f. No Budge Retractable Eyeliner, Creamy, Ultra-Pigmented & Waterproof, Creates Bold & Defined Lines, Vegan & Cruelty-Free, Black 0.006 Oz</p><p>$4.00</p><a href="https://www.amazon.com/dp/B07MWSXPT1?tag=eloabder-20&linkCode=osi&th=1&psc=1">View Product</a></div><div class="product"><a href="https://www.amazon.com/dp/B074Y8LM6T?tag=eloabder-20&linkCode=osi&th=1&psc=1"><img src="https://m.media-amazon.com/images/I/316blXt1KxL._SL500_.jpg" alt="Product Image"></a><p>NYX PROFESSIONAL MAKEUP Epic Ink Liner, Waterproof Liquid Eyeliner - Black, Vegan Formula</p><p>$8.06</p><a href="https://www.amazon.com/dp/B074Y8LM6T?tag=eloabder-20&linkCode=osi&th=1&psc=1">View Product</a></div><div class="product"><a href="https://www.amazon.com/dp/B01J1A3TFW?tag=eloabder-20&linkCode=osi&th=1&psc=1"><img src="https://m.media-amazon.com/images/I/51z42sdOArL._SL500_.jpg" alt="Product Image"></a><p>Revlon Pencil Eyeliner, ColorStay Eye Makeup with Built-in Sharpener, Waterproof, Smudge-proof, Longwearing with Ultra-Fine Tip, 201 Black, 2 count (Pack of 1)</p><p>$11.38</p><a href="https://www.amazon.com/dp/B01J1A3TFW?tag=eloabder-20&linkCode=osi&th=1&psc=1">View Product</a></div><div class="product"><a href="https://www.amazon.com/dp/B07W8JJ61X?tag=eloabder-20&linkCode=osi&th=1&psc=1"><img src="https://m.media-amazon.com/images/I/31wj5vRROwL._SL500_.jpg" alt="Product Image"></a><p>Maybelline Hyper Easy Liquid Pen No-Skip Eyeliner, Satin Finish, Waterproof Formula, Pitch Black, 0.018 Fl Oz</p><p>$8.38</p><a href="https://www.amazon.com/dp/B07W8JJ61X?tag=eloabder-20&linkCode=osi&th=1&psc=1">View Product</a></div><div class="product"><a href="https://www.amazon.com/dp/B005G9E9FW?tag=eloabder-20&linkCode=osi&th=1&psc=1"><img src="https://m.media-amazon.com/images/I/51poZdEojrL._SL500_.jpg" alt="Product Image"></a><p>NYX PROFESSIONAL MAKEUP Vivid Rich Mechanical Eye Pencil, Vivid Rich Mechanical, Creamy Retractable Eyeliner - Smokin Topaz, Brown Eyeliner</p><p>$6.00</p><a href="https://www.amazon.com/dp/B005G9E9FW?tag=eloabder-20&linkCode=osi&th=1&psc=1">View Product</a></div><div class="product"><a href="https://www.amazon.com/dp/B07NX61ZHN?tag=eloabder-20&linkCode=osi&th=1&psc=1"><img src="https://m.media-amazon.com/images/I/31kQNTwJazL._SL500_.jpg" alt="Product Image"></a><p>Rimmel London exaggerate auto waterproof eye definer in blackest black, 2 Count</p><p>$6.97</p><a href="https://www.amazon.com/dp/B07NX61ZHN?tag=eloabder-20&linkCode=osi&th=1&psc=1">View Product</a></div><div class="product"><a href="https://www.amazon.com/dp/B0BQWT8R9K?tag=eloabder-20&linkCode=osi&th=1&psc=1"><img src="https://m.media-amazon.com/images/I/31F1asQuosL._SL500_.jpg" alt="Product Image"></a><p>wet n wild Breakup Proof Liquid Eyeliner - Ultra-Fine Brush, Waterproof, Long-Lasting - Cruelty-Free & Vegan - Ultra Black</p><p>$4.04</p><a href="https://www.amazon.com/dp/B0BQWT8R9K?tag=eloabder-20&linkCode=osi&th=1&psc=1">View Product</a></div><div class="product"><a href="https://www.amazon.com/dp/B082YPRCMM?tag=eloabder-20&linkCode=osi&th=1&psc=1"><img src="https://m.media-amazon.com/images/I/317ubI9GTBL._SL500_.jpg" alt="Product Image"></a><p>wet n wild Mega Last Breakup Proof Eyeliner, Quick Drying, Waterproof, 16-Hour Wear - Cruelty-Free & Vegan - Blackest Black</p><p>$2.28</p><a href="https://www.amazon.com/dp/B082YPRCMM?tag=eloabder-20&linkCode=osi&th=1&psc=1">View Product</a></div><div class="product"><a href="https://www.amazon.com/dp/B07GX832KD?tag=eloabder-20&linkCode=osi&th=1&psc=1"><img src="https://m.media-amazon.com/images/I/315wR2F58-L._SL500_.jpg" alt="Product Image"></a><p>Maybelline TattooStudio Long-Lasting Sharpenable Eyeliner Pencil, Glide on Smooth Gel Pigments with 36 Hour Wear, Waterproof, Deep Onyx, 1 Count</p><p>$6.66</p><a href="https://www.amazon.com/dp/B07GX832KD?tag=eloabder-20&linkCode=osi&th=1&psc=1">View Product</a></div>
<div class="product"><a href="https://www.amazon.com/dp/B09T8DQ1SG?tag=eloabder-20&linkCode=osi&th=1&psc=1"><img src="https://m.media-amazon.com/images/I/41gpuwrIhOL._SL500_.jpg" alt="Product Image"></a><p>Maybelline Super Stay Vinyl Ink Longwear No-Budge Liquid Lipcolor Makeup, Highly Pigmented Color and Instant Shine, Royal, Deep Wine Red Lipstick, 0.14 fl oz, 1 Count</p><p>$9.82</p><a href="https://www.amazon.com/dp/B09T8DQ1SG?tag=eloabder-20&linkCode=osi&th=1&psc=1">View Product</a></div><div class="product"><a href="https://www.amazon.com/dp/B004BCTEF0?tag=eloabder-20&linkCode=osi&th=1&psc=1"><img src="https://m.media-amazon.com/images/I/31G9f-P8tML._SL500_.jpg" alt="Product Image"></a><p>L’Oréal Paris Colour Riche Original Creamy, Hydrating Satin Lipstick with Argan Oil and Vitamin E, Saucy Mauve , 1 Count</p><p>$6.71</p><a href="https://www.amazon.com/dp/B004BCTEF0?tag=eloabder-20&linkCode=osi&th=1&psc=1">View Product</a></div><div class="product"><a href="https://www.amazon.com/dp/B08H4FSGDX?tag=eloabder-20&linkCode=osi&th=1&psc=1"><img src="https://m.media-amazon.com/images/I/31OAiyoloML._SL500_.jpg" alt="Product Image"></a><p>Maybelline Super Stay Matte Ink Liquid Lipstick Makeup, Long Lasting High Impact Color, Up to 16H Wear, Exhilarator, Ruby Red, 1 Count</p><p>$9.18</p><a href="https://www.amazon.com/dp/B08H4FSGDX?tag=eloabder-20&linkCode=osi&th=1&psc=1">View Product</a></div><div class="product"><a href="https://www.amazon.com/dp/B07XTTDTWR?tag=eloabder-20&linkCode=osi&th=1&psc=1"><img src="https://m.media-amazon.com/images/I/31M4QldCq3L._SL500_.jpg" alt="Product Image"></a><p>REVLON Lipstick, Super Lustrous Lipstick, Creamy Formula For Soft, Fuller-Looking Lips, Moisturized Feel in Nudes & Browns, Bare It All (755) 0.15 oz</p><p>$6.48</p><a href="https://www.amazon.com/dp/B07XTTDTWR?tag=eloabder-20&linkCode=osi&th=1&psc=1">View Product</a></div><div class="product"><a href="https://www.amazon.com/dp/B079KFP7NT?tag=eloabder-20&linkCode=osi&th=1&psc=1"><img src="https://m.media-amazon.com/images/I/41Ih8G0FSmL._SL500_.jpg" alt="Product Image"></a><p>wet n wild Silk Finish Lipstick, Hydrating Rich Buildable Lip Color, Formulated with Vitamins A,E, & Macadamia for Ultimate Hydration, Cruelty-Free & Vegan - Raging Red</p><p>$1.29</p><a href="https://www.amazon.com/dp/B079KFP7NT?tag=eloabder-20&linkCode=osi&th=1&psc=1">View Product</a></div><div class="product"><a href="https://www.amazon.com/dp/B002F3R44K?tag=eloabder-20&linkCode=osi&th=1&psc=1"><img src="https://m.media-amazon.com/images/I/41-gXIE96GL._SL500_.jpg" alt="Product Image"></a><p>Revlon Lipstick, Super Lustrous Lipstick, Creamy Formula For Soft, Fuller-Looking Lips, Moisturized Feel in Pinks, Pink In The Afternoon (415) 0.15 oz</p><p>$6.48</p><a href="https://www.amazon.com/dp/B002F3R44K?tag=eloabder-20&linkCode=osi&th=1&psc=1">View Product</a></div><div class="product"><a href="https://www.amazon.com/dp/B001LFER98?tag=eloabder-20&linkCode=osi&th=1&psc=1"><img src="https://m.media-amazon.com/images/I/41wezVKuIoL._SL500_.jpg" alt="Product Image"></a><p>REVLON Lipstick, Super Lustrous Lipstick, Creamy Formula For Soft, Fuller-Looking Lips, Moisturized Feel in Reds & Corals, Peach Me (628) 0.15 oz</p><p>$4.99</p><a href="https://www.amazon.com/dp/B001LFER98?tag=eloabder-20&linkCode=osi&th=1&psc=1">View Product</a></div><div class="product"><a href="https://www.amazon.com/dp/B082YQ2978?tag=eloabder-20&linkCode=osi&th=1&psc=1"><img src="https://m.media-amazon.com/images/I/31QsMhXUSeL._SL500_.jpg" alt="Product Image"></a><p>wet n wild Mega Last High-Shine Lipstick Lip Color, Infused with Seed Oils For a Nourishing High-Shine, Buildable & Blendable Creamy Color, Cruelty-Free & Vegan - Mad for Mauve</p><p>$2.28</p><a href="https://www.amazon.com/dp/B082YQ2978?tag=eloabder-20&linkCode=osi&th=1&psc=1">View Product</a></div>
<div class="product"><a href="https://www.amazon.com/dp/B09SP2XHKT?tag=eloabder-20&linkCode=osi&th=1&psc=1"><img src="https://m.media-amazon.com/images/I/31KGrScgA8L._SL500_.jpg" alt="Product Image"></a><p>NYX PROFESSIONAL MAKEUP Butter Gloss, Non-Sticky Lip Gloss - Sugar Glass (Clear)</p><p>$5.99</p><a href="https://www.amazon.com/dp/B09SP2XHKT?tag=eloabder-20&linkCode=osi&th=1&psc=1">View Product</a></div><div class="product"><a href="https://www.amazon.com/dp/B08GSTZ7ZW?tag=eloabder-20&linkCode=osi&th=1&psc=1"><img src="https://m.media-amazon.com/images/I/41nPuTtXVgL._SL500_.jpg" alt="Product Image"></a><p>Ruby Kisses Broadway Vita-Lip Clear Lip Gloss - Moisturizing, Hydrating, Nourishing with Mint, Rosehip, Coconut, Mango, Argan, Honey & Shea</p><p>$7.99 ($2.12 / Ounce)</p><a href="https://www.amazon.com/dp/B08GSTZ7ZW?tag=eloabder-20&linkCode=osi&th=1&psc=1">View Product</a></div><div class="product"><a href="https://www.amazon.com/dp/B015RPE14S?tag=eloabder-20&linkCode=osi&th=1&psc=1"><img src="https://m.media-amazon.com/images/I/31FRC3fz7EL._SL500_.jpg" alt="Product Image"></a><p>L.A. Colors High Shine Shea Butter Lip Gloss, Clear, 0.14 Ounce</p><p>$1.98</p><a href="https://www.amazon.com/dp/B015RPE14S?tag=eloabder-20&linkCode=osi&th=1&psc=1">View Product</a></div><div class="product"><a href="https://www.amazon.com/dp/B00Q26VWZI?tag=eloabder-20&linkCode=osi&th=1&psc=1"><img src="https://m.media-amazon.com/images/I/31Bqig96T0L._SL500_.jpg" alt="Product Image"></a><p>Rimmel Stay Glossy Lip Gloss - Non-Sticky and Lightweight Formula for Lip Color and Shine - 130 Blushing Belgraves, .18oz</p><p>$4.32</p><a href="https://www.amazon.com/dp/B00Q26VWZI?tag=eloabder-20&linkCode=osi&th=1&psc=1">View Product</a></div><div class="product"><a href="https://www.amazon.com/dp/B0C1MH8R2M?tag=eloabder-20&linkCode=osi&th=1&psc=1"><img src="https://m.media-amazon.com/images/I/31adT7DtBYL._SL500_.jpg" alt="Product Image"></a><p>Maybelline New York Lifter Gloss Hydrating Lip Gloss with Hyaluronic Acid, Gummy Bear, Sheer Light Pink, 1 Count</p><p>$8.98</p><a href="https://www.amazon.com/dp/B0C1MH8R2M?tag=eloabder-20&linkCode=osi&th=1&psc=1">View Product</a></div><div class="product"><a href="https://www.amazon.com/dp/B01N1ZC8JZ?tag=eloabder-20&linkCode=osi&th=1&psc=1"><img src="https://m.media-amazon.com/images/I/41fsaqWz6SL._SL500_.jpg" alt="Product Image"></a><p>Broadway Vita-Lip Clear Lip Gloss 0.47oz/14ml (5PCS Mint & Coconut & Rosehip & Mango Butter & Argan Oil) (5 PCS SET)</p><p>$5.99</p><a href="https://www.amazon.com/dp/B01N1ZC8JZ?tag=eloabder-20&linkCode=osi&th=1&psc=1">View Product</a></div><div class="product"><a href="https://www.amazon.com/dp/B07DY2QRF6?tag=eloabder-20&linkCode=osi&th=1&psc=1"><img src="https://m.media-amazon.com/images/I/31qXrVfhvCL._SL500_.jpg" alt="Product Image"></a><p>LANEIGE Lip Glowy Balm Berry: Hydrate, Glossy, Lightweight, Moisturize & Tint with Shea Butter</p><p>$19.00 ($54.29 / Ounce)</p><a href="https://www.amazon.com/dp/B07DY2QRF6?tag=eloabder-20&linkCode=osi&th=1&psc=1">View Product</a></div><div class="product"><a href="https://www.amazon.com/dp/B09DMGWJKY?tag=eloabder-20&linkCode=osi&th=1&psc=1"><img src="https://m.media-amazon.com/images/I/41nIFmIKHRL._SL500_.jpg" alt="Product Image"></a><p>Broadway Vita-Lip Clear Lip Gloss Moisturizing Hydrating Nourishing Long Lasting High Shine Glossy Lip Care Gloss 0.47oz/14ml (10 PCS SET)</p><p>$9.99</p><a href="https://www.amazon.com/dp/B09DMGWJKY?tag=eloabder-20&linkCode=osi&th=1&psc=1">View Product</a></div><div class="product"><a href="https://www.amazon.com/dp/B0BSR85M24?tag=eloabder-20&linkCode=osi&th=1&psc=1"><img src="https://m.media-amazon.com/images/I/31eKHNoE3KL._SL500_.jpg" alt="Product Image"></a><p>e.l.f. Lip Lacquer, Nourishing, Non-Sticky Ultra-Shine Lip Gloss With Sheer Color, Infused With Vitamins A & E, Vegan & Cruelty-Free, Whisper Pink</p><p>$3.00</p><a href="https://www.amazon.com/dp/B0BSR85M24?tag=eloabder-20&linkCode=osi&th=1&psc=1">View Product</a></div><div class="product"><a href="https://www.amazon.com/dp/B081C6PXZJ?tag=eloabder-20&linkCode=osi&th=1&psc=1"><img src="https://m.media-amazon.com/images/I/51+emO79aqL._SL500_.jpg" alt="Product Image"></a><p>NICKA K NEW YORK VARIETY SET OF 5 NK Hydrating Lip Gel - Vitamin E (Clear, Rosehip Oil, Bubble Gum, Cherry, Strawberry)</p><p>$5.43</p><a href="https://www.amazon.com/dp/B081C6PXZJ?tag=eloabder-20&linkCode=osi&th=1&psc=1">View Product</a></div>
<div class="product"><a href="https://www.amazon.com/dp/B07PNCB73M?tag=eloabder-20&linkCode=osi&th=1&psc=1"><img src="https://m.media-amazon.com/images/I/41+KYSFOLML._SL500_.jpg" alt="Product Image"></a><p>Milani Baked Blush - Petal Primavera (0.12 Ounce) Cruelty-Free Powder Blush - Shape, Contour & Highlight Face for a Shimmery or Matte Finish</p><p>$8.97</p><a href="https://www.amazon.com/dp/B07PNCB73M?tag=eloabder-20&linkCode=osi&th=1&psc=1">View Product</a></div><div class="product"><a href="https://www.amazon.com/dp/B0CZ5HLDK9?tag=eloabder-20&linkCode=osi&th=1&psc=1"><img src="https://m.media-amazon.com/images/I/41rZu1cS8QL._SL500_.jpg" alt="Product Image"></a><p>NYX PROFESSIONAL MAKEUP Buttermelt Powder Blush, Fade and Transfer-Resistant Blush, Up to 12HR Make Up Wear, Vegan Formula - For The Butta</p><p>$9.97</p><a href="https://www.amazon.com/dp/B0CZ5HLDK9?tag=eloabder-20&linkCode=osi&th=1&psc=1">View Product</a></div><div class="product"><a href="https://www.amazon.com/dp/B0CPFYGNR7?tag=eloabder-20&linkCode=osi&th=1&psc=1"><img src="https://m.media-amazon.com/images/I/31EJvMa7jyL._SL500_.jpg" alt="Product Image"></a><p>e.l.f. Camo Liquid Blush, Long-lasting Liquid Blush For High-pigment Color, Creates A Soft, Dewy Finish, Vegan & Cruelty-free, Dusty Rosé</p><p>$7.00</p><a href="https://www.amazon.com/dp/B0CPFYGNR7?tag=eloabder-20&linkCode=osi&th=1&psc=1">View Product</a></div><div class="product"><a href="https://www.amazon.com/dp/B06XDNPXD1?tag=eloabder-20&linkCode=osi&th=1&psc=1"><img src="https://m.media-amazon.com/images/I/41IryPTf51L._SL500_.jpg" alt="Product Image"></a><p>Maybelline Fit Me Powder Blush, Lightweight, Smooth, Blendable, Long-lasting All-Day Face Enhancing Makeup Color, Mauve, 1 Count</p><p>$4.62</p><a href="https://www.amazon.com/dp/B06XDNPXD1?tag=eloabder-20&linkCode=osi&th=1&psc=1">View Product</a></div><div class="product"><a href="https://www.amazon.com/dp/B082YPNTZ4?tag=eloabder-20&linkCode=osi&th=1&psc=1"><img src="https://m.media-amazon.com/images/I/41vtXkWXs8L._SL500_.jpg" alt="Product Image"></a><p>wet n wild Color Icon Blush, Effortless Glow & Seamless Blend infused with Luxuriously Smooth Jojoba Oil, Sheer Finish with a Matte Natural Glow, Cruelty-Free & Vegan - Pinch Me Pink</p><p>$3.28</p><a href="https://www.amazon.com/dp/B082YPNTZ4?tag=eloabder-20&linkCode=osi&th=1&psc=1">View Product</a></div><div class="product"><a href="https://www.amazon.com/dp/B0CPFWJJQJ?tag=eloabder-20&linkCode=osi&th=1&psc=1"><img src="https://m.media-amazon.com/images/I/41+GdEwyGqL._SL500_.jpg" alt="Product Image"></a><p>e.l.f. Primer-Infused Matte Blush, Long-Lasting, Lightweight & Buildable Powder Blush, Delivers A Matte Finish, Vegan & Cruelty-Free, Always Crushing</p><p>$7.00</p><a href="https://www.amazon.com/dp/B0CPFWJJQJ?tag=eloabder-20&linkCode=osi&th=1&psc=1">View Product</a></div><div class="product"><a href="https://www.amazon.com/dp/B0B64GX5LN?tag=eloabder-20&linkCode=osi&th=1&psc=1"><img src="https://m.media-amazon.com/images/I/31aZBeyUSsL._SL500_.jpg" alt="Product Image"></a><p>LAURA GELLER NEW YORK Serum Blush Tint, Lightweight Liquid Blush for Cheeks, Weightless Watercolor Sheer Finish, Practical Pink</p><p>$15.74</p><a href="https://www.amazon.com/dp/B0B64GX5LN?tag=eloabder-20&linkCode=osi&th=1&psc=1">View Product</a></div><div class="product"><a href="https://www.amazon.com/dp/B00J56D0G6?tag=eloabder-20&linkCode=osi&th=1&psc=1"><img src="https://m.media-amazon.com/images/I/31MVN0QAhfL._SL500_.jpg" alt="Product Image"></a><p>e.l.f. Cosmetics Powder Blush Palette, Four Blush Shades for Beautiful, Long-Lasting Pigment, Light</p><p>$6.00</p><a href="https://www.amazon.com/dp/B00J56D0G6?tag=eloabder-20&linkCode=osi&th=1&psc=1">View Product</a></div><div class="product"><a href="https://www.amazon.com/dp/B0BHFBBH25?tag=eloabder-20&linkCode=osi&th=1&psc=1"><img src="https://m.media-amazon.com/images/I/31uqOuPPf5L._SL500_.jpg" alt="Product Image"></a><p>SHEGLAM Color Bloom Liquid Blush Makeup for Cheeks Matte Finish - Love Cake</p><p>$6.99</p><a href="https://www.amazon.com/dp/B0BHFBBH25?tag=eloabder-20&linkCode=osi&th=1&psc=1">View Product</a></div><div class="product"><a href="https://www.amazon.com/dp/B07J47FHR1?tag=eloabder-20&linkCode=osi&th=1&psc=1"><img src="https://m.media-amazon.com/images/I/41Xyor9x2SL._SL500_.jpg" alt="Product Image"></a><p>Nars Blush in ORGASM Full Size 0.16 oz. / 4.8 g in Retail Box New Edition</p><p>$22.00</p><a href="https://www.amazon.com/dp/B07J47FHR1?tag=eloabder-20&linkCode=osi&th=1&psc=1">View Product</a></div>
<div class="product"><a href="https://www.amazon.com/dp/B018B8Q5Z6?tag=eloabder-20&linkCode=osi&th=1&psc=1"><img src="https://m.media-amazon.com/images/I/41D9ZHQRaSL._SL500_.jpg" alt="Product Image"></a><p>Physicians Formula Murumuru Butter Bronzer, Moisturizing, Nourishing Murumuru Butter Blend for Silky All-Day Luminous Glow, Dermatologist Tested, Hypoallergenic, Vegan & Cruelty-Free -Bronzer</p><p>$12.15</p><a href="https://www.amazon.com/dp/B018B8Q5Z6?tag=eloabder-20&linkCode=osi&th=1&psc=1">View Product</a></div><div class="product"><a href="https://www.amazon.com/dp/B001B0H82Q?tag=eloabder-20&linkCode=osi&th=1&psc=1"><img src="https://m.media-amazon.com/images/I/41I3B-YoLkL._SL500_.jpg" alt="Product Image"></a><p>Rimmel London Natural - 022 Sun Bronze - Bronzer, Matte Finish, 0.49oz</p><p>$3.97</p><a href="https://www.amazon.com/dp/B001B0H82Q?tag=eloabder-20&linkCode=osi&th=1&psc=1">View Product</a></div><div class="product"><a href="https://www.amazon.com/dp/B0BM5HX7DN?tag=eloabder-20&linkCode=osi&th=1&psc=1"><img src="https://m.media-amazon.com/images/I/41DwoHQgzsL._SL500_.jpg" alt="Product Image"></a><p>Benefit Hoola Matte Bronzer Mini 0.08 Ounce</p><p>$17.92</p><a href="https://www.amazon.com/dp/B0BM5HX7DN?tag=eloabder-20&linkCode=osi&th=1&psc=1">View Product</a></div><div class="product"><a href="https://www.amazon.com/dp/B07M7NGVW7?tag=eloabder-20&linkCode=osi&th=1&psc=1"><img src="https://m.media-amazon.com/images/I/51dvod9PjTL._SL500_.jpg" alt="Product Image"></a><p>wet n wild Color Icon Bronzer What Shady Beaches</p><p>$2.96</p><a href="https://www.amazon.com/dp/B07M7NGVW7?tag=eloabder-20&linkCode=osi&th=1&psc=1">View Product</a></div><div class="product"><a href="https://www.amazon.com/dp/B0CPFVTY7M?tag=eloabder-20&linkCode=osi&th=1&psc=1"><img src="https://m.media-amazon.com/images/I/41rO68Q0mlL._SL500_.jpg" alt="Product Image"></a><p>e.l.f. Primer-Infused Bronzer, Long-Lasting, Lightweight & Buildable Powder Bronzer, Delivers A Matte Finish, Vegan & Cruelty-Free, Fresh Tan</p><p>$7.00</p><a href="https://www.amazon.com/dp/B0CPFVTY7M?tag=eloabder-20&linkCode=osi&th=1&psc=1">View Product</a></div><div class="product"><a href="https://www.amazon.com/dp/B07ZR187P5?tag=eloabder-20&linkCode=osi&th=1&psc=1"><img src="https://m.media-amazon.com/images/I/410nkMFZLYL._SL500_.jpg" alt="Product Image"></a><p>e.l.f. Primer-infused Bronzer, Long-Wear, Matte, Bold, Lightweight, Blends Easily, Contours Cheeks, Forever Sun Kissed, All-Day Wear, 0.35 Oz</p><p>$7.00 ($20.00 / Ounce)</p><a href="https://www.amazon.com/dp/B07ZR187P5?tag=eloabder-20&linkCode=osi&th=1&psc=1">View Product</a></div><div class="product"><a href="https://www.amazon.com/dp/B00518N3VE?tag=eloabder-20&linkCode=osi&th=1&psc=1"><img src="https://m.media-amazon.com/images/I/41SzIseWK6L._SL500_.jpg" alt="Product Image"></a><p>Milani Baked Bronzer - Glow, Cruelty-Free Shimmer Bronzing Powder to Use For Contour Makeup, Highlighters Makeup, Bronzer Makeup, 0.25 Ounce</p><p>$9.97 ($39.88 / Ounce)</p><a href="https://www.amazon.com/dp/B00518N3VE?tag=eloabder-20&linkCode=osi&th=1&psc=1">View Product</a></div><div class="product"><a href="https://www.amazon.com/dp/B0CNTYPSSZ?tag=eloabder-20&linkCode=osi&th=1&psc=1"><img src="https://m.media-amazon.com/images/I/416D4Z7hQ8L._SL500_.jpg" alt="Product Image"></a><p>Milani Cheek Kiss Cream Bronzer-110 Hey Honey</p><p>$9.97</p><a href="https://www.amazon.com/dp/B0CNTYPSSZ?tag=eloabder-20&linkCode=osi&th=1&psc=1">View Product</a></div><div class="product"><a href="https://www.amazon.com/dp/B006WZ9O72?tag=eloabder-20&linkCode=osi&th=1&psc=1"><img src="https://m.media-amazon.com/images/I/51rDNo9JnqL._SL500_.jpg" alt="Product Image"></a><p>Physicians Formula Bronze Booster Glow-Boosting Season-to-Season, Customizable Seasonal Glow Glow, Lasting Tan Boost, Hypoallergenic Powder, Cruelty-Free & Hypoallergenic- Light-to-Medium</p><p>$12.98</p><a href="https://www.amazon.com/dp/B006WZ9O72?tag=eloabder-20&linkCode=osi&th=1&psc=1">View Product</a></div>
<div class="product"><a href="https://www.amazon.com/dp/B09288DSSX?tag=eloabder-20&linkCode=osi&th=1&psc=1"><img src="https://m.media-amazon.com/images/I/417z6evbmhL._SL500_.jpg" alt="Product Image"></a><p>KYDA Face Highlighter Palette, High Glossy Face Illuminator Palette, Narutal Glow Finish, Pearl Shimmer Smooth Baked Powder, Lasting Sparkling Highlighter Makeup-SUN GLOW</p><p>$9.99</p><a href="https://www.amazon.com/dp/B09288DSSX?tag=eloabder-20&linkCode=osi&th=1&psc=1">View Product</a></div><div class="product"><a href="https://www.amazon.com/dp/B082YPL2SV?tag=eloabder-20&linkCode=osi&th=1&psc=1"><img src="https://m.media-amazon.com/images/I/51Y+MCkwArL._SL500_.jpg" alt="Product Image"></a><p>Wet n Wild MegaGlo Blushlighter, Blendable Blush & Highlighter Set, Shimmery Metallic Finish, Highlight Bling</p><p>$5.47</p><a href="https://www.amazon.com/dp/B082YPL2SV?tag=eloabder-20&linkCode=osi&th=1&psc=1">View Product</a></div><div class="product"><a href="https://www.amazon.com/dp/B0C41PSDZF?tag=eloabder-20&linkCode=osi&th=1&psc=1"><img src="https://m.media-amazon.com/images/I/41FLNU-tL-L._SL500_.jpg" alt="Product Image"></a><p>NYX PROFESSIONAL MAKEUP, Jumbo Multi-Use Face Highlighter Stick - Vanilla Ice Cream</p><p>$7.97</p><a href="https://www.amazon.com/dp/B0C41PSDZF?tag=eloabder-20&linkCode=osi&th=1&psc=1">View Product</a></div><div class="product"><a href="https://www.amazon.com/dp/B0C6V67KJW?tag=eloabder-20&linkCode=osi&th=1&psc=1"><img src="https://m.media-amazon.com/images/I/31Yh8b8JEjL._SL500_.jpg" alt="Product Image"></a><p>e.l.f. Halo Glow Highlight Beauty Wand, Liquid Highlighter Wand For Luminous, Glowing Skin, Buildable Formula, Vegan & Cruelty-free,Champagne Campaign</p><p>$9.00</p><a href="https://www.amazon.com/dp/B0C6V67KJW?tag=eloabder-20&linkCode=osi&th=1&psc=1">View Product</a></div><div class="product"><a href="https://www.amazon.com/dp/B073WMG59J?tag=eloabder-20&linkCode=osi&th=1&psc=1"><img src="https://m.media-amazon.com/images/I/51fz8bpJNNL._SL500_.jpg" alt="Product Image"></a><p>wet n wild MegaGlo Highlighting Powder, Highlighter Makeup, Shimmer Glow, Pink Rose Gold Blossom Glow</p><p>$5.41</p><a href="https://www.amazon.com/dp/B073WMG59J?tag=eloabder-20&linkCode=osi&th=1&psc=1">View Product</a></div><div class="product"><a href="https://www.amazon.com/dp/B07QPY11KY?tag=eloabder-20&linkCode=osi&th=1&psc=1"><img src="https://m.media-amazon.com/images/I/312T7p8cW6L._SL500_.jpg" alt="Product Image"></a><p>Revolution Beauty, Reloaded Pressed Powder Highlighter, Intensely Pigmented for a High Impact Dewy Finish, Dare To Divulge, 0.22 Oz.</p><p>$6.91</p><a href="https://www.amazon.com/dp/B07QPY11KY?tag=eloabder-20&linkCode=osi&th=1&psc=1">View Product</a></div><div class="product"><a href="https://www.amazon.com/dp/B074PTZCNW?tag=eloabder-20&linkCode=osi&th=1&psc=1"><img src="https://m.media-amazon.com/images/I/31btEAGukiL._SL500_.jpg" alt="Product Image"></a><p>L'Oreal Paris Makeup True Match Lumi Glotion, Natural Glow Enhancer, Illuminator Highlighter Skin Tint, for an All Day Radiant Glow, Light, 1.35 Ounces</p><p>$12.81</p><a href="https://www.amazon.com/dp/B074PTZCNW?tag=eloabder-20&linkCode=osi&th=1&psc=1">View Product</a></div><div class="product"><a href="https://www.amazon.com/dp/B075K784FK?tag=eloabder-20&linkCode=osi&th=1&psc=1"><img src="https://m.media-amazon.com/images/I/51q6Nf009iL._SL500_.jpg" alt="Product Image"></a><p>Physicians Formula Murumuru Butter Highlighter Makeup Face Powder Make Up, Pearl, Dermatologist Approved</p><p>$10.00</p><a href="https://www.amazon.com/dp/B075K784FK?tag=eloabder-20&linkCode=osi&th=1&psc=1">View Product</a></div><div class="product"><a href="https://www.amazon.com/dp/B0BD9HYBKD?tag=eloabder-20&linkCode=osi&th=1&psc=1"><img src="https://m.media-amazon.com/images/I/319tXl8nMUL._SL500_.jpg" alt="Product Image"></a><p>LAURA GELLER NEW YORK Baked Natural Glow Highlighter Radiance Enhancing Makeup, French Vanilla</p><p>$18.99</p><a href="https://www.amazon.com/dp/B0BD9HYBKD?tag=eloabder-20&linkCode=osi&th=1&psc=1">View Product</a></div><div class="product"><a href="https://www.amazon.com/dp/B083574V27?tag=eloabder-20&linkCode=osi&th=1&psc=1"><img src="https://m.media-amazon.com/images/I/41fyFVpDrXL._SL500_.jpg" alt="Product Image"></a><p>Milani Baked Highlighter (Dolce Perla) - Cruelty-Free Powder Highlighter, Highlight Face for a Shimmery or Matte Finish</p><p>$10.97 ($39.18 / Ounce)</p><a href="https://www.amazon.com/dp/B083574V27?tag=eloabder-20&linkCode=osi&th=1&psc=1">View Product</a></div>
<div class="product"><a href="https://www.amazon.com/dp/B0CMHSNYG8?tag=eloabder-20&linkCode=osi&th=1&psc=1"><img src="https://m.media-amazon.com/images/I/51iVcKQ6eIL._SL500_.jpg" alt="Product Image"></a><p>JODSONE Gel Nail Set 20 Colors High Shine Gorgeous Gel Polish Base Top Matte Coat Nice Gifts Show Charm</p><p>$19.99</p><a href="https://www.amazon.com/dp/B0CMHSNYG8?tag=eloabder-20&linkCode=osi&th=1&psc=1">View Product</a></div><div class="product"><a href="https://www.amazon.com/dp/B09KC56289?tag=eloabder-20&linkCode=osi&th=1&psc=1"><img src="https://m.media-amazon.com/images/I/51M-P1nM7QL._SL500_.jpg" alt="Product Image"></a><p>JODSONE 36 PCS Gel Nail Polish Set-32 Colors Gel Polish Kit Base Coat Glossy Matte and Glitter Top Coat Nail Polish Set Green Blue Red Pink Collection Gifts for Women</p><p>$25.99</p><a href="https://www.amazon.com/dp/B09KC56289?tag=eloabder-20&linkCode=osi&th=1&psc=1">View Product</a></div><div class="product"><a href="https://www.amazon.com/dp/B00GXVVDG0?tag=eloabder-20&linkCode=osi&th=1&psc=1"><img src="https://m.media-amazon.com/images/I/21vF-y2FfJL._SL500_.jpg" alt="Product Image"></a><p>Essie Nail Polish, Salon-Quality, 8-free Vegan, Finish, Mademoiselle, 0.46 Ounces (Packaging May Vary) Sheer Pink</p><p>$8.99</p><a href="https://www.amazon.com/dp/B00GXVVDG0?tag=eloabder-20&linkCode=osi&th=1&psc=1">View Product</a></div><div class="product"><a href="https://www.amazon.com/dp/B0987JZSP8?tag=eloabder-20&linkCode=osi&th=1&psc=1"><img src="https://m.media-amazon.com/images/I/31VZYZfCKbL._SL500_.jpg" alt="Product Image"></a><p>OPI Nature Strong Vegan Nail Polish, Knowledge is Flower, Pink Nail Polish, Natural Origin, Cruelty-Free Nail Lacquer, 0.5 fl oz.</p><p>$12.99 ($25.98 / Fl Oz)</p><a href="https://www.amazon.com/dp/B0987JZSP8?tag=eloabder-20&linkCode=osi&th=1&psc=1">View Product</a></div><div class="product"><a href="https://www.amazon.com/dp/B0CYLRWVVF?tag=eloabder-20&linkCode=osi&th=1&psc=1"><img src="https://m.media-amazon.com/images/I/51G1EY8ny6L._SL500_.jpg" alt="Product Image"></a><p>modelones Pearl Nail Polish 6 Colors Shimmer Pearl White Pink Mermaid Purple Nail Polish Set Summer Quick Dry Nail Polish Finger Nail Polish Bulk Manicure Diy Nail Art Salon Home Gift For Women Girl</p><p>$12.99</p><a href="https://www.amazon.com/dp/B0CYLRWVVF?tag=eloabder-20&linkCode=osi&th=1&psc=1">View Product</a></div>
<div class="product"><a href="https://www.amazon.com/dp/B005HGWGVS?tag=eloabder-20&linkCode=osi&th=1&psc=1"><img src="https://m.media-amazon.com/images/I/41NVfMcQBQL._SL500_.jpg" alt="Product Image"></a><p>Hard As Hoof Nail Strengthening Cream with Coconut Scent, Nail Growth & Conditioning Cuticle Cream Stops Splits, Chips, Cracks & Strengthens Nails, 1 oz</p><p>$8.88</p><a href="https://www.amazon.com/dp/B005HGWGVS?tag=eloabder-20&linkCode=osi&th=1&psc=1">View Product</a></div><div class="product"><a href="https://www.amazon.com/dp/B08YMJ4X4B?tag=eloabder-20&linkCode=osi&th=1&psc=1"><img src="https://m.media-amazon.com/images/I/41JNcOM8lBL._SL500_.jpg" alt="Product Image"></a><p>C CARE Sweet Almond Cuticle Oil For Nails - Repairs Cuticles Overnight - Moisturizes and Strengthens Nails and Cuticles - Dropper & Brush included - 2.5oz</p><p>$5.97 ($2.39 / Fl Oz)</p><a href="https://www.amazon.com/dp/B08YMJ4X4B?tag=eloabder-20&linkCode=osi&th=1&psc=1">View Product</a></div><div class="product"><a href="https://www.amazon.com/dp/B0046MK34G?tag=eloabder-20&linkCode=osi&th=1&psc=1"><img src="https://m.media-amazon.com/images/I/41PPyJFVAlL._SL500_.jpg" alt="Product Image"></a><p>Sally Hansen Instant Cuticle Remover™, Nail Treatment, Fast Drying, Contains Aloe and Chamomile</p><p>$4.97</p><a href="https://www.amazon.com/dp/B0046MK34G?tag=eloabder-20&linkCode=osi&th=1&psc=1">View Product</a></div><div class="product"><a href="https://www.amazon.com/dp/B00F644LTQ?tag=eloabder-20&linkCode=osi&th=1&psc=1"><img src="https://m.media-amazon.com/images/I/31+v2SZDagL._SL500_.jpg" alt="Product Image"></a><p>Cuccio Naturale Revitalizing- Hydrating Oil For Repaired Cuticles Overnight - Remedy For Damaged Skin And Thin Nails - Paraben /Cruelty-Free Formula - Milk And Honey - 2.5 Oz</p><p>$9.48 ($3.79 / Fl Oz)</p><a href="https://www.amazon.com/dp/B00F644LTQ?tag=eloabder-20&linkCode=osi&th=1&psc=1">View Product</a></div><div class="product"><a href="https://www.amazon.com/dp/B007QBKX08?tag=eloabder-20&linkCode=osi&th=1&psc=1"><img src="https://m.media-amazon.com/images/I/51BgkFaTnpL._SL500_.jpg" alt="Product Image"></a><p>Nail Tek Repairs Damaged Nails kit.Intensive Therapy(.5OZ),Foundation(.5OZ)& Renew(.48OZ)</p><p>$14.95</p><a href="https://www.amazon.com/dp/B007QBKX08?tag=eloabder-20&linkCode=osi&th=1&psc=1">View Product</a></div>
<div class="product"><a href="https://www.amazon.com/dp/B017PCGAXQ?tag=eloabder-20&linkCode=osi&th=1&psc=1"><img src="https://m.media-amazon.com/images/I/31-daQlUgGL._SL500_.jpg" alt="Product Image"></a><p>Garnier Micellar Water For Waterproof Makeup, Hydrating Facial Cleanser & Makeup Remover, Suitable for Sensitive Skin, Vegan, Cruelty Free, 13.5 Fl Oz (400mL), 1 Count</p><p>$8.97 ($0.66 / Fl Oz)</p><a href="https://www.amazon.com/dp/B017PCGAXQ?tag=eloabder-20&linkCode=osi&th=1&psc=1">View Product</a></div><div class="product"><a href="https://www.amazon.com/dp/B017PCGABI?tag=eloabder-20&linkCode=osi&th=1&psc=1"><img src="https://m.media-amazon.com/images/I/3106WC85aAL._SL500_.jpg" alt="Product Image"></a><p>Garnier Micellar Water, Hydrating Facial Cleanser & Makeup Remover, Suitable for Sensitive Skin, Vegan, Cruelty Free, 13.5 Fl Oz (400mL), 1 Count</p><p>$8.97 ($0.66 / Fl Oz)</p><a href="https://www.amazon.com/dp/B017PCGABI?tag=eloabder-20&linkCode=osi&th=1&psc=1">View Product</a></div><div class="product"><a href="https://www.amazon.com/dp/B00U2VQZDS?tag=eloabder-20&linkCode=osi&th=1&psc=1"><img src="https://m.media-amazon.com/images/I/41VzZfHAKpL._SL500_.jpg" alt="Product Image"></a><p>Neutrogena Makeup Remover Wipes, Ultra-Soft Cleansing Facial Towelettes for Waterproof Makeup, Alcohol-Free, Plant-Based, Twin Pack, 25 Count (Pack of 2)</p><p>$9.16 ($0.18 / Count)</p><a href="https://www.amazon.com/dp/B00U2VQZDS?tag=eloabder-20&linkCode=osi&th=1&psc=1">View Product</a></div><div class="product"><a href="https://www.amazon.com/dp/B07T9JV956?tag=eloabder-20&linkCode=osi&th=1&psc=1"><img src="https://m.media-amazon.com/images/I/310x+0QrxsL._SL500_.jpg" alt="Product Image"></a><p>Neutrogena Gentle Oil-Free Eye Makeup Remover & Cleanser for Sensitive Eyes, Non-Greasy Makeup Remover, Removes Waterproof Mascara, Dermatologist & Ophthalmologist Tested, 8.0 fl. oz</p><p>$9.39 ($1.17 / Fl Oz)</p><a href="https://www.amazon.com/dp/B07T9JV956?tag=eloabder-20&linkCode=osi&th=1&psc=1">View Product</a></div><div class="product"><a href="https://www.amazon.com/dp/B01M31HY3S?tag=eloabder-20&linkCode=osi&th=1&psc=1"><img src="https://m.media-amazon.com/images/I/319i79e7f4L._SL500_.jpg" alt="Product Image"></a><p>Cetaphil Gentle Waterproof Makeup Remover, Mother's Day Gifts, Oil-Free Formula Suitable for Sensitive Skin, 6.0 Fluid Ounce</p><p>$9.87 ($1.64 / Fl Oz)</p><a href="https://www.amazon.com/dp/B01M31HY3S?tag=eloabder-20&linkCode=osi&th=1&psc=1">View Product</a></div><div class="product"><a href="https://www.amazon.com/dp/B07SS6LFRG?tag=eloabder-20&linkCode=osi&th=1&psc=1"><img src="https://m.media-amazon.com/images/I/31Mwa89HfCL._SL500_.jpg" alt="Product Image"></a><p>Amazon Basics Eye Makeup Remover, Removes Waterproof Mascara, Dermatologist Tested, Fragrance Free, 5.5 Fl Oz (Pack of 1)</p><p>$5.99 ($1.09 / Fl Oz)</p><a href="https://www.amazon.com/dp/B07SS6LFRG?tag=eloabder-20&linkCode=osi&th=1&psc=1">View Product</a></div><div class="product"><a href="https://www.amazon.com/dp/B08TQTT8LK?tag=eloabder-20&linkCode=osi&th=1&psc=1"><img src="https://m.media-amazon.com/images/I/31R-Y-dhjEL._SL500_.jpg" alt="Product Image"></a><p>e.l.f. Holy Hydration! Makeup Melting Cleansing Balm, Face Cleanser & Makeup Remover, Infused with Hyaluronic Acid to Hydrate Skin, 2 Oz</p><p>$11.00 ($5.50 / Ounce)</p><a href="https://www.amazon.com/dp/B08TQTT8LK?tag=eloabder-20&linkCode=osi&th=1&psc=1">View Product</a></div><div class="product"><a href="https://www.amazon.com/dp/B08Q3CQM7X?tag=eloabder-20&linkCode=osi&th=1&psc=1"><img src="https://m.media-amazon.com/images/I/31edyzkByfL._SL500_.jpg" alt="Product Image"></a><p>JUNO & Co. Clean 10 Cleansing Balm 10 Ingredients Makeup Remover 85g / 3.0oz</p><p>$14.99 ($5.00 / Ounce)</p><a href="https://www.amazon.com/dp/B08Q3CQM7X?tag=eloabder-20&linkCode=osi&th=1&psc=1">View Product</a></div><div class="product"><a href="https://www.amazon.com/dp/B0B1PP1XCM?tag=eloabder-20&linkCode=osi&th=1&psc=1"><img src="https://m.media-amazon.com/images/I/31kOCqV2+BL._SL500_.jpg" alt="Product Image"></a><p>CeraVe Cleansing Balm for Sensitive Skin | Hydrating Makeup Remover with Ceramides and Plant-based Jojoba Oil for Face | Non-Comedogenic Fragrance Free Non-Greasy |1.3 Ounces</p><p>$9.97 ($7.67 / Ounce)</p><a href="https://www.amazon.com/dp/B0B1PP1XCM?tag=eloabder-20&linkCode=osi&th=1&psc=1">View Product</a></div><div class="product"><a href="https://www.amazon.com/dp/B0BX65V1BZ?tag=eloabder-20&linkCode=osi&th=1&psc=1"><img src="https://m.media-amazon.com/images/I/31t6WiWvdDL._SL500_.jpg" alt="Product Image"></a><p>Prime Prometics PrimeSkin Beauty Water – Deeply Hydrating Pro-Age Make-Up Remover for Mature Women – Clean, One Swipe – for All Skin Types – pH balanced, Hypoallergenic</p><p>$27.00 ($5.29 / Fl Oz)</p><a href="https://www.amazon.com/dp/B0BX65V1BZ?tag=eloabder-20&linkCode=osi&th=1&psc=1">View Product</a></div>
<div class="product"><a href="https://www.amazon.com/dp/B07XC569XF?tag=eloabder-20&linkCode=osi&th=1&psc=1"><img src="https://m.media-amazon.com/images/I/4109uyzn-sL._SL500_.jpg" alt="Product Image"></a><p>Neutrogena Hydro Boost Facial Cleansing Towelettes + Hyaluronic Acid, Hydrating Makeup Remover Face Wipes Remove Dirt & Waterproof Makeup, Hypoallergenic, 100% Plant-Based Cloth, 2 x 25 ct</p><p>$13.20 ($0.26 / Count)</p><a href="https://www.amazon.com/dp/B07XC569XF?tag=eloabder-20&linkCode=osi&th=1&psc=1">View Product</a></div><div class="product"><a href="https://www.amazon.com/dp/B00479FP4Q?tag=eloabder-20&linkCode=osi&th=1&psc=1"><img src="https://m.media-amazon.com/images/I/41L2wro-FlL._SL500_.jpg" alt="Product Image"></a><p>Olay Daily Facials, Daily Clean Makeup Removing Facial Cleansing Wipes, 5-in-1 Water Activated Cloths, Exfoliates, Tones and Hydrates Skin, 66 count</p><p>$9.74 ($0.15 / Count)</p><a href="https://www.amazon.com/dp/B00479FP4Q?tag=eloabder-20&linkCode=osi&th=1&psc=1">View Product</a></div><div class="product"><a href="https://www.amazon.com/dp/B0864VDH6F?tag=eloabder-20&linkCode=osi&th=1&psc=1"><img src="https://m.media-amazon.com/images/I/418baEPkUdL._SL500_.jpg" alt="Product Image"></a><p>Amazon Basics Make Up Remover Wipes, Night Calming, 50 Count (2 Packs of 25) (Previously Solimo)</p><p>$7.93 ($0.16 / Count)</p><a href="https://www.amazon.com/dp/B0864VDH6F?tag=eloabder-20&linkCode=osi&th=1&psc=1">View Product</a></div><div class="product"><a href="https://www.amazon.com/dp/B093T3LQPP?tag=eloabder-20&linkCode=osi&th=1&psc=1"><img src="https://m.media-amazon.com/images/I/51mLU+qr6tL._SL500_.jpg" alt="Product Image"></a><p>Burt's Bees Rose Water Face Wipes, for All Skin Types, Hydrating Micellar Makeup Remover & Facial Cleansing Towelettes, 30 Ct (3-Pack)</p><p>$16.47 ($0.18 / Count)</p><a href="https://www.amazon.com/dp/B093T3LQPP?tag=eloabder-20&linkCode=osi&th=1&psc=1">View Product</a></div><div class="product"><a href="https://www.amazon.com/dp/B00NUJQG7Y?tag=eloabder-20&linkCode=osi&th=1&psc=1"><img src="https://m.media-amazon.com/images/I/51apu8FIluL._SL500_.jpg" alt="Product Image"></a><p>Burt's Bees Aloe Vera Face Wipes, for Sensitive Skin, Soothing Makeup Remover & Facial Cleansing Towelettes, 30 Ct. (3-Pack)</p><p>$16.41 ($0.18 / Count)</p><a href="https://www.amazon.com/dp/B00NUJQG7Y?tag=eloabder-20&linkCode=osi&th=1&psc=1">View Product</a></div><div class="product"><a href="https://www.amazon.com/dp/B09LXWPB1V?tag=eloabder-20&linkCode=osi&th=1&psc=1"><img src="https://m.media-amazon.com/images/I/4117i-jJMKL._SL500_.jpg" alt="Product Image"></a><p>CeraVe Hydrating Facial Cleansing Makeup Remover Wipes| Plant Based Face Biodegradable in Home Compost| Wash Cloth| Suitable for Sensitive Skin| Fragrance-free Non-comedogenic| 25 Count</p><p>$9.97 ($0.40 / Count)</p><a href="https://www.amazon.com/dp/B09LXWPB1V?tag=eloabder-20&linkCode=osi&th=1&psc=1">View Product</a></div><div class="product"><a href="https://www.amazon.com/dp/B006RFZ9IK?tag=eloabder-20&linkCode=osi&th=1&psc=1"><img src="https://m.media-amazon.com/images/I/41c4Ogejt9L._SL500_.jpg" alt="Product Image"></a><p>Bioré Daily Make Up Removing Cloths, Facial Cleansing Wipes with Dirt-grabbing Fibers for Deep Pore Cleansing without Oily Residue, 60 Count</p><p>$11.99 ($0.20 / Count)</p><a href="https://www.amazon.com/dp/B006RFZ9IK?tag=eloabder-20&linkCode=osi&th=1&psc=1">View Product</a></div><div class="product"><a href="https://www.amazon.com/dp/B01M4NFD2N?tag=eloabder-20&linkCode=osi&th=1&psc=1"><img src="https://m.media-amazon.com/images/I/41-iPdzYWDL._SL500_.jpg" alt="Product Image"></a><p>Cetaphil Gentle Makeup Removing Face Wipes, Daily Cleansing Facial Towelettes Gently Remove Makeup, Fragrance and Alcohol Free, 25 Count</p><p>$6.85 ($0.27 / Count)</p><a href="https://www.amazon.com/dp/B01M4NFD2N?tag=eloabder-20&linkCode=osi&th=1&psc=1">View Product</a></div><div class="product"><a href="https://www.amazon.com/dp/B0B644ZQLV?tag=eloabder-20&linkCode=osi&th=1&psc=1"><img src="https://m.media-amazon.com/images/I/41E5FGVZrnL._SL500_.jpg" alt="Product Image"></a><p>Cetaphil Face and Body Wipes, Gentle Skin Cleansing Cloths, 25 Count (Pack of 3), for Dry, Sensitive Skin, Flip Top Closure, Great for the Gym, Hypoallergenic, Fragrance Free</p><p>$20.91 ($0.28 / Count)</p><a href="https://www.amazon.com/dp/B0B644ZQLV?tag=eloabder-20&linkCode=osi&th=1&psc=1">View Product</a></div>
<div class="product"><a href="https://www.amazon.com/dp/B08RD6S5HF?tag=eloabder-20&linkCode=osi&th=1&psc=1"><img src="https://m.media-amazon.com/images/I/41uDw-xQNuL._SL500_.jpg" alt="Product Image"></a><p>BAIMEI IcyMe Gua Sha & Jade Roller Facial Tools Face Roller and Gua Sha Set for Puffiness and Redness Reducing Skin Care Routine, Self Care Gift for Men Women - Green</p><p>$9.99</p><a href="https://www.amazon.com/dp/B08RD6S5HF?tag=eloabder-20&linkCode=osi&th=1&psc=1">View Product</a></div><div class="product"><a href="https://www.amazon.com/dp/B09961TCV4?tag=eloabder-20&linkCode=osi&th=1&psc=1"><img src="https://m.media-amazon.com/images/I/41cLCDErk6L._SL500_.jpg" alt="Product Image"></a><p>huefull Gua Sha Facial Tools & Jade Roller Set for Skin Care, Reduce Puffiness and Improve Wrinkles, Guasha Tool for Face, Gua Sha Stone Self Care Gift for Woman Man</p><p>$7.99 ($4.00 / Count)</p><a href="https://www.amazon.com/dp/B09961TCV4?tag=eloabder-20&linkCode=osi&th=1&psc=1">View Product</a></div><div class="product"><a href="https://www.amazon.com/dp/B09P88YNZZ?tag=eloabder-20&linkCode=osi&th=1&psc=1"><img src="https://m.media-amazon.com/images/I/31gv5dz1KML._SL500_.jpg" alt="Product Image"></a><p>Ice Roller for Face and Eye, Ice Face Roller,Facial Beauty Ice Roller Skin Care Tools, Ice Facial Cube, Gua Sha Face Massage, Silicone Ice Mold for Face Beauty (Pink)</p><p>$5.99 ($1.20 / Ounce)</p><a href="https://www.amazon.com/dp/B09P88YNZZ?tag=eloabder-20&linkCode=osi&th=1&psc=1">View Product</a></div><div class="product"><a href="https://www.amazon.com/dp/B09V5TRZTS?tag=eloabder-20&linkCode=osi&th=1&psc=1"><img src="https://m.media-amazon.com/images/I/31NWpXealIL._SL500_.jpg" alt="Product Image"></a><p>ROSELYNBOUTIQUE Ice Roller for Face Wrinkles Fine Lines Puffiness Stick Massager Facial Skin Care Tools Self Care Gifts for Men Women (Green)</p><p>$6.39</p><a href="https://www.amazon.com/dp/B09V5TRZTS?tag=eloabder-20&linkCode=osi&th=1&psc=1">View Product</a></div><div class="product"><a href="https://www.amazon.com/dp/B0BR7YG7QH?tag=eloabder-20&linkCode=osi&th=1&psc=1"><img src="https://m.media-amazon.com/images/I/41gFogNe+dL._SL500_.jpg" alt="Product Image"></a><p>8 Pieces Triangle Powder Puff Face Soft Triangle Makeup Puff Velour Cosmetic Foundation Blender Sponge Beauty Makeup Tools</p><p>$3.99 ($0.50 / Count)</p><a href="https://www.amazon.com/dp/B0BR7YG7QH?tag=eloabder-20&linkCode=osi&th=1&psc=1">View Product</a></div><div class="product"><a href="https://www.amazon.com/dp/B09XJYZDVG?tag=eloabder-20&linkCode=osi&th=1&psc=1"><img src="https://m.media-amazon.com/images/I/41jMEmTiSQL._SL500_.jpg" alt="Product Image"></a><p>Aaiffey Eyeliner Applicator Kit, Eyeliner Tool with Eyeliner Cream Black Eyeliner Gel Reusable Silicone Eye Liner Applicator Waterproof Eyeliner Easy No-Skip (eyeliner tool +black eyeliner creams)</p><p>$9.98</p><a href="https://www.amazon.com/dp/B09XJYZDVG?tag=eloabder-20&linkCode=osi&th=1&psc=1">View Product</a></div>
<div class="product"><a href="https://www.amazon.com/dp/B075S543DR?tag=eloabder-20&linkCode=osi&th=1&psc=1"><img src="https://m.media-amazon.com/images/I/418N6a3fvaL._SL500_.jpg" alt="Product Image"></a><p>EcoTools Start The Day Beautifully 6 Piece Makeup Brush Set, Makeup Brushes For Eyeshadow, Blush, Concealer, & Foundation Application, Eco-Friendly, Gift Set, Synthetic Hair, Vegan & Cruelty-Free</p><p>$9.98</p><a href="https://www.amazon.com/dp/B075S543DR?tag=eloabder-20&linkCode=osi&th=1&psc=1">View Product</a></div><div class="product"><a href="https://www.amazon.com/dp/B07FTXBNVL?tag=eloabder-20&linkCode=osi&th=1&psc=1"><img src="https://m.media-amazon.com/images/I/41O4pc78hYL._SL500_.jpg" alt="Product Image"></a><p>Real Techniques 5 Piece Everyday Essentials Makeup Brush Set, Includes 4 Brushes & Makeup Sponge, For Foundation, Blush, Bronzer, Contour, Eyeshadow, & Powder, Travel Gift Set, Cruelty-Free & Vegan</p><p>$13.99</p><a href="https://www.amazon.com/dp/B07FTXBNVL?tag=eloabder-20&linkCode=osi&th=1&psc=1">View Product</a></div>
<div class="product"><a href="https://www.amazon.com/dp/B00WZQTCS8?tag=eloabder-20&linkCode=osi&th=1&psc=1"><img src="https://m.media-amazon.com/images/I/41iVoW5QboL._SL500_.jpg" alt="Product Image"></a><p>NYX PROFESSIONAL MAKEUP Micro Brow Pencil, Eyebrow Pencil - Espresso</p><p>$7.50</p><a href="https://www.amazon.com/dp/B00WZQTCS8?tag=eloabder-20&linkCode=osi&th=1&psc=1">View Product</a></div><div class="product"><a href="https://www.amazon.com/dp/B01643FI0I?tag=eloabder-20&linkCode=osi&th=1&psc=1"><img src="https://m.media-amazon.com/images/I/21w1DpgxRoL._SL500_.jpg" alt="Product Image"></a><p>L'Oreal Paris Makeup Brow Stylist Definer Waterproof Eyebrow Pencil, Ultra-Fine Mechanical Pencil, Draws Tiny Brow Hairs and Fills in Sparse Areas and Gaps, Dark Brunette, 0.003 Ounce (Pack of 1)</p><p>$8.98</p><a href="https://www.amazon.com/dp/B01643FI0I?tag=eloabder-20&linkCode=osi&th=1&psc=1">View Product</a></div><div class="product"><a href="https://www.amazon.com/dp/B0B52KG7YP?tag=eloabder-20&linkCode=osi&th=1&psc=1"><img src="https://m.media-amazon.com/images/I/31Mi4FEPxYL._SL500_.jpg" alt="Product Image"></a><p>e.l.f. Instant Lift Brow Pencil, Dual-Ended Precision Brow Pencils For Shaping & Defining Eyebrows, Vegan & Cruelty-Free, Neutral Brown, 2-Pack</p><p>$5.00</p><a href="https://www.amazon.com/dp/B0B52KG7YP?tag=eloabder-20&linkCode=osi&th=1&psc=1">View Product</a></div><div class="product"><a href="https://www.amazon.com/dp/B078KB7L4G?tag=eloabder-20&linkCode=osi&th=1&psc=1"><img src="https://m.media-amazon.com/images/I/31QF5SK3tzL._SL500_.jpg" alt="Product Image"></a><p>wet n wild Ultimate Eyebrow Retractable Definer Pencil, Medium Brown, Dual-Sided Brow Brush, Fine Tip, Shapes, Defines, Fills Brow Makeup</p><p>$2.74</p><a href="https://www.amazon.com/dp/B078KB7L4G?tag=eloabder-20&linkCode=osi&th=1&psc=1">View Product</a></div><div class="product"><a href="https://www.amazon.com/dp/B074VD4X7W?tag=eloabder-20&linkCode=osi&th=1&psc=1"><img src="https://m.media-amazon.com/images/I/41eK8J1W2rL._SL500_.jpg" alt="Product Image"></a><p>Maybelline Total Temptation Eyebrow Definer Pencil, Soft Brown, 1 Count</p><p>$8.99</p><a href="https://www.amazon.com/dp/B074VD4X7W?tag=eloabder-20&linkCode=osi&th=1&psc=1">View Product</a></div><div class="product"><a href="https://www.amazon.com/dp/B001ESKLZQ?tag=eloabder-20&linkCode=osi&th=1&psc=1"><img src="https://m.media-amazon.com/images/I/31bw47frHzS._SL500_.jpg" alt="Product Image"></a><p>COVERGIRL - Easy Breezy Brow Fill + Define Brow Pencil, Sharpener Included, Long-Lasting, Deeply Pigmented, Blendable Formula, 100% Cruelty-Free</p><p>$4.47</p><a href="https://www.amazon.com/dp/B001ESKLZQ?tag=eloabder-20&linkCode=osi&th=1&psc=1">View Product</a></div><div class="product"><a href="https://www.amazon.com/dp/B0D12PWNK6?tag=eloabder-20&linkCode=osi&th=1&psc=1"><img src="https://m.media-amazon.com/images/I/51u7eOlEtFL._SL500_.jpg" alt="Product Image"></a><p>iMethod Microblading Eyebrow Pen - Eyebrow Pencil Magical 2-in-1 Dual-Ended Eye Brow Pencils for Women with 4-Fork-Tip & Precise Brush-Tip Create Natural Hair-Like Brows, Last All-Day, Dark Brown</p><p>$14.97 ($14.97 / Count)</p><a href="https://www.amazon.com/dp/B0D12PWNK6?tag=eloabder-20&linkCode=osi&th=1&psc=1">View Product</a></div><div class="product"><a href="https://www.amazon.com/dp/B0CPFY8K8W?tag=eloabder-20&linkCode=osi&th=1&psc=1"><img src="https://m.media-amazon.com/images/I/21SmXiqZZYL._SL500_.jpg" alt="Product Image"></a><p>e.l.f. Instant Lift Waterproof Brow Pencil, Long-Lasting Eyebrow Pencil For Grooming & Shaping Brows, Vegan & Cruelty-free, Deep Brown</p><p>$4.00</p><a href="https://www.amazon.com/dp/B0CPFY8K8W?tag=eloabder-20&linkCode=osi&th=1&psc=1">View Product</a></div>
<div class="product"><a href="https://www.amazon.com/dp/B079B8BFR3?tag=eloabder-20&linkCode=osi&th=1&psc=1"><img src="https://m.media-amazon.com/images/I/41DSmndr3KL._SL500_.jpg" alt="Product Image"></a><p>KISS Looks So Natural, False Eyelashes, Shy', 12 mm, Includes 5 Pairs Of Lashes, Contact Lens Friendly, Easy to Apply, Reusable Strip Lashes, Glue On</p><p>$7.09</p><a href="https://www.amazon.com/dp/B079B8BFR3?tag=eloabder-20&linkCode=osi&th=1&psc=1">View Product</a></div><div class="product"><a href="https://www.amazon.com/dp/B09MQCDVM7?tag=eloabder-20&linkCode=osi&th=1&psc=1"><img src="https://m.media-amazon.com/images/I/510lQqrrVtL._SL500_.jpg" alt="Product Image"></a><p>False Eyelashes 14mm Faux 3D Mink Lashes Natural Look Fluffy Cat Eye Wispy Lashes Pack by Kiromiro, 14 Pairs</p><p>$8.89</p><a href="https://www.amazon.com/dp/B09MQCDVM7?tag=eloabder-20&linkCode=osi&th=1&psc=1">View Product</a></div><div class="product"><a href="https://www.amazon.com/dp/B00DS4EIEE?tag=eloabder-20&linkCode=osi&th=1&psc=1"><img src="https://m.media-amazon.com/images/I/415k4JSKxOL._SL500_.jpg" alt="Product Image"></a><p>KISS So Wispy, False Eyelashes, Style #11', 12 mm, Includes 5 Pairs Of Lashes, Contact Lens Friendly, Easy to Apply, Reusable Strip Lashes, Glue On, Mulitpack</p><p>$8.97 ($1.79 / Count)</p><a href="https://www.amazon.com/dp/B00DS4EIEE?tag=eloabder-20&linkCode=osi&th=1&psc=1">View Product</a></div><div class="product"><a href="https://www.amazon.com/dp/B0C5QK1QHP?tag=eloabder-20&linkCode=osi&th=1&psc=1"><img src="https://m.media-amazon.com/images/I/51eSQ4cj35L._SL500_.jpg" alt="Product Image"></a><p>Veleasha Lashes 5D Faux Mink Lashes 100% Handmade Luxurious Fake Eyelashes Lightweight Fluffy False Eyelashes 5 Pairs Pack (G2)</p><p>$6.98 ($1.40 / Count)</p><a href="https://www.amazon.com/dp/B0C5QK1QHP?tag=eloabder-20&linkCode=osi&th=1&psc=1">View Product</a></div><div class="product"><a href="https://www.amazon.com/dp/B0B1LRRTCH?tag=eloabder-20&linkCode=osi&th=1&psc=1"><img src="https://m.media-amazon.com/images/I/41gc2Df+nAL._SL500_.jpg" alt="Product Image"></a><p>GMAGICTOBO False Eyelashes Natural Half Lashes Short Wispy Clear Band Lashes Pack Cat Eye 3D Faux Mink Lashes Fake Eyelashes 7 Pairs Multipack</p><p>$8.59 ($1.23 / Count)</p><a href="https://www.amazon.com/dp/B0B1LRRTCH?tag=eloabder-20&linkCode=osi&th=1&psc=1">View Product</a></div><div class="product"><a href="https://www.amazon.com/dp/B08R6PR7ND?tag=eloabder-20&linkCode=osi&th=1&psc=1"><img src="https://m.media-amazon.com/images/I/41r4c3ZiCWL._SL500_.jpg" alt="Product Image"></a><p>KISS My Lash But Better, False Eyelashes, All Mine', 10 mm, Includes 1 Pair Of Lashes, Contact Lens Friendly, Easy to Apply, Reusable Strip Lashes, Glue-On</p><p>$3.97</p><a href="https://www.amazon.com/dp/B08R6PR7ND?tag=eloabder-20&linkCode=osi&th=1&psc=1">View Product</a></div><div class="product"><a href="https://www.amazon.com/dp/B0BX3YHN14?tag=eloabder-20&linkCode=osi&th=1&psc=1"><img src="https://m.media-amazon.com/images/I/51YYa1vTElL._SL500_.jpg" alt="Product Image"></a><p>KISS imPRESS Falsies False Eyelashes, Lash Clusters, Voluminous', 14 mm, Includes 20 Clusters, 1 applicator, Contact Lens Friendly, Easy to Apply, Reusable Strip Lashes</p><p>$12.72</p><a href="https://www.amazon.com/dp/B0BX3YHN14?tag=eloabder-20&linkCode=osi&th=1&psc=1">View Product</a></div><div class="product"><a href="https://www.amazon.com/dp/B00YYHHI1E?tag=eloabder-20&linkCode=osi&th=1&psc=1"><img src="https://m.media-amazon.com/images/I/419bv9iNI9L._SL500_.jpg" alt="Product Image"></a><p>Ardell False Eyelashes Demi Wispies Black, 1 pack (6 pairs per pack)</p><p>$9.74 ($1.95 / Count)</p><a href="https://www.amazon.com/dp/B00YYHHI1E?tag=eloabder-20&linkCode=osi&th=1&psc=1">View Product</a></div><div class="product"><a href="https://www.amazon.com/dp/B0CG5SY8J1?tag=eloabder-20&linkCode=osi&th=1&psc=1"><img src="https://m.media-amazon.com/images/I/41SWlZB3plL._SL500_.jpg" alt="Product Image"></a><p>Natural Lashes Natural Eyelashes Short Eyelashes Natural Look False Eyelashes Wispy Eye Lashes 10mm Small Lashes Fake Lashes K50</p><p>$7.93 ($1.13 / Count)</p><a href="https://www.amazon.com/dp/B0CG5SY8J1?tag=eloabder-20&linkCode=osi&th=1&psc=1">View Product</a></div><div class="product"><a href="https://www.amazon.com/dp/B08SPVMDTV?tag=eloabder-20&linkCode=osi&th=1&psc=1"><img src="https://m.media-amazon.com/images/I/41Q6wh0HacL._SL500_.jpg" alt="Product Image"></a><p>KISS Falscara Multipack False Eyelashes, Lash Clusters, Natural Wispy Wisps', 10mm-12mm-14mm, Includes 24 Assorted Lengths Wisps, Contact Lens Friendly, Easy to Apply, Reusable Strip Lashes</p><p>$6.47 ($0.27 / Count)</p><a href="https://www.amazon.com/dp/B08SPVMDTV?tag=eloabder-20&linkCode=osi&th=1&psc=1">View Product</a></div>
<div class="product"><a href="https://www.amazon.com/dp/B08ZYKFNLK?tag=eloabder-20&linkCode=osi&th=1&psc=1"><img src="https://m.media-amazon.com/images/I/41LSyt4W-HL._SL500_.jpg" alt="Product Image"></a><p>Makeup Sponge Set BS-MALL Blender Sponges 7 Pcs for Liquid, Cream, and Powder, Multi-colored with 1 Mini Makeup Sponge Pink (A-Pink）</p><p>$6.99 ($1.00 / Count)</p><a href="https://www.amazon.com/dp/B08ZYKFNLK?tag=eloabder-20&linkCode=osi&th=1&psc=1">View Product</a></div><div class="product"><a href="https://www.amazon.com/dp/B01F36JEXE?tag=eloabder-20&linkCode=osi&th=1&psc=1"><img src="https://m.media-amazon.com/images/I/41AHaVc97tL._SL500_.jpg" alt="Product Image"></a><p>BEAKEY Makeup Sponge 5 Pcs Set, Makeup Sponges for Foundation, Liquid, Cream and Powder. Latex-Free Boun Boun Beauty Sponge for Blending, Blender for Enhanced Make Up Application, Ideal Gift</p><p>$6.99 ($1.40 / Count)</p><a href="https://www.amazon.com/dp/B01F36JEXE?tag=eloabder-20&linkCode=osi&th=1&psc=1">View Product</a></div><div class="product"><a href="https://www.amazon.com/dp/B07VBNQ367?tag=eloabder-20&linkCode=osi&th=1&psc=1"><img src="https://m.media-amazon.com/images/I/41tK1+FK+ML._SL500_.jpg" alt="Product Image"></a><p>Beautyblender® | Original Pink Beauty Blender Makeup Sponge, Super-Soft Foam Easily Blends Foundations, Powders & Creams, Made in USA, Reusable, Washable, Streak Free Application, Vegan, Cruelty Free</p><p>$20.00</p><a href="https://www.amazon.com/dp/B07VBNQ367?tag=eloabder-20&linkCode=osi&th=1&psc=1">View Product</a></div><div class="product"><a href="https://www.amazon.com/dp/B013XJUWC0?tag=eloabder-20&linkCode=osi&th=1&psc=1"><img src="https://m.media-amazon.com/images/I/519iY4n1lHL._SL500_.jpg" alt="Product Image"></a><p>Aesthetica Cosmetics Beauty Sponge Blender - Latex Free and Vegan Makeup Sponge Blender - For Powder, Cream or Liquid Application - One Piece Make Up Sponge</p><p>$3.97</p><a href="https://www.amazon.com/dp/B013XJUWC0?tag=eloabder-20&linkCode=osi&th=1&psc=1">View Product</a></div><div class="product"><a href="https://www.amazon.com/dp/B08T79281H?tag=eloabder-20&linkCode=osi&th=1&psc=1"><img src="https://m.media-amazon.com/images/I/41OyxvePdBL._SL500_.jpg" alt="Product Image"></a><p>DUAIU 4 Pcs Makeup Sponge Set Beauty Sponge Foundation Blending Sponge, Flawless for Liquid, Cream, and Powder, Multi-colored Makeup Sponges with Storage Box</p><p>$4.99 ($1.25 / Count)</p><a href="https://www.amazon.com/dp/B08T79281H?tag=eloabder-20&linkCode=osi&th=1&psc=1">View Product</a></div><div class="product"><a href="https://www.amazon.com/dp/B00EUBPHR6?tag=eloabder-20&linkCode=osi&th=1&psc=1"><img src="https://m.media-amazon.com/images/I/31BZh7Bg7hL._SL500_.jpg" alt="Product Image"></a><p>Real Techniques Miracle Complexion Sponge, Makeup Blending Sponge, For Liquid & Cream Foundation, Offers Light To Medium Coverage, Natural, Dewy Makeup, Orange Sponge, Latex-Free Foam, 1 Count</p><p>$4.57</p><a href="https://www.amazon.com/dp/B00EUBPHR6?tag=eloabder-20&linkCode=osi&th=1&psc=1">View Product</a></div><div class="product"><a href="https://www.amazon.com/dp/B0CL2FKVH2?tag=eloabder-20&linkCode=osi&th=1&psc=1"><img src="https://m.media-amazon.com/images/I/41u81y8DJoL._SL500_.jpg" alt="Product Image"></a><p>14 Pcs Makeup Sponge Set,Beauty Sponges Blender with 4 Pcs Powder Puff and 4 Pcs Mini Make up Sponges Valentine's Day Gift,Mother's Day Gift for Women Liquid,Foundation,Powder,Concealer,Cream(Pink)</p><p>$8.99 ($0.64 / Count)</p><a href="https://www.amazon.com/dp/B0CL2FKVH2?tag=eloabder-20&linkCode=osi&th=1&psc=1">View Product</a></div><div class="product"><a href="https://www.amazon.com/dp/B0CTX1X4F1?tag=eloabder-20&linkCode=osi&th=1&psc=1"><img src="https://m.media-amazon.com/images/I/31dP1yTUmWL._SL500_.jpg" alt="Product Image"></a><p>GFOUNS 15 pcs Beauty blender Makeup Sponge Bulk:Blender Sponges 15 Pcs for Liquid, Cream, and Powder, Multi-colored Pink make up sponges for foundation</p><p>$5.99</p><a href="https://www.amazon.com/dp/B0CTX1X4F1?tag=eloabder-20&linkCode=osi&th=1&psc=1">View Product</a></div>
<div class="product"><a href="https://www.amazon.com/dp/B010CRFSTI?tag=eloabder-20&linkCode=osi&th=1&psc=1"><img src="https://m.media-amazon.com/images/I/41JQ+znx4gL._SL500_.jpg" alt="Product Image"></a><p>Conair Salon Results Hairbrush Set - Travel Hair Brush - Hairbrushes for All Hair Types - Travel size + Full-size Brush</p><p>$5.88 ($2.94 / Count)</p><a href="https://www.amazon.com/dp/B010CRFSTI?tag=eloabder-20&linkCode=osi&th=1&psc=1">View Product</a></div><div class="product"><a href="https://www.amazon.com/dp/B094DK6JNF?tag=eloabder-20&linkCode=osi&th=1&psc=1"><img src="https://m.media-amazon.com/images/I/31dF+T3k3nL._SL500_.jpg" alt="Product Image"></a><p>Wet Brush Original Detangler Hair Brush, Amazon Exclusive Aqua- Ultra-Soft IntelliFlex Bristles-Detangling Hairbrush Glides Through Tangles For All Hair Types (Wet Dry & Damaged Hair) - Women & Men</p><p>$8.99</p><a href="https://www.amazon.com/dp/B094DK6JNF?tag=eloabder-20&linkCode=osi&th=1&psc=1">View Product</a></div>

<div class="product"><a href="https://www.amazon.com/dp/B07KSQZ4MR?tag=eloabder-20&linkCode=osi&th=1&psc=1"><img src="https://m.media-amazon.com/images/I/31A-mCllrgL._SL500_.jpg" alt="Product Image"></a><p>Hot Tools Pro Artist Black Gold Evolve Ionic Salon Hair Flat Iron | Long-Lasting Finish for Straightening Hair, (1-1/4 in), HT7123BG</p><p>$61.50</p><a href="https://www.amazon.com/dp/B07KSQZ4MR?tag=eloabder-20&linkCode=osi&th=1&psc=1">View Product</a></div>
<div class="product"><a href="https://www.amazon.com/dp/B0027SU9JU?tag=eloabder-20&linkCode=osi&th=1&psc=1"><img src="https://m.media-amazon.com/images/I/31rfzenB9mL._SL500_.jpg" alt="Product Image"></a><p>REVLON Turbo Hair Dryer with Advanced Ionic Technology, Ceramic Coating | Turbo Heat and Cold Shot Features, 1875 Watts for Fast Drying and Shine (Silver)</p><p>$19.99</p><a href="https://www.amazon.com/dp/B0027SU9JU?tag=eloabder-20&linkCode=osi&th=1&psc=1">View Product</a></div>

<div class="product"><a href="https://www.amazon.com/dp/B07PBXXNCY?tag=eloabder-20&linkCode=osi&th=1&psc=1"><img src="https://m.media-amazon.com/images/I/31OVxUr+bUL._SL500_.jpg" alt="Product Image"></a><p>Clean Skin Club Clean Towels XL™, 100% USDA Biobased Face Towel, Disposable Face Towelette, Makeup Remover Dry Wipes, Ultra Soft, 50 Ct, 1 Pack</p><p>$17.95 ($0.36 / Count)</p><a href="https://www.amazon.com/dp/B07PBXXNCY?tag=eloabder-20&linkCode=osi&th=1&psc=1">View Product</a></div><div class="product"><a href="https://www.amazon.com/dp/B01LEJ5MSK?tag=eloabder-20&linkCode=osi&th=1&psc=1"><img src="https://m.media-amazon.com/images/I/418xEMrk6LL._SL500_.jpg" alt="Product Image"></a><p>COSRX Snail Mucin 92% Repair Cream, Daily Face Gel Moisturizer for Dry Skin, Acne-prone, Sensitive Skin, Not Tested on Animals, No Parabens, Korean Skincare (3.52 Fl Oz (Pack of 1))</p><p>$13.99 ($3.97 / Fl Oz)</p><a href="https://www.amazon.com/dp/B01LEJ5MSK?tag=eloabder-20&linkCode=osi&th=1&psc=1">View Product</a></div>
<div class="product"><a href="https://www.amazon.com/dp/B076FHJ3K5?tag=eloabder-20&linkCode=osi&th=1&psc=1"><img src="https://m.media-amazon.com/images/I/31QAqxeYpoL._SL500_.jpg" alt="Product Image"></a><p>Marc Anthony Leave-In Conditioner Spray & Detangler, Grow Long Biotin - Anti-Frizz Deep Conditioner For Split Ends & Breakage - Vitamin E, Caffeine & Ginseng for Curly, Dry & Damaged Hair</p><p>$7.67 ($0.91 / Fl Oz)</p><a href="https://www.amazon.com/dp/B076FHJ3K5?tag=eloabder-20&linkCode=osi&th=1&psc=1">View Product</a></div><div class="product"><a href="https://www.amazon.com/dp/B0B941W753?tag=eloabder-20&linkCode=osi&th=1&psc=1"><img src="https://m.media-amazon.com/images/I/3154MYZlHiL._SL500_.jpg" alt="Product Image"></a><p>MONDAY HAIRCARE Volume Shampoo + Conditioner Set (2 Pack) 12oz Each for Thin, Fine, and Oily Hair, Made from Coconut Oil, Ginger Extract, & Vitamin E, 100% Recyclable Bottles</p><p>$13.99 ($0.58 / Fl Oz)</p><a href="https://www.amazon.com/dp/B0B941W753?tag=eloabder-20&linkCode=osi&th=1&psc=1">View Product</a></div><div class="product"><a href="https://www.amazon.com/dp/B0CS29PK2J?tag=eloabder-20&linkCode=osi&th=1&psc=1"><img src="https://m.media-amazon.com/images/I/315FU9SHGsL._SL500_.jpg" alt="Product Image"></a><p>Monday Moisture Leave-in Conditioner 5 Oz</p><p>$5.41 ($1.08 / Fl Oz)</p><a href="https://www.amazon.com/dp/B0CS29PK2J?tag=eloabder-20&linkCode=osi&th=1&psc=1">View Product</a></div><div class="product"><a href="https://www.amazon.com/dp/B0B941XTDZ?tag=eloabder-20&linkCode=osi&th=1&psc=1"><img src="https://m.media-amazon.com/images/I/41eavjiNYyL._SL500_.jpg" alt="Product Image"></a><p>MONDAY HAIRCARE Moisture Shampoo + Conditioner Set for Dry, Coarse, Stressed, Coily & Curly Hair, Made from Coconut Oil, Rice Protein, Shea Butter, & Vitamin E, All-Natural, 12 Fl Oz (Pack of 2)</p><p>$13.99 ($0.58 / Fl Oz)</p><a href="https://www.amazon.com/dp/B0B941XTDZ?tag=eloabder-20&linkCode=osi&th=1&psc=1">View Product</a></div><div class="product"><a href="https://www.amazon.com/dp/B07N7PK9QK?tag=eloabder-20&linkCode=osi&th=1&psc=1"><img src="https://m.media-amazon.com/images/I/416K3ahcJsL._SL500_.jpg" alt="Product Image"></a><p>Mielle Organics Rosemary Mint Scalp & Hair Strengthening Oil for All Hair Types, 2 Ounce</p><p>$9.50 ($4.75 / Fl Oz)</p><a href="https://www.amazon.com/dp/B07N7PK9QK?tag=eloabder-20&linkCode=osi&th=1&psc=1">View Product</a></div><div class="product"><a href="https://www.amazon.com/dp/B005PV0FDG?tag=eloabder-20&linkCode=osi&th=1&psc=1"><img src="https://m.media-amazon.com/images/I/310l+q4ImxL._SL500_.jpg" alt="Product Image"></a><p>It's a 10 Haircare Miracle Leave-In product, 10 fl. oz.</p><p>$27.98 ($2.80 / Fl Oz)</p><a href="https://www.amazon.com/dp/B005PV0FDG?tag=eloabder-20&linkCode=osi&th=1&psc=1">View Product</a></div><div class="product"><a href="https://www.amazon.com/dp/B0C3K3XX95?tag=eloabder-20&linkCode=osi&th=1&psc=1"><img src="https://m.media-amazon.com/images/I/41+CLmIGVIL._SL500_.jpg" alt="Product Image"></a><p>MONDAY HAIRCARE Repair Shampoo and Conditioner Set 12oz for Dry to Damaged Hair, Made with Keratin, Coconut Oil, Shea Butter and Vitamin E</p><p>$13.99 ($0.58 / Fl Oz)</p><a href="https://www.amazon.com/dp/B0C3K3XX95?tag=eloabder-20&linkCode=osi&th=1&psc=1">View Product</a></div>
<div class="product"><a href="https://www.amazon.com/dp/B09F5L7756?tag=eloabder-20&linkCode=osi&th=1&psc=1"><img src="https://m.media-amazon.com/images/I/61qJVRNSjFL._SL500_.jpg" alt="Product Image"></a><p>Vaseline Intensive Care Cocoa Radiant For Glowing Skin 3 Count Body Gel Oil Body Oil Made with 100% Pure Cocoa Butter + Replenishing Oils 6.8oz</p><p>$19.44 ($0.95 / Fl Oz)</p><a href="https://www.amazon.com/dp/B09F5L7756?tag=eloabder-20&linkCode=osi&th=1&psc=1">View Product</a></div><div class="product"><a href="https://www.amazon.com/dp/B08T4FLJQZ?tag=eloabder-20&linkCode=osi&th=1&psc=1"><img src="https://m.media-amazon.com/images/I/317LIpGPZiL._SL500_.jpg" alt="Product Image"></a><p>Dove Scrub Brown Sugar & Coconut Butter For Silky Smooth Skin Body Scrub Exfoliates & Restores Skin's Natural Nutrients 10.5 oz</p><p>$6.97 ($0.66 / Ounce)</p><a href="https://www.amazon.com/dp/B08T4FLJQZ?tag=eloabder-20&linkCode=osi&th=1&psc=1">View Product</a></div><div class="product"><a href="https://www.amazon.com/dp/B0CNKZW8HL?tag=eloabder-20&linkCode=osi&th=1&psc=1"><img src="https://m.media-amazon.com/images/I/61vGHE3wEWL._SL500_.jpg" alt="Product Image"></a><p>Dove Men+Care Body Wash Sandalwood + Cardamom Oil to Rebuild Skin in the Shower with Plant-Based Cleansers and Moisturizers 26 oz</p><p>$9.97 ($0.38 / Fl Oz)</p><a href="https://www.amazon.com/dp/B0CNKZW8HL?tag=eloabder-20&linkCode=osi&th=1&psc=1">View Product</a></div><div class="product"><a href="https://www.amazon.com/dp/B089NCFBQZ?tag=eloabder-20&linkCode=osi&th=1&psc=1"><img src="https://m.media-amazon.com/images/I/41WGBM4YipL._SL500_.jpg" alt="Product Image"></a><p>Vaseline Illuminate Me Shimmering Body Oil Created for Melanin Rich Skin, Illuminates Skin with Finishing Touch of Shimmer for Glowing Skin 3.3 oz</p><p>$8.75 ($2.65 / Fl Oz)</p><a href="https://www.amazon.com/dp/B089NCFBQZ?tag=eloabder-20&linkCode=osi&th=1&psc=1">View Product</a></div><div class="product"><a href="https://www.amazon.com/dp/B0CNL19TQG?tag=eloabder-20&linkCode=osi&th=1&psc=1"><img src="https://m.media-amazon.com/images/I/61kqkkFXOkL._SL500_.jpg" alt="Product Image"></a><p>Dove Men+Care Body Wash Eucalyptus + Cedar Oil to Rebuild Skin in the Shower with Plant-Based Cleansers and Moisturizers 26 oz</p><p>$9.99 ($0.38 / Fl Oz)</p><a href="https://www.amazon.com/dp/B0CNL19TQG?tag=eloabder-20&linkCode=osi&th=1&psc=1">View Product</a></div><div class="product"><a href="https://www.amazon.com/dp/B07HMDGJCJ?tag=eloabder-20&linkCode=osi&th=1&psc=1"><img src="https://m.media-amazon.com/images/I/31TuC5EJeNL._SL500_.jpg" alt="Product Image"></a><p>SOL DE JANEIRO 4 Play Moisturizing Shower Cream Gel Body Wash 90mL</p><p>$10.00 ($3.33 / Fl Oz)</p><a href="https://www.amazon.com/dp/B07HMDGJCJ?tag=eloabder-20&linkCode=osi&th=1&psc=1">View Product</a></div>
<div class="product"><a href="https://www.amazon.com/dp/B00HVI8WYU?tag=eloabder-20&linkCode=osi&th=1&psc=1"><img src="https://m.media-amazon.com/images/I/31educzzSsL._SL500_.jpg" alt="Product Image"></a><p>e.l.f. Hydrating Face Primer, Makeup Primer For Flawless, Smooth Skin & Long-Lasting Makeup, Fills In Pores & Fine Lines, Vegan & Cruelty-free, Small</p><p>$8.00</p><a href="https://www.amazon.com/dp/B00HVI8WYU?tag=eloabder-20&linkCode=osi&th=1&psc=1">View Product</a></div><div class="product"><a href="https://www.amazon.com/dp/B088W7L534?tag=eloabder-20&linkCode=osi&th=1&psc=1"><img src="https://m.media-amazon.com/images/I/31A5rZUAKyL._SL500_.jpg" alt="Product Image"></a><p>e.l.f. Monochromatic Multi Stick, Luxuriously Creamy & Blendable Color, For Eyes, Lips & Cheeks, Dazzling Peony, 0.17 oz (5 g)</p><p>$5.00</p><a href="https://www.amazon.com/dp/B088W7L534?tag=eloabder-20&linkCode=osi&th=1&psc=1">View Product</a></div><div class="product"><a href="https://www.amazon.com/dp/B0CMJZ8G6Y?tag=eloabder-20&linkCode=osi&th=1&psc=1"><img src="https://m.media-amazon.com/images/I/31KdGu0F8vL._SL500_.jpg" alt="Product Image"></a><p>e.l.f. Glow Reviver Lip Oil, Nourishing Tinted Lip Oil For A High-shine Finish, Infused With Jojoba Oil, Vegan & Cruelty-free, Rose Envy</p><p>$8.00</p><a href="https://www.amazon.com/dp/B0CMJZ8G6Y?tag=eloabder-20&linkCode=osi&th=1&psc=1">View Product</a></div><div class="product"><a href="https://www.amazon.com/dp/B08H3JPH74?tag=eloabder-20&linkCode=osi&th=1&psc=1"><img src="https://m.media-amazon.com/images/I/31hf532TEHL._SL500_.jpg" alt="Product Image"></a><p>Maybelline Lash Sensational Sky High Washable Mascara Makeup, Volumizing, Lengthening, Defining, Curling, Multiplying, Buildable Formula, Blackest Black, 1 Count</p><p>$9.98</p><a href="https://www.amazon.com/dp/B08H3JPH74?tag=eloabder-20&linkCode=osi&th=1&psc=1">View Product</a></div>
<div class="product"><a href="https://www.amazon.com/dp/B09C8VNWBP?tag=eloabder-20&linkCode=osi&th=1&psc=1"><img src="https://m.media-amazon.com/images/I/31ObnTRpJ5L._SL500_.jpg" alt="Product Image"></a><p>Lattafa Yara for Women Eau de Parfum Spray, 3.40 Ounce / 100 ml</p><p>$22.77 ($6.70 / Fl Oz)</p><a href="https://www.amazon.com/dp/B09C8VNWBP?tag=eloabder-20&linkCode=osi&th=1&psc=1">View Product</a></div><div class="product"><a href="https://www.amazon.com/dp/B000E7WHCI?tag=eloabder-20&linkCode=osi&th=1&psc=1"><img src="https://m.media-amazon.com/images/I/31V1XkKkWXL._SL500_.jpg" alt="Product Image"></a><p>Vera Wang Eau de Parfum for Women - Delicate, Floral Scent - Notes of Iris, Lillies, & Sandalwood - Feminine & Subtle - 3.4 Fl Oz</p><p>$26.47 ($7.79 / Fl Oz)</p><a href="https://www.amazon.com/dp/B000E7WHCI?tag=eloabder-20&linkCode=osi&th=1&psc=1">View Product</a></div><div class="product"><a href="https://www.amazon.com/dp/B0B1HB719V?tag=eloabder-20&linkCode=osi&th=1&psc=1"><img src="https://m.media-amazon.com/images/I/31R9CfuokSL._SL500_.jpg" alt="Product Image"></a><p>Sol de Janeiro Cheirosa '68 Hair & Body Fragrance Mist 90mL/3.0 fl oz.</p><p>$24.00 ($8.00 / Fl Oz)</p><a href="https://www.amazon.com/dp/B0B1HB719V?tag=eloabder-20&linkCode=osi&th=1&psc=1">View Product</a></div><div class="product"><a href="https://www.amazon.com/dp/B01KYRUBT8?tag=eloabder-20&linkCode=osi&th=1&psc=1"><img src="https://m.media-amazon.com/images/I/41BYbHm20iL._SL500_.jpg" alt="Product Image"></a><p>Al-Rehab Choco Musk Eau de Parfum Spray for Women, 1.7 Ounce</p><p>$7.80 ($4.59 / Fl Oz)</p><a href="https://www.amazon.com/dp/B01KYRUBT8?tag=eloabder-20&linkCode=osi&th=1&psc=1">View Product</a></div><div class="product"><a href="https://www.amazon.com/dp/B07NJJZK3W?tag=eloabder-20&linkCode=osi&th=1&psc=1"><img src="https://m.media-amazon.com/images/I/41YNfQAjjLL._SL500_.jpg" alt="Product Image"></a><p>Swiss Arabian Layali Rouge - Luxury Products From Dubai - Lasting And Addictive Personal Perfume Oil Fragrance - A Seductive, Signature Aroma - The Luxurious Scent Of Arabia - 0.5 Oz</p><p>$23.48 ($46.96 / Fl Oz)</p><a href="https://www.amazon.com/dp/B07NJJZK3W?tag=eloabder-20&linkCode=osi&th=1&psc=1">View Product</a></div><div class="product"><a href="https://www.amazon.com/dp/B000JL7WQK?tag=eloabder-20&linkCode=osi&th=1&psc=1"><img src="https://m.media-amazon.com/images/I/41WJsYdkRbL._SL500_.jpg" alt="Product Image"></a><p>Vera Wang Princess Eau de Toilette Spray for Women, Vanilla, 3.4 Fl Ounce</p><p>$25.49 ($7.50 / Fl Oz)</p><a href="https://www.amazon.com/dp/B000JL7WQK?tag=eloabder-20&linkCode=osi&th=1&psc=1">View Product</a></div><div class="product"><a href="https://www.amazon.com/dp/B000C1Z5AW?tag=eloabder-20&linkCode=osi&th=1&psc=1"><img src="https://m.media-amazon.com/images/I/31pCnWTh3yL._SL500_.jpg" alt="Product Image"></a><p>Pleasures By Estee Lauder For Women. Eau De Parfum Spray 3.4 Ounces</p><p>$35.00 ($10.29 / Fl Oz)</p><a href="https://www.amazon.com/dp/B000C1Z5AW?tag=eloabder-20&linkCode=osi&th=1&psc=1">View Product</a></div><div class="product"><a href="https://www.amazon.com/dp/B000P22TIY?tag=eloabder-20&linkCode=osi&th=1&psc=1"><img src="https://m.media-amazon.com/images/I/31h9AoIGn3L._SL500_.jpg" alt="Product Image"></a><p>Nautica Voyage Eau De Toilette for Men - Fresh, Romantic, Fruity Scent Woody, Aquatic Notes of Apple, Water Lotus, Cedarwood, and Musk Ideal Day Wear 3.3 Fl Oz</p><p>$18.90 ($5.73 / Fl Oz)</p><a href="https://www.amazon.com/dp/B000P22TIY?tag=eloabder-20&linkCode=osi&th=1&psc=1">View Product</a></div><div class="product"><a href="https://www.amazon.com/dp/B00GZP041Y?tag=eloabder-20&linkCode=osi&th=1&psc=1"><img src="https://m.media-amazon.com/images/I/41-2Bb4gj+L._SL500_.jpg" alt="Product Image"></a><p>Versace Bright Crystal Absolu Eau de Perfume Spray, 3.0 Ounce</p><p>$52.67 ($17.56 / Fl Oz)</p><a href="https://www.amazon.com/dp/B00GZP041Y?tag=eloabder-20&linkCode=osi&th=1&psc=1">View Product</a></div>





<div class="product"><a href="https://www.amazon.com/dp/B0B2RM68G2?tag=eloabder-20&linkCode=osi&th=1&psc=1"><img src="https://m.media-amazon.com/images/I/41VafG53fjL._SL500_.jpg" alt="Product Image"></a><p>BIODANCE Bio-Collagen Real Deep Mask, Hydrating Overnight Hydrogel Mask, Pore Minimizing, Elasticity Improvement, 34g x4ea</p><p>$19.00 ($4.75 / Count)</p><a href="https://www.amazon.com/dp/B0B2RM68G2?tag=eloabder-20&linkCode=osi&th=1&psc=1">View Product</a></div><div class="product"><a href="https://www.amazon.com/dp/B00BAM7F8C?tag=eloabder-20&linkCode=osi&th=1&psc=1"><img src="https://m.media-amazon.com/images/I/51jsS9SDHeL._SL500_.jpg" alt="Product Image"></a><p>DERMAL 16 Combo Pack A Collagen Essencce Korean Face Mask - Hydrating & Soothing Facial Mask with Panthenol - Hypoallergenic Self Care Sheet Mask for All Skin Types - Natural Home Spa Treatment Masks</p><p>$11.99</p><a href="https://www.amazon.com/dp/B00BAM7F8C?tag=eloabder-20&linkCode=osi&th=1&psc=1">View Product</a></div><div class="product"><a href="https://www.amazon.com/dp/B07FPJHPX1?tag=eloabder-20&linkCode=osi&th=1&psc=1"><img src="https://m.media-amazon.com/images/I/51uNOnTpxTL._SL500_.jpg" alt="Product Image"></a><p>Celavi Essence Facial Sheet Face Mask Variety Set Classic Authentic Korean Moisturizing Skincare (12-Packs)</p><p>$9.40 ($0.78 / Count)</p><a href="https://www.amazon.com/dp/B07FPJHPX1?tag=eloabder-20&linkCode=osi&th=1&psc=1">View Product</a></div><div class="product"><a href="https://www.amazon.com/dp/B0722LVW3B?tag=eloabder-20&linkCode=osi&th=1&psc=1"><img src="https://m.media-amazon.com/images/I/51Vm0lozSIL._SL500_.jpg" alt="Product Image"></a><p>DERMAL 24 Combo Pack A Collagen Essence Korean Face Mask - Hydrating & Soothing Facial Mask with Panthenol - Hypoallergenic Self Care Sheet Mask for All Skin Types - Natural Home Spa Treatment Mask</p><p>$16.99 ($0.71 / Count)</p><a href="https://www.amazon.com/dp/B0722LVW3B?tag=eloabder-20&linkCode=osi&th=1&psc=1">View Product</a></div><div class="product"><a href="https://www.amazon.com/dp/B0D7LXSSS5?tag=eloabder-20&linkCode=osi&th=1&psc=1"><img src="https://m.media-amazon.com/images/I/41N5HKnGTtL._SL500_.jpg" alt="Product Image"></a><p>SOYUB Collagen Face Mask - Hydrating Overnight Collagen Face Mask Deep Collagen Anti Wrinkle Lifting Mask - Pure Collagen Films for Improve Elasticity Firming And Moisturizing (4pcs/1 Box)</p><p>$13.79 ($3.45 / Count)</p><a href="https://www.amazon.com/dp/B0D7LXSSS5?tag=eloabder-20&linkCode=osi&th=1&psc=1">View Product</a></div><div class="product"><a href="https://www.amazon.com/dp/B007CY2C76?tag=eloabder-20&linkCode=osi&th=1&psc=1"><img src="https://m.media-amazon.com/images/I/31-131ZWvEL._SL500_.jpg" alt="Product Image"></a><p>Freeman Dead Sea Minerals Anti-Stress Clay Facial Mask, Hydrating & Clarifying, Clears Pores, Face Mask With Lavender & Bergamot For Radiant Skin, For All Skin Types, 6 fl. oz./175 mL Tube, 1 Count</p><p>$3.86 ($0.64 / Ounce)</p><a href="https://www.amazon.com/dp/B007CY2C76?tag=eloabder-20&linkCode=osi&th=1&psc=1">View Product</a></div>




<div class="product"><a href="https://www.amazon.com/dp/B08GSTPT8Y?tag=eloabder-20&linkCode=osi&th=1&psc=1"><img src="https://m.media-amazon.com/images/I/41sX+hKcbML._SL500_.jpg" alt="Product Image"></a><p>AOA Studio Collection makeup Sponge Set Latex Free and High-definition Set of 6 makeup Wonder blender For Powder Cream and Liquid, Super Soft Wonder Beauty Cosmetic</p><p>$9.95 ($1.66 / Count)</p><a href="https://www.amazon.com/dp/B08GSTPT8Y?tag=eloabder-20&linkCode=osi&th=1&psc=1">View Product</a></div><div class="product"><a href="https://www.amazon.com/dp/B0CJFFR574?tag=eloabder-20&linkCode=osi&th=1&psc=1"><img src="https://m.media-amazon.com/images/I/41nkQ05yLcL._SL500_.jpg" alt="Product Image"></a><p>SUNGBOON EDITOR Deep Collagen Overnight Mask 37gx4ea | The real collagen 2,160,000ppb | Facial Hydrogel Masks with low molecular weight collagen for elasticity, firming, and moisturizing</p><p>$19.00 ($4.75 / Count)</p><a href="https://www.amazon.com/dp/B0CJFFR574?tag=eloabder-20&linkCode=osi&th=1&psc=1">View Product</a></div><div class="product"><a href="https://www.amazon.com/dp/B0B45LL4DD?tag=eloabder-20&linkCode=osi&th=1&psc=1"><img src="https://m.media-amazon.com/images/I/31ZNIWikbtL._SL500_.jpg" alt="Product Image"></a><p>Beauty of Joseon Revive Eye Serum with Retinal Niacinamide Correction for Puffy Eye Bags Fine Lines Dark Circles Wrinkles, Korean Skin Care 30ml, 1 fl.oz</p><p>$14.50 ($14.50 / Fl Oz)</p><a href="https://www.amazon.com/dp/B0B45LL4DD?tag=eloabder-20&linkCode=osi&th=1&psc=1">View Product</a></div><div class="product"><a href="https://www.amazon.com/dp/B0C4H1GPG1?tag=eloabder-20&linkCode=osi&th=1&psc=1"><img src="https://m.media-amazon.com/images/I/41jyzyKyY2L._SL500_.jpg" alt="Product Image"></a><p>BEAKEY Latex Free Blender Makeup Sponge for Blending, Pink Makeup Sponge Set, Soft Beauty Sponge, for Flawless Application of Liquid, Cream, and Powder Cosmetics, Pink Makeup Gifts</p><p>$6.99 ($1.40 / Count)</p><a href="https://www.amazon.com/dp/B0C4H1GPG1?tag=eloabder-20&linkCode=osi&th=1&psc=1">View Product</a></div><div class="product"><a href="https://www.amazon.com/dp/B00QPNVC0I?tag=eloabder-20&linkCode=osi&th=1&psc=1"><img src="https://m.media-amazon.com/images/I/31wV3gYUEpL._SL500_.jpg" alt="Product Image"></a><p>Real Techniques Miracle Complexion Sponge Set Duo, 2 Makeup Sponges For Liquid & Cream Makeup, Makeup Blender Sponge For Buildable Coverage, Foundation Sponge For Natural, Dewy Base, Latex-Free Foam</p><p>$7.69 ($3.84 / Count)</p><a href="https://www.amazon.com/dp/B00QPNVC0I?tag=eloabder-20&linkCode=osi&th=1&psc=1">View Product</a></div><div class="product"><a href="https://www.amazon.com/dp/B0CZYJYX4Q?tag=eloabder-20&linkCode=osi&th=1&psc=1"><img src="https://m.media-amazon.com/images/I/31hNatkE-9L._SL500_.jpg" alt="Product Image"></a><p>LANEIGE Lip Glowy Balm Mango: Hydrate, Glossy, Lightweight, Moisturize & Tint with Shea Butter</p><p>$19.00 ($54.29 / Ounce)</p><a href="https://www.amazon.com/dp/B0CZYJYX4Q?tag=eloabder-20&linkCode=osi&th=1&psc=1">View Product</a></div><div class="product"><a href="https://www.amazon.com/dp/B0CXQR14J3?tag=eloabder-20&linkCode=osi&th=1&psc=1"><img src="https://m.media-amazon.com/images/I/31RRaB6c+JL._SL500_.jpg" alt="Product Image"></a><p>e.l.f. Power Grip Dewy Setting Spray, Ultra Fine Mist Made With Hyaluronic Acid, Grips Makeup For A Hydrated, Dewy Finish, Vegan & Cruelty-Free</p><p>$10.00 ($3.70 / Fl Oz)</p><a href="https://www.amazon.com/dp/B0CXQR14J3?tag=eloabder-20&linkCode=osi&th=1&psc=1">View Product</a></div>
<div class="product"><a href="https://www.amazon.com/dp/B0057X7S7I?tag=eloabder-20&linkCode=osi&th=1&psc=1"><img src="https://m.media-amazon.com/images/I/31EGxy1hPjL._SL500_.jpg" alt="Product Image"></a><p>Rimmel Stay Glossy Lip Gloss - Non-Sticky and Lightweight Formula for Lip Color and Shine - 120 Non-Stop Glamour, .18oz</p><p>$3.97</p><a href="https://www.amazon.com/dp/B0057X7S7I?tag=eloabder-20&linkCode=osi&th=1&psc=1">View Product</a></div><div class="product"><a href="https://www.amazon.com/dp/B07MWTH3BY?tag=eloabder-20&linkCode=osi&th=1&psc=1"><img src="https://m.media-amazon.com/images/I/31xb-X48IBL._SL500_.jpg" alt="Product Image"></a><p>e.l.f. Monochromatic Multi Stick, Luxuriously Creamy & Blendable Color, For Eyes, Lips & Cheeks, Glistening Peach, 0.17 oz (5g)</p><p>$5.00</p><a href="https://www.amazon.com/dp/B07MWTH3BY?tag=eloabder-20&linkCode=osi&th=1&psc=1">View Product</a></div><div class="product"><a href="https://www.amazon.com/dp/B0CPFXMMBH?tag=eloabder-20&linkCode=osi&th=1&psc=1"><img src="https://m.media-amazon.com/images/I/21poCyHDdxL._SL500_.jpg" alt="Product Image"></a><p>e.l.f. Instant Lift Waterproof Brow Pencil, Long-Lasting Eyebrow Pencil For Grooming & Shaping Eyebrows, Vegan & Cruelty-free, Taupe</p><p>$3.00</p><a href="https://www.amazon.com/dp/B0CPFXMMBH?tag=eloabder-20&linkCode=osi&th=1&psc=1">View Product</a></div><div class="product"><a href="https://www.amazon.com/dp/B082YQ4QWW?tag=eloabder-20&linkCode=osi&th=1&psc=1"><img src="https://m.media-amazon.com/images/I/31S+aqgvx6L._SL500_.jpg" alt="Product Image"></a><p>wet n wild Mega Last High-Shine Lipstick Lip Color, Infused with Seed Oils For a Nourishing High-Shine, Buildable & Blendable Creamy Color, Cruelty-Free & Vegan - Pinky Ring</p><p>$2.28</p><a href="https://www.amazon.com/dp/B082YQ4QWW?tag=eloabder-20&linkCode=osi&th=1&psc=1">View Product</a></div><div class="product"><a href="https://www.amazon.com/dp/B0BDD7D34M?tag=eloabder-20&linkCode=osi&th=1&psc=1"><img src="https://m.media-amazon.com/images/I/51O5AVRXcUL._SL500_.jpg" alt="Product Image"></a><p>Maskiss 24k Gold Under Eye Patches (25 Pairs), eye mask, Collagen Skin Care Products, Eye Patches for Puffy Eyes, eye masks for dark circles and puffiness</p><p>$14.99 ($0.60 / Count)</p><a href="https://www.amazon.com/dp/B0BDD7D34M?tag=eloabder-20&linkCode=osi&th=1&psc=1">View Product</a></div><div class="product"><a href="https://www.amazon.com/dp/B004BCXEF6?tag=eloabder-20&linkCode=osi&th=1&psc=1"><img src="https://m.media-amazon.com/images/I/31t3gAw-N7L._SL500_.jpg" alt="Product Image"></a><p>L’Oreal Paris Makeup Voluminous Original Volume Building Waterproof Mascara, Carbon Black, 0.23 Fl Oz</p><p>$8.98</p><a href="https://www.amazon.com/dp/B004BCXEF6?tag=eloabder-20&linkCode=osi&th=1&psc=1">View Product</a></div>
<div class="product"><a href="https://www.amazon.com/dp/B0BSZ23FTF?tag=eloabder-20&linkCode=osi&th=1&psc=1"><img src="https://m.media-amazon.com/images/I/31GRN7P2p8L._SL500_.jpg" alt="Product Image"></a><p>Bubble Skincare Slam Dunk Face Moisturizer - Hydrating Face Cream for Dry Skin Made with Vitamin E + Aloe Vera Juice for a Glowing Complexion - Skin Care with Blue Light Protection (50ml)</p><p>$14.98 ($8.81 / Ounce)</p><a href="https://www.amazon.com/dp/B0BSZ23FTF?tag=eloabder-20&linkCode=osi&th=1&psc=1">View Product</a></div><div class="product"><a href="https://www.amazon.com/dp/B08T7DSZYD?tag=eloabder-20&linkCode=osi&th=1&psc=1"><img src="https://m.media-amazon.com/images/I/41WwUSxcyGL._SL500_.jpg" alt="Product Image"></a><p>e.l.f. SKIN Hydrated Ever After Skincare Mini Kit, Cleanser, Makeup Remover, Moisturiser & Eye Cream For Hydrating Skin, Airplane-Friendly Sizes</p><p>$19.99</p><a href="https://www.amazon.com/dp/B08T7DSZYD?tag=eloabder-20&linkCode=osi&th=1&psc=1">View Product</a></div><div class="product"><a href="https://www.amazon.com/dp/B0BSYX57T2?tag=eloabder-20&linkCode=osi&th=1&psc=1"><img src="https://m.media-amazon.com/images/I/31ssRlEo5QL._SL500_.jpg" alt="Product Image"></a><p>Bubble Skincare Bounce Back Balancing Facial Toner Mist - Hydrating Toner Spray + Pore Minimizer Made with Sea Water and Niacinamide to Help Improve Texture & Radiance (55ml)</p><p>$12.99 ($7.22 / Fl Oz)</p><a href="https://www.amazon.com/dp/B0BSYX57T2?tag=eloabder-20&linkCode=osi&th=1&psc=1">View Product</a></div><div class="product"><a href="https://www.amazon.com/dp/B000VPPUEA?tag=eloabder-20&linkCode=osi&th=1&psc=1"><img src="https://m.media-amazon.com/images/I/31e4JzjWhkL._SL500_.jpg" alt="Product Image"></a><p>Bio-Oil Skincare Body Oil, Vitamin E, Serum for Scars & Stretchmarks, Face & Body Moisturizer, 2 oz, All Skin Types</p><p>$11.12 ($5.56 / Fl Oz)</p><a href="https://www.amazon.com/dp/B000VPPUEA?tag=eloabder-20&linkCode=osi&th=1&psc=1">View Product</a></div><div class="product"><a href="https://www.amazon.com/dp/B0C2JPBNFX?tag=eloabder-20&linkCode=osi&th=1&psc=1"><img src="https://m.media-amazon.com/images/I/51LF1OXoo0L._SL500_.jpg" alt="Product Image"></a><p>Celavi K-Beauty Skincare Essence Facial Face Mask Korea Skin Care Moisturizing B Set 12 Pack</p><p>$9.99 ($0.83 / Count)</p><a href="https://www.amazon.com/dp/B0C2JPBNFX?tag=eloabder-20&linkCode=osi&th=1&psc=1">View Product</a></div><div class="product"><a href="https://www.amazon.com/dp/B0BSYJYQY2?tag=eloabder-20&linkCode=osi&th=1&psc=1"><img src="https://m.media-amazon.com/images/I/31aQkQwjJYL._SL500_.jpg" alt="Product Image"></a><p>Bubble Skincare Level Up Balancing Face Moisturizer - Hydrating Gel Moisturizer Formulated with Zinc PCA + Niacinamide for Improved Texture & Radiance - Skin Care for Oily or Combination Skin (50ml)</p><p>$14.99 ($8.87 / Fl Oz)</p><a href="https://www.amazon.com/dp/B0BSYJYQY2?tag=eloabder-20&linkCode=osi&th=1&psc=1">View Product</a></div><div class="product"><a href="https://www.amazon.com/dp/B0B826XRPH?tag=eloabder-20&linkCode=osi&th=1&psc=1"><img src="https://m.media-amazon.com/images/I/516nsOEA-mL._SL500_.jpg" alt="Product Image"></a><p>AURUZA Ice Face Roller and Gua Sha Set, Ice Roller for Face & Eye Puffiness Relief Beauty Facial Rollers Mold Icing Massage Skin Care Tools for Brighten Lubricate Shrink Pores Remove Fine Lines</p><p>$5.49</p><a href="https://www.amazon.com/dp/B0B826XRPH?tag=eloabder-20&linkCode=osi&th=1&psc=1">View Product</a></div><div class="product"><a href="https://www.amazon.com/dp/B0BS8Y2FLK?tag=eloabder-20&linkCode=osi&th=1&psc=1"><img src="https://m.media-amazon.com/images/I/41CX-bGjaRL._SL500_.jpg" alt="Product Image"></a><p>PEAUAMIE Under Eye Patches (30 Pairs) Gold Eye Mask and Hyaluronic Acid Eye Patches for puffy eyes,Rose Eye Masks for Dark Circles and Puffiness under eye skin care Smooth Wrinkles products</p><p>$9.99 ($0.33 / Count)</p><a href="https://www.amazon.com/dp/B0BS8Y2FLK?tag=eloabder-20&linkCode=osi&th=1&psc=1">View Product</a></div><div class="product"><a href="https://www.amazon.com/dp/B09NXS395V?tag=eloabder-20&linkCode=osi&th=1&psc=1"><img src="https://m.media-amazon.com/images/I/41ZHn0qwWwL._SL500_.jpg" alt="Product Image"></a><p>NAZANO Under Eye Patches - 60 Pcs - 24K Gold Eye Mask- Puffy Eyes & Dark Circles Treatments,Reduce Under Eye Bags and Smooth Wrinkles,Eye Skin Care Pads With Collagen,Hyaluronic Acid & Castor Oil</p><p>$8.99 ($0.30 / Count)</p><a href="https://www.amazon.com/dp/B09NXS395V?tag=eloabder-20&linkCode=osi&th=1&psc=1">View Product</a></div>
<div class="product"><a href="https://www.amazon.com/dp/B01N9SPQHQ?tag=eloabder-20&linkCode=osi&th=1&psc=1"><img src="https://m.media-amazon.com/images/I/41NHgWAaYAL._SL500_.jpg" alt="Product Image"></a><p>La Roche-Posay Toleriane Double Repair Face Moisturizer, Daily Moisturizer Face Cream with Ceramide and Niacinamide for All Skin Types, Oil Free, Fragrance Free</p><p>$23.99 ($7.10 / Fl Oz)</p><a href="https://www.amazon.com/dp/B01N9SPQHQ?tag=eloabder-20&linkCode=osi&th=1&psc=1">View Product</a></div><div class="product"><a href="https://www.amazon.com/dp/B00TTD9BRC?tag=eloabder-20&linkCode=osi&th=1&psc=1"><img src="https://m.media-amazon.com/images/I/41Kc6H7fboL._SL500_.jpg" alt="Product Image"></a><p>CeraVe Moisturizing Cream | Body and Face Moisturizer for Dry Skin | Body Cream with Hyaluronic Acid and Ceramides | Daily Moisturizer | Oil-Free | Fragrance Free | Non-Comedogenic | 19 Ounce</p><p>$17.78 ($0.94 / Ounce)</p><a href="https://www.amazon.com/dp/B00TTD9BRC?tag=eloabder-20&linkCode=osi&th=1&psc=1">View Product</a></div><div class="product"><a href="https://www.amazon.com/dp/B00NR1YQHM?tag=eloabder-20&linkCode=osi&th=1&psc=1"><img src="https://m.media-amazon.com/images/I/41yzZFTW63L._SL500_.jpg" alt="Product Image"></a><p>Neutrogena Hydro Boost Face Moisturizer with Hyaluronic Acid for Dry Skin, Oil-Free and Non-Comedogenic Water Gel Face Lotion, 1.7 oz</p><p>$13.31 ($7.83 / Ounce)</p><a href="https://www.amazon.com/dp/B00NR1YQHM?tag=eloabder-20&linkCode=osi&th=1&psc=1">View Product</a></div><div class="product"><a href="https://www.amazon.com/dp/B00HNSSPHC?tag=eloabder-20&linkCode=osi&th=1&psc=1"><img src="https://m.media-amazon.com/images/I/41rWFzQZdOL._SL500_.jpg" alt="Product Image"></a><p>Neutrogena Triple Age Repair Anti-Aging Daily Facial Moisturizer with SPF 25 Sunscreen & Vitamin C, Firming Anti-Wrinkle Face & Neck Cream for Dark Spots, Glycerin & Shea Butter, 1.7 oz</p><p>$19.56 ($11.51 / Ounce)</p><a href="https://www.amazon.com/dp/B00HNSSPHC?tag=eloabder-20&linkCode=osi&th=1&psc=1">View Product</a></div><div class="product"><a href="https://www.amazon.com/dp/B000YJ2SLG?tag=eloabder-20&linkCode=osi&th=1&psc=1"><img src="https://m.media-amazon.com/images/I/31J9bWXnQ+L._SL500_.jpg" alt="Product Image"></a><p>CeraVe Daily Moisturizing Lotion for Dry Skin | Body Lotion & Face Moisturizer with Hyaluronic Acid and Ceramides | Daily Moisturizer | Fragrance Free | Oil-Free | 12 Ounce</p><p>$13.68 ($1.14 / Fl Oz)</p><a href="https://www.amazon.com/dp/B000YJ2SLG?tag=eloabder-20&linkCode=osi&th=1&psc=1">View Product</a></div><div class="product"><a href="https://www.amazon.com/dp/B099N1LC4R?tag=eloabder-20&linkCode=osi&th=1&psc=1"><img src="https://m.media-amazon.com/images/I/41lZIG8wQNL._SL500_.jpg" alt="Product Image"></a><p>Cetaphil Face & Body Moisturizer, Hydrating Moisturizing Cream For Dry To Very Dry, Sensitive Skin, NEW 20 Oz, Fragrance Free, Non-Comedogenic, Non-Greasy (Packaging May Vary)</p><p>$15.97 ($0.80 / Ounce)</p><a href="https://www.amazon.com/dp/B099N1LC4R?tag=eloabder-20&linkCode=osi&th=1&psc=1">View Product</a></div><div class="product"><a href="https://www.amazon.com/dp/B01H20MA62?tag=eloabder-20&linkCode=osi&th=1&psc=1"><img src="https://m.media-amazon.com/images/I/41xuvNUpUML._SL500_.jpg" alt="Product Image"></a><p>Cetaphil Face & Body Moisturizer, Hydrating Moisturizing Cream for Dry to Very Dry, Sensitive Skin, NEW 16 Oz 2 Pack, Fragrance Free, Non-Comedogenic, Non-Greasy</p><p>$19.48 ($0.61 / Ounce)</p><a href="https://www.amazon.com/dp/B01H20MA62?tag=eloabder-20&linkCode=osi&th=1&psc=1">View Product</a></div><div class="product"><a href="https://www.amazon.com/dp/B01NCWV3KM?tag=eloabder-20&linkCode=osi&th=1&psc=1"><img src="https://m.media-amazon.com/images/I/41Q1ESUhSeL._SL500_.jpg" alt="Product Image"></a><p>La Roche-Posay Toleriane Double Repair UV SPF Moisturizer for Face, Daily Facial Moisturizer with Sunscreen SPF 30, Niacinamide and Glycerin, Oil Free, Moisturizing Sun Protection</p><p>$24.99 ($10.00 / Fl Oz)</p><a href="https://www.amazon.com/dp/B01NCWV3KM?tag=eloabder-20&linkCode=osi&th=1&psc=1">View Product</a></div>
<div class="product"><a href="https://www.amazon.com/dp/B07P5TMHD9?tag=eloabder-20&linkCode=osi&th=1&psc=1"><img src="https://m.media-amazon.com/images/I/51xr2lw0Y7L._SL500_.jpg" alt="Product Image"></a><p>Vitamin C Face Serum - Dark Spot Remover Facial Serum, Vit C Serum with Hyaluronic Acid, Ferulic Acid, & Vit E - Anti Aging and Skin Brightening Serum, Pure Vitamin C Serum Skin Care</p><p>$9.98</p><a href="https://www.amazon.com/dp/B07P5TMHD9?tag=eloabder-20&linkCode=osi&th=1&psc=1">View Product</a></div><div class="product"><a href="https://www.amazon.com/dp/B014PGEEO2?tag=eloabder-20&linkCode=osi&th=1&psc=1"><img src="https://m.media-amazon.com/images/I/51v+djIfQGL._SL500_.jpg" alt="Product Image"></a><p>Tree of Life Facial Serum Set for Face, Brightening, Firming, Hydrating, Dry Skin, Dermatologist Tested - Trio Power Skin Care Set, Vitamin C, Retinol and Hyaluronic Acid, 3 count of 1 Fl Oz</p><p>$19.99 ($6.66 / Fl Oz)</p><a href="https://www.amazon.com/dp/B014PGEEO2?tag=eloabder-20&linkCode=osi&th=1&psc=1">View Product</a></div><div class="product"><a href="https://www.amazon.com/dp/B08R994Q1L?tag=eloabder-20&linkCode=osi&th=1&psc=1"><img src="https://m.media-amazon.com/images/I/418KUv8uVkL._SL500_.jpg" alt="Product Image"></a><p>Good Molecules Niacinamide Serum - 10% Niacinamide Balancing B3 Facial Serum for Acne, Tone, Texture - Brightening and Hydrating Skincare for Face</p><p>$6.00</p><a href="https://www.amazon.com/dp/B08R994Q1L?tag=eloabder-20&linkCode=osi&th=1&psc=1">View Product</a></div><div class="product"><a href="https://www.amazon.com/dp/B07VWSN95S?tag=eloabder-20&linkCode=osi&th=1&psc=1"><img src="https://m.media-amazon.com/images/I/411Y0nzh9zL._SL500_.jpg" alt="Product Image"></a><p>CeraVe Retinol Serum for Post-Acne Marks and Skin Texture | Pore Refining, Resurfacing, Brightening Facial Serum with Retinol and Niacinamide | Fragrance Free, Paraben Free & Non-Comedogenic| 1 Oz</p><p>$18.68</p><a href="https://www.amazon.com/dp/B07VWSN95S?tag=eloabder-20&linkCode=osi&th=1&psc=1">View Product</a></div><div class="product"><a href="https://www.amazon.com/dp/B08L8B5JR2?tag=eloabder-20&linkCode=osi&th=1&psc=1"><img src="https://m.media-amazon.com/images/I/51Ee0RzYONL._SL500_.jpg" alt="Product Image"></a><p>Vibriance Super C Serum for Mature Skin, Made in USA, All-In-One Formula Hydrates, Firms, Lifts, Smooths, Targets Age Spots, Wrinkles, Vitamin C Serum; 1 fl oz</p><p>$32.90</p><a href="https://www.amazon.com/dp/B08L8B5JR2?tag=eloabder-20&linkCode=osi&th=1&psc=1">View Product</a></div><div class="product"><a href="https://www.amazon.com/dp/B0CLLV2T1P?tag=eloabder-20&linkCode=osi&th=1&psc=1"><img src="https://m.media-amazon.com/images/I/31ZBa-zgbjL._SL500_.jpg" alt="Product Image"></a><p>Anua 10% Niacinamide+ 4% Tranexamic Acid Serum, Ceramide, Hyaluronic Acid, Vitamin B12 natural color, for Sensitive skin, Korean Glass Skin, Fragrance-Free (30ml /1.01 fl.oz.)</p><p>$19.00 ($18.81 / Fl Oz)</p><a href="https://www.amazon.com/dp/B0CLLV2T1P?tag=eloabder-20&linkCode=osi&th=1&psc=1">View Product</a></div><div class="product"><a href="https://www.amazon.com/dp/B08TM8DLFJ?tag=eloabder-20&linkCode=osi&th=1&psc=1"><img src="https://m.media-amazon.com/images/I/41g0Mg7pRIL._SL500_.jpg" alt="Product Image"></a><p>Good Molecules Hyaluronic Acid Serum - Hydrating, Non-greasy formula to Moisturize, Plump - 1% HA, Anti-aging, Water-Based Skincare for Face</p><p>$6.00 ($6.00 / Fl Oz)</p><a href="https://www.amazon.com/dp/B08TM8DLFJ?tag=eloabder-20&linkCode=osi&th=1&psc=1">View Product</a></div><div class="product"><a href="https://www.amazon.com/dp/B01B5G45R6?tag=eloabder-20&linkCode=osi&th=1&psc=1"><img src="https://m.media-amazon.com/images/I/51JgyVg967L._SL500_.jpg" alt="Product Image"></a><p>artnaturals Anti-Aging-Set with Vitamin-C Retinol and Hyaluronic-Acid - (3 x 1 Fl Oz / 30ml) Serum for Anti Wrinkle and Dark Circle Remover – All Natural and Moisturizing</p><p>$24.95 ($8.32 / Fl Oz)</p><a href="https://www.amazon.com/dp/B01B5G45R6?tag=eloabder-20&linkCode=osi&th=1&psc=1">View Product</a></div><div class="product"><a href="https://www.amazon.com/dp/B086VKZZZY?tag=eloabder-20&linkCode=osi&th=1&psc=1"><img src="https://m.media-amazon.com/images/I/31l7jUL7jOL._SL500_.jpg" alt="Product Image"></a><p>Beauty of Joseon Glow Serum Propolis and Niacinamide Hydrating Facial Soothing Moisturizer for Irritated Uneven Skin Tone, Korean Skin Care 30ml, 1 fl.oz</p><p>$13.60 ($13.47 / Fl Oz)</p><a href="https://www.amazon.com/dp/B086VKZZZY?tag=eloabder-20&linkCode=osi&th=1&psc=1">View Product</a></div>
<div class="product"><a href="https://www.amazon.com/dp/B0CYGT3CR4?tag=eloabder-20&linkCode=osi&th=1&psc=1"><img src="https://m.media-amazon.com/images/I/51LbfzrqiUL._SL500_.jpg" alt="Product Image"></a><p>KONEUK 14 Pack Sheet Face Masks Skincare for All Skin Types, Hydrating Face Masks Suitable for Sensitive Skin, Bulk Facial Mask Set for Women Skin Care, Face Mask Gifts Set for Face Spa</p><p>$8.99 ($0.64 / Count)</p><a href="https://www.amazon.com/dp/B0CYGT3CR4?tag=eloabder-20&linkCode=osi&th=1&psc=1">View Product</a></div><div class="product"><a href="https://www.amazon.com/dp/B01N37AK8V?tag=eloabder-20&linkCode=osi&th=1&psc=1"><img src="https://m.media-amazon.com/images/I/41zyExDkGCL._SL500_.jpg" alt="Product Image"></a><p>Ebanel 10 Pack Collagen Face Mask, Instant Brightening & Hydrating Face Sheet Mask with Aloe Vera, Hyaluronic Acid, Vitamin C and E, Chamomile, Anti Aging Face Mask with Hydrolyzed Collagen, Peptide</p><p>$13.99 ($1.40 / Count)</p><a href="https://www.amazon.com/dp/B01N37AK8V?tag=eloabder-20&linkCode=osi&th=1&psc=1">View Product</a></div><div class="product"><a href="https://www.amazon.com/dp/B07C3NBJ33?tag=eloabder-20&linkCode=osi&th=1&psc=1"><img src="https://m.media-amazon.com/images/I/51DMM9KU+AL._SL500_.jpg" alt="Product Image"></a><p>GLAM UP Premium Facial Sheet Mask 12 Combo (Pack of 12) | Clean Face Masks Skincare, Hydrating Face Masks, Moisturizing, Soothing, Beauty Mask For All Skin Type Variety Beauty Mask Set</p><p>$13.20 ($1.10 / Count)</p><a href="https://www.amazon.com/dp/B07C3NBJ33?tag=eloabder-20&linkCode=osi&th=1&psc=1">View Product</a></div><div class="product"><a href="https://www.amazon.com/dp/B0B5XTMJMJ?tag=eloabder-20&linkCode=osi&th=1&psc=1"><img src="https://m.media-amazon.com/images/I/61voysA0eEL._SL500_.jpg" alt="Product Image"></a><p>Meleell Collagen Sheet Face Masks Skincare Bulk Pack,Hydrating Spa Face Mask For Sensitive Skin,Anti Aging Facial Masks Sets For Women/Teen Girls(40 Combo Pack)</p><p>$25.99 ($0.65 / Count)</p><a href="https://www.amazon.com/dp/B0B5XTMJMJ?tag=eloabder-20&linkCode=osi&th=1&psc=1">View Product</a></div><div class="product"><a href="https://www.amazon.com/dp/B0CR6NHHVL?tag=eloabder-20&linkCode=osi&th=1&psc=1"><img src="https://m.media-amazon.com/images/I/514yWBJNkFL._SL500_.jpg" alt="Product Image"></a><p>Kaely 10 Pack Variety Sheet Masks,Spa Face Masks for Kids Skin Care,Facial Mask Skincare Set Korean,Moisturize,Brighten,Nourish for All Skin Types,Birthday Gifts for Women Men Boys Girls,Set01</p><p>$8.99 ($0.90 / Count)</p><a href="https://www.amazon.com/dp/B0CR6NHHVL?tag=eloabder-20&linkCode=osi&th=1&psc=1">View Product</a></div><div class="product"><a href="https://www.amazon.com/dp/B086V843R8?tag=eloabder-20&linkCode=osi&th=1&psc=1"><img src="https://m.media-amazon.com/images/I/410evC+SQHL._SL500_.jpg" alt="Product Image"></a><p>ANAI RUI Turmeric Clay Mask - Green Tea Clay Mask - Dead Sea Minerals Mud Mask, Spa Facial Mask Set, Face Mask Gift Set 2.5 oz each</p><p>$22.99</p><a href="https://www.amazon.com/dp/B086V843R8?tag=eloabder-20&linkCode=osi&th=1&psc=1">View Product</a></div><div class="product"><a href="https://www.amazon.com/dp/B07JMTMHGS?tag=eloabder-20&linkCode=osi&th=1&psc=1"><img src="https://m.media-amazon.com/images/I/41PeKCZ7NtL._SL500_.jpg" alt="Product Image"></a><p>LAPCOS Aloe Sheet Mask, Daily Face Mask with Cucumber and Aloe Gel to Calm and Moisturize Skin, Korean Beauty Favorite, 5-Pack</p><p>$20.00 ($4.00 / count)</p><a href="https://www.amazon.com/dp/B07JMTMHGS?tag=eloabder-20&linkCode=osi&th=1&psc=1">View Product</a></div><div class="product"><a href="https://www.amazon.com/dp/B0CMQKTJDQ?tag=eloabder-20&linkCode=osi&th=1&psc=1"><img src="https://m.media-amazon.com/images/I/51oosdS4y8L._SL500_.jpg" alt="Product Image"></a><p>VESPRO 100 Pack Collagen Essence Sheet Facial Masks, Bulk Face Masks Skincare, Hydrating Face Masks for All Skin Types, Moisturizing and Soothing, Natural Skin Care Spa Face Mask</p><p>$45.99 ($0.46 / Count)</p><a href="https://www.amazon.com/dp/B0CMQKTJDQ?tag=eloabder-20&linkCode=osi&th=1&psc=1">View Product</a></div><div class="product"><a href="https://www.amazon.com/dp/B0B41LVMJ3?tag=eloabder-20&linkCode=osi&th=1&psc=1"><img src="https://m.media-amazon.com/images/I/51xduFirI6L._SL500_.jpg" alt="Product Image"></a><p>#OOTD Collagen Hydrating Sheet Masks for Face Korean Anti Aging Mask Sheet for Dry Skin & Sensitive Skin, EVE Vegan, Not Tested on Animals, No Parabens, No Sulfates, Hyaluronic Acid, Witch Hazel 10EA</p><p>$18.00 ($1.80 / Count)</p><a href="https://www.amazon.com/dp/B0B41LVMJ3?tag=eloabder-20&linkCode=osi&th=1&psc=1">View Product</a></div>
<div class="product"><a href="https://www.amazon.com/dp/B01N34XW93?tag=eloabder-20&linkCode=osi&th=1&psc=1"><img src="https://m.media-amazon.com/images/I/31OMOTCxlmL._SL500_.jpg" alt="Product Image"></a><p>La Roche-Posay Toleriane Purifying Foaming Facial Cleanser, Oil Free Face Wash for Oily Skin and for Sensitive Skin with Niacinamide, Pore Cleanser Won’t Dry Out Skin, Unscented</p><p>$17.99 ($1.33 / Fl Oz)</p><a href="https://www.amazon.com/dp/B01N34XW93?tag=eloabder-20&linkCode=osi&th=1&psc=1">View Product</a></div><div class="product"><a href="https://www.amazon.com/dp/B01MSSDEPK?tag=eloabder-20&linkCode=osi&th=1&psc=1"><img src="https://m.media-amazon.com/images/I/41YuSwjJUIL._SL500_.jpg" alt="Product Image"></a><p>CeraVe Hydrating Facial Cleanser | Moisturizing Face Wash For Dry Skin | Hyaluronic Acid + Ceramides + Glycerin | Hydrating Cleanser For Normal To Dry Skin | National Eczema Assosiation Certified</p><p>$15.48 ($0.97 / Fl Oz)</p><a href="https://www.amazon.com/dp/B01MSSDEPK?tag=eloabder-20&linkCode=osi&th=1&psc=1">View Product</a></div><div class="product"><a href="https://www.amazon.com/dp/B01N7T7JKJ?tag=eloabder-20&linkCode=osi&th=1&psc=1"><img src="https://m.media-amazon.com/images/I/31VXK3y1KYL._SL500_.jpg" alt="Product Image"></a><p>La Roche-Posay Toleriane Hydrating Gentle Face Cleanser, Daily Facial Cleanser with Niacinamide and Ceramides for Sensitive Skin, Moisturizing Face Wash for Normal to Dry Skin, Fragrance Free</p><p>$17.99 ($1.33 / Fl Oz)</p><a href="https://www.amazon.com/dp/B01N7T7JKJ?tag=eloabder-20&linkCode=osi&th=1&psc=1">View Product</a></div><div class="product"><a href="https://www.amazon.com/dp/B01N1LL62W?tag=eloabder-20&linkCode=osi&th=1&psc=1"><img src="https://m.media-amazon.com/images/I/41kwN8dWWzL._SL500_.jpg" alt="Product Image"></a><p>CeraVe Foaming Facial Cleanser | Daily Face Wash for Oily Skin with Hyaluronic Acid, Ceramides, and Niacinamide| Fragrance Free | 16 Fluid Ounce</p><p>$15.19 ($0.95 / Fl Oz)</p><a href="https://www.amazon.com/dp/B01N1LL62W?tag=eloabder-20&linkCode=osi&th=1&psc=1">View Product</a></div><div class="product"><a href="https://www.amazon.com/dp/B00U1YCRD8?tag=eloabder-20&linkCode=osi&th=1&psc=1"><img src="https://m.media-amazon.com/images/I/31LVb8KvKwL._SL500_.jpg" alt="Product Image"></a><p>CeraVe SA Cleanser | Salicylic Acid Cleanser with Hyaluronic Acid, Niacinamide & Ceramides| BHA Exfoliant for Face | Fragrance Free Non-Comedogenic | 8 Ounce</p><p>$12.37 ($1.55 / Ounce)</p><a href="https://www.amazon.com/dp/B00U1YCRD8?tag=eloabder-20&linkCode=osi&th=1&psc=1">View Product</a></div><div class="product"><a href="https://www.amazon.com/dp/B0BVV8BNYJ?tag=eloabder-20&linkCode=osi&th=1&psc=1"><img src="https://m.media-amazon.com/images/I/31tSZvBReoL._SL500_.jpg" alt="Product Image"></a><p>ANUA Heartleaf Quercetinol Pore Deep Cleansing Foam, Facial Cleanser, for Double Cleansing, BHA, Hyaluronic Acid, Glycerin, Face Wash, Blackhead Remover, Korean Skincare (150ml/5.07 fl.oz.)</p><p>$13.00 ($2.56 / Fl Oz)</p><a href="https://www.amazon.com/dp/B0BVV8BNYJ?tag=eloabder-20&linkCode=osi&th=1&psc=1">View Product</a></div><div class="product"><a href="https://www.amazon.com/dp/B00QY1XZ4W?tag=eloabder-20&linkCode=osi&th=1&psc=1"><img src="https://m.media-amazon.com/images/I/319pG+OQZxL._SL500_.jpg" alt="Product Image"></a><p>Vanicream Gentle Facial Cleanser with Pump Dispenser - 8 fl oz - Formulated Without Common Irritants for Those with Sensitive Skin</p><p>$8.86 ($1.11 / Fl Oz)</p><a href="https://www.amazon.com/dp/B00QY1XZ4W?tag=eloabder-20&linkCode=osi&th=1&psc=1">View Product</a></div><div class="product"><a href="https://www.amazon.com/dp/B016NRXO06?tag=eloabder-20&linkCode=osi&th=1&psc=1"><img src="https://m.media-amazon.com/images/I/31jSFIvh2TS._SL500_.jpg" alt="Product Image"></a><p>COSRX Low pH Good Morning Gel Cleanser, Daily Mild Face Cleanser for Sensitive Skin with BHA & Tea-Tree Oil, PH Balancing, Korean Skincare (5.07fl.oz/150ml)</p><p>$11.49 ($2.27 / Fl Oz)</p><a href="https://www.amazon.com/dp/B016NRXO06?tag=eloabder-20&linkCode=osi&th=1&psc=1">View Product</a></div><div class="product"><a href="https://www.amazon.com/dp/B09Y4HHY1P?tag=eloabder-20&linkCode=osi&th=1&psc=1"><img src="https://m.media-amazon.com/images/I/41Crw80Q3yL._SL500_.jpg" alt="Product Image"></a><p>Cetaphil Face Wash, Daily Facial Cleanser for Sensitive, Combination to Oily Skin, NEW 16 oz, Fragrance Free, Gentle Foaming, Soap Free, Hypoallergenic (Packaging May Vary)</p><p>$11.97 ($0.75 / Fl Oz)</p><a href="https://www.amazon.com/dp/B09Y4HHY1P?tag=eloabder-20&linkCode=osi&th=1&psc=1">View Product</a></div><div class="product"><a href="https://www.amazon.com/dp/B0BN2PX8V3?tag=eloabder-20&linkCode=osi&th=1&psc=1"><img src="https://m.media-amazon.com/images/I/31n4TECLwuL._SL500_.jpg" alt="Product Image"></a><p>ANUA Heartleaf Pore Control Cleansing Oil, Oil Cleanser for Face, Makeup Blackhead Remover, Korean Skin Care 6.76 fl oz(200ml) (original)</p><p>$17.69 ($2.64 / Fl Oz)</p><a href="https://www.amazon.com/dp/B0BN2PX8V3?tag=eloabder-20&linkCode=osi&th=1&psc=1">View Product</a></div>
<div class="product"><a href="https://www.amazon.com/dp/B08CMS8P67?tag=eloabder-20&linkCode=osi&th=1&psc=1"><img src="https://m.media-amazon.com/images/I/31LVyuSsJEL._SL500_.jpg" alt="Product Image"></a><p>Anua Heartleaf 77 Soothing Toner I pH 5.5 Trouble Care, Calming Skin, Refreshing, Hydrating, Purifying, Cruelty Free, Vegan,(250ml / 8.45 fl.oz.)</p><p>$19.69 ($2.33 / Fl Oz)</p><a href="https://www.amazon.com/dp/B08CMS8P67?tag=eloabder-20&linkCode=osi&th=1&psc=1">View Product</a></div><div class="product"><a href="https://www.amazon.com/dp/B09LKXR62L?tag=eloabder-20&linkCode=osi&th=1&psc=1"><img src="https://m.media-amazon.com/images/I/31D6ydy59dL._SL500_.jpg" alt="Product Image"></a><p>CeraVe Hydrating Toner for Face Non-Alcoholic with Hyaluronic Acid, Niacinamide, and Ceramides for Sensitive Dry Skin, Fragrance-Free Non Comedogenic, Full Size, 6.8 Fl Oz</p><p>$9.86 ($1.45 / Ounce)</p><a href="https://www.amazon.com/dp/B09LKXR62L?tag=eloabder-20&linkCode=osi&th=1&psc=1">View Product</a></div><div class="product"><a href="https://www.amazon.com/dp/B0CG1H8YRS?tag=eloabder-20&linkCode=osi&th=1&psc=1"><img src="https://m.media-amazon.com/images/I/31OZES5j9LL._SL500_.jpg" alt="Product Image"></a><p>TIRTIR Milk Skin Rice Toner | Deep Moisturizing, Instant Glow, 2% Niacinamide, Rice Bran Extract, Ceramide, Panthenol, Cruelty-Free, Fungal Acne Friendly, Vegan, 5.07 fl.oz.</p><p>$24.99 ($4.93 / Fl Oz)</p><a href="https://www.amazon.com/dp/B0CG1H8YRS?tag=eloabder-20&linkCode=osi&th=1&psc=1">View Product</a></div><div class="product"><a href="https://www.amazon.com/dp/B007HD570Q?tag=eloabder-20&linkCode=osi&th=1&psc=1"><img src="https://m.media-amazon.com/images/I/31uC8ENEVqL._SL500_.jpg" alt="Product Image"></a><p>Thayers Alcohol-Free, Hydrating Rose Petal Witch Hazel Facial Toner with Aloe Vera Formula, Vegan, Dermatologist Tested and Recommended, 12 Oz</p><p>$10.53 ($0.88 / Fl Oz)</p><a href="https://www.amazon.com/dp/B007HD570Q?tag=eloabder-20&linkCode=osi&th=1&psc=1">View Product</a></div><div class="product"><a href="https://www.amazon.com/dp/B01LZK411L?tag=eloabder-20&linkCode=osi&th=1&psc=1"><img src="https://m.media-amazon.com/images/I/31la+He5vRL._SL500_.jpg" alt="Product Image"></a><p>ACWELL Licorice pH Balancing Korean Toner for Cleansing 5.07 fl.oz. - Alcohol-Free PH5.5 Hydrating Facial Astringent - Skin Clarifying & Hydration Boosting Toner</p><p>$16.00 ($3.14 / Fl Oz)</p><a href="https://www.amazon.com/dp/B01LZK411L?tag=eloabder-20&linkCode=osi&th=1&psc=1">View Product</a></div><div class="product"><a href="https://www.amazon.com/dp/B07BYJF7L7?tag=eloabder-20&linkCode=osi&th=1&psc=1"><img src="https://m.media-amazon.com/images/I/31+G3Xc+J7L._SL500_.jpg" alt="Product Image"></a><p>SOME BY MI AHA BHA PHA 30 Days Miracle Toner - 5.07Oz, 150ml - Made from Tea Tree Water for Sensitive Skin - Mild Exfoliating Daily Face Toner - Skin Wastes, Sebum and Oiliness Care - Korean Skin Care</p><p>$12.00 ($2.37 / Fl Oz)</p><a href="https://www.amazon.com/dp/B07BYJF7L7?tag=eloabder-20&linkCode=osi&th=1&psc=1">View Product</a></div><div class="product"><a href="https://www.amazon.com/dp/B00LO2RO7K?tag=eloabder-20&linkCode=osi&th=1&psc=1"><img src="https://m.media-amazon.com/images/I/31Wb52+KYzL._SL500_.jpg" alt="Product Image"></a><p>La Roche-Posay Effaclar Clarifying Solution Acne Toner with Salicylic Acid and Glycolic Acid, Pore Refining Oily Skin Toner, Gentle Exfoliant to Unclog Pores and Remove Dead Skin Cells</p><p>$16.99 ($2.51 / Fl Oz)</p><a href="https://www.amazon.com/dp/B00LO2RO7K?tag=eloabder-20&linkCode=osi&th=1&psc=1">View Product</a></div><div class="product"><a href="https://www.amazon.com/dp/B008EPPIQ4?tag=eloabder-20&linkCode=osi&th=1&psc=1"><img src="https://m.media-amazon.com/images/I/31-lQL0AkZL._SL500_.jpg" alt="Product Image"></a><p>Paula's Choice Skin Balancing Pore-Reducing Toner for Combination and Oily Skin, Minimizes Large Pores, 6.4 Fluid Ounce Bottle</p><p>$26.00 ($4.06 / Fl Oz)</p><a href="https://www.amazon.com/dp/B008EPPIQ4?tag=eloabder-20&linkCode=osi&th=1&psc=1">View Product</a></div><div class="product"><a href="https://www.amazon.com/dp/B073P6BPF5?tag=eloabder-20&linkCode=osi&th=1&psc=1"><img src="https://m.media-amazon.com/images/I/31hqlVDLizL._SL500_.jpg" alt="Product Image"></a><p>COSRX AHA/BHA Clarifying Treatment Toner, 5.07 fl.oz / 150ml | Exfoliating Facial Spray | Korean Skin Care, Hydrating, Mild Exfoliation, Vegan, Animal Testing Free, Paraben Free</p><p>$10.75 ($2.11 / Fl Oz)</p><a href="https://www.amazon.com/dp/B073P6BPF5?tag=eloabder-20&linkCode=osi&th=1&psc=1">View Product</a></div>
<div class="product"><a href="https://www.amazon.com/dp/B07C5SS6YD?tag=eloabder-20&linkCode=osi&th=1&psc=1"><img src="https://m.media-amazon.com/images/I/31tzIszvgAL._SL500_.jpg" alt="Product Image"></a><p>Paula's Choice Skin Perfecting 2% BHA Liquid Salicylic Acid Exfoliant, Gentle Facial Exfoliator for Blackheads, Large Pores, Wrinkles & Fine Lines, Travel Size, 1 Fluid Ounce</p><p>$14.00</p><a href="https://www.amazon.com/dp/B07C5SS6YD?tag=eloabder-20&linkCode=osi&th=1&psc=1">View Product</a></div><div class="product"><a href="https://www.amazon.com/dp/B07VW3YSWH?tag=eloabder-20&linkCode=osi&th=1&psc=1"><img src="https://m.media-amazon.com/images/I/410j9ZFktHL._SL500_.jpg" alt="Product Image"></a><p>Tree Hut Vitamin C Shea Sugar Scrub, 18 oz, Ultra Hydrating and Exfoliating Scrub for Nourishing Essential Body Care</p><p>$8.94 ($0.50 / Ounce)</p><a href="https://www.amazon.com/dp/B07VW3YSWH?tag=eloabder-20&linkCode=osi&th=1&psc=1">View Product</a></div><div class="product"><a href="https://www.amazon.com/dp/B07NHZP4FW?tag=eloabder-20&linkCode=osi&th=1&psc=1"><img src="https://m.media-amazon.com/images/I/41znKaYV17L._SL500_.jpg" alt="Product Image"></a><p>Seraphic Skincare (Original) Premium Exfoliating Mitt for Body (2pc) – 100% Vegan Viscose Traditional Body Scrub Glove Kessa Korean Washcloth – Body Exfoliator for Self-Tan Removal & Keratosis Pilaris</p><p>$12.99 ($6.50 / Count)</p><a href="https://www.amazon.com/dp/B07NHZP4FW?tag=eloabder-20&linkCode=osi&th=1&psc=1">View Product</a></div><div class="product"><a href="https://www.amazon.com/dp/B001VMJSCW?tag=eloabder-20&linkCode=osi&th=1&psc=1"><img src="https://m.media-amazon.com/images/I/31N7x4-aJAL._SL500_.jpg" alt="Product Image"></a><p>Dermalogica Daily Microfoliant, Face Exfoliator Scrub Powder with Salicylic Acid and Papaya Enzyme, Achieve Brighter, Smoother Skin Daily, 0.45 Oz</p><p>$19.00 ($42.22 / Ounce)</p><a href="https://www.amazon.com/dp/B001VMJSCW?tag=eloabder-20&linkCode=osi&th=1&psc=1">View Product</a></div><div class="product"><a href="https://www.amazon.com/dp/B09Q88TVGJ?tag=eloabder-20&linkCode=osi&th=1&psc=1"><img src="https://m.media-amazon.com/images/I/31jQFJt0t7L._SL500_.jpg" alt="Product Image"></a><p>tingl Face and Body Exfoliator Pads - Anti Aging Acne Treatment with Glycolic Acid, Lactic Acid, and Salicylic Acid - Pore Minimizer, Oil Cleanser, Blackhead Remover and Skin Exfoliator in One</p><p>$38.00 ($38.00 / Count)</p><a href="https://www.amazon.com/dp/B09Q88TVGJ?tag=eloabder-20&linkCode=osi&th=1&psc=1">View Product</a></div><div class="product"><a href="https://www.amazon.com/dp/B0BNWXFH3P?tag=eloabder-20&linkCode=osi&th=1&psc=1"><img src="https://m.media-amazon.com/images/I/51HkdST1FCL._SL500_.jpg" alt="Product Image"></a><p>Dermasuri Deep Exfoliating Glove for Shower - Exfoliating Mitt Body Scrubber - Skin Exfoliator & Dead Skin Remover - Keratosis Pilaris Scrub - Spray Tan Remover - Korean Skincare for Body (2 Pack)</p><p>$19.99 ($10.00 / Count)</p><a href="https://www.amazon.com/dp/B0BNWXFH3P?tag=eloabder-20&linkCode=osi&th=1&psc=1">View Product</a></div><div class="product"><a href="https://www.amazon.com/dp/B076DSRB6B?tag=eloabder-20&linkCode=osi&th=1&psc=1"><img src="https://m.media-amazon.com/images/I/51lTK55c5UL._SL500_.jpg" alt="Product Image"></a><p>Himalayan Salt Scrub Face Foot & Body Exfoliator Infused with Collagen and Stem Cell Natural Exfoliating Salt Body Scrub for Toning Cellulite Skin Care by M3 Naturals</p><p>$25.81 ($2.15 / Ounce)</p><a href="https://www.amazon.com/dp/B076DSRB6B?tag=eloabder-20&linkCode=osi&th=1&psc=1">View Product</a></div><div class="product"><a href="https://www.amazon.com/dp/B004GEV9JW?tag=eloabder-20&linkCode=osi&th=1&psc=1"><img src="https://m.media-amazon.com/images/I/41MgyDfHXfL._SL500_.jpg" alt="Product Image"></a><p>Buf-Puf Gentle Facial Sponge, Dermatologist Developed, Removes Deep Down Dirt & Makeup That Causes Breakouts and Blackheads, Reusable, Exfoliating, 1 Count</p><p>$8.71</p><a href="https://www.amazon.com/dp/B004GEV9JW?tag=eloabder-20&linkCode=osi&th=1&psc=1">View Product</a></div><div class="product"><a href="https://www.amazon.com/dp/B0000632EN?tag=eloabder-20&linkCode=osi&th=1&psc=1"><img src="https://m.media-amazon.com/images/I/314AH1Zo0lL._SL500_.jpg" alt="Product Image"></a><p>Aveeno Positively Radiant Exfoliating Facial Scrub, Brightening Face Scrub with Soy Extract to Visibly Improve Skin Tone and Texture, Oil-Free, Soap-Free, Hypoallergenic Formula, 5 FL OZ</p><p>$7.97 ($1.59 / Ounce)</p><a href="https://www.amazon.com/dp/B0000632EN?tag=eloabder-20&linkCode=osi&th=1&psc=1">View Product</a></div>
<div class="product"><a href="https://www.amazon.com/dp/B005IHT94S?tag=eloabder-20&linkCode=osi&th=1&psc=1"><img src="https://m.media-amazon.com/images/I/31YAXVCRMAL._SL500_.jpg" alt="Product Image"></a><p>Neutrogena Ultra Sheer Dry-Touch Water Resistant and Non-Greasy Sunscreen Lotion with Broad Spectrum SPF 70, 3 Fl Oz (Pack of 1)</p><p>$9.88 ($3.29 / Fl Oz)</p><a href="https://www.amazon.com/dp/B005IHT94S?tag=eloabder-20&linkCode=osi&th=1&psc=1">View Product</a></div><div class="product"><a href="https://www.amazon.com/dp/B078BC1NJ6?tag=eloabder-20&linkCode=osi&th=1&psc=1"><img src="https://m.media-amazon.com/images/I/51V4LMN2zEL._SL500_.jpg" alt="Product Image"></a><p>Coppertone Sport Sunscreen Spray SPF 50, Water Resistant Spray Sunscreen, Broad Spectrum SPF 50 Sunscreen, Bulk Sunscreen Pack, 5.5 Oz Bottle, Pack of 3</p><p>$20.63 ($1.25 / Ounce)</p><a href="https://www.amazon.com/dp/B078BC1NJ6?tag=eloabder-20&linkCode=osi&th=1&psc=1">View Product</a></div><div class="product"><a href="https://www.amazon.com/dp/B01MQXX9US?tag=eloabder-20&linkCode=osi&th=1&psc=1"><img src="https://m.media-amazon.com/images/I/41Zi7BP15NL._SL500_.jpg" alt="Product Image"></a><p>Banana Boat Sport Ultra SPF 50 Sunscreen Spray Twin Pack | Banana Boat Sunscreen Spray SPF 50, Spray On Sunscreen, Water Resistant Sunscreen, Oxybenzone Free Sunscreen Pack, 6oz each</p><p>$13.97 ($1.16 / Ounce)</p><a href="https://www.amazon.com/dp/B01MQXX9US?tag=eloabder-20&linkCode=osi&th=1&psc=1">View Product</a></div><div class="product"><a href="https://www.amazon.com/dp/B00AEN4QZ8?tag=eloabder-20&linkCode=osi&th=1&psc=1"><img src="https://m.media-amazon.com/images/I/31QMrCJPoeL._SL500_.jpg" alt="Product Image"></a><p>Neutrogena Beach Defense Water-Resistant Face & Body SPF 70 Sunscreen Lotion with Broad Spectrum UVA/UVB Protection, Oil-Free Fast-Absorbing Sunscreen Lotion, Oxybenzone-Free, 6.7 oz</p><p>$9.60 ($1.43 / Fl Oz)</p><a href="https://www.amazon.com/dp/B00AEN4QZ8?tag=eloabder-20&linkCode=osi&th=1&psc=1">View Product</a></div><div class="product"><a href="https://www.amazon.com/dp/B076GZX3KL?tag=eloabder-20&linkCode=osi&th=1&psc=1"><img src="https://m.media-amazon.com/images/I/41BQoEZMuTL._SL500_.jpg" alt="Product Image"></a><p>Neutrogena Sunscreen Spray, Ultra Sheer ® Body Mist, Broad Spectrum SPF 70, Non-Greasy Water Resistant Body Sunscreen Mist, Non-Comedogenic, 5 oz (Pack of 3)</p><p>$22.60 ($1.51 / Ounce)</p><a href="https://www.amazon.com/dp/B076GZX3KL?tag=eloabder-20&linkCode=osi&th=1&psc=1">View Product</a></div><div class="product"><a href="https://www.amazon.com/dp/B004D2DR0Q?tag=eloabder-20&linkCode=osi&th=1&psc=1"><img src="https://m.media-amazon.com/images/I/41QwzCWNnFL._SL500_.jpg" alt="Product Image"></a><p>Neutrogena Ultra Sheer Dry-Touch Water Resistant and Non-Greasy Sunscreen Lotion with Broad Spectrum SPF 45, TSA-Compliant travel Size, 3 Fl Oz, Pack of 2, 6 Fl Oz</p><p>$13.99 ($2.33 / Fl Oz)</p><a href="https://www.amazon.com/dp/B004D2DR0Q?tag=eloabder-20&linkCode=osi&th=1&psc=1">View Product</a></div><div class="product"><a href="https://www.amazon.com/dp/B002CML1VG?tag=eloabder-20&linkCode=osi&th=1&psc=1"><img src="https://m.media-amazon.com/images/I/41ufC4L5QQL._SL500_.jpg" alt="Product Image"></a><p>La Roche-Posay Anthelios Melt-In Milk Sunscreen SPF 60 | Sunscreen For Body & Face | Broad Spectrum SPF + Antioxidants | Oil Free Sunscreen Lotion | Lightweight & Fast Absorbing | Oxybenzone Free</p><p>$37.99 ($7.60 / Fl Oz)</p><a href="https://www.amazon.com/dp/B002CML1VG?tag=eloabder-20&linkCode=osi&th=1&psc=1">View Product</a></div><div class="product"><a href="https://www.amazon.com/dp/B00B81XR1Y?tag=eloabder-20&linkCode=osi&th=1&psc=1"><img src="https://m.media-amazon.com/images/I/41NtDXr-dML._SL500_.jpg" alt="Product Image"></a><p>Banana Boat Sport Ultra SPF 30 Sunscreen Spray Twin Pack | Banana Boat Sunscreen Spray SPF 30, Spray On Sunscreen, Water Resistant Sunscreen, Oxybenzone Free Sunscreen Pack, 6oz each</p><p>$13.47 ($1.12 / Ounce)</p><a href="https://www.amazon.com/dp/B00B81XR1Y?tag=eloabder-20&linkCode=osi&th=1&psc=1">View Product</a></div><div class="product"><a href="https://www.amazon.com/dp/B07X1YDGSF?tag=eloabder-20&linkCode=osi&th=1&psc=1"><img src="https://m.media-amazon.com/images/I/31PSmI7nKIL._SL500_.jpg" alt="Product Image"></a><p>Neutrogena Beach Defense Sunscreen Spray SPF 50 Water-Resistant Body Spray with Broad Spectrum , PABA-Free, Oxybenzone-Free & Fast-Drying, Superior Sun Protection, 6.5 oz, Transparent</p><p>$9.88 ($1.52 / Ounce)</p><a href="https://www.amazon.com/dp/B07X1YDGSF?tag=eloabder-20&linkCode=osi&th=1&psc=1">View Product</a></div>
<div class="product"><a href="https://www.amazon.com/dp/B00JJPMXDO?tag=eloabder-20&linkCode=osi&th=1&psc=1"><img src="https://m.media-amazon.com/images/I/41xUbY21ojL._SL500_.jpg" alt="Product Image"></a><p>CeraVe Eye Repair Cream | Under Eye Cream For Puffiness And Bags Under Eyes | Hyaluronic Acid + Niacinamide + Marine Botanical Complex | Hydrating Eye Cream | Oil Free & Opthalmologist Tested</p><p>$13.43 ($26.86 / Ounce)</p><a href="https://www.amazon.com/dp/B00JJPMXDO?tag=eloabder-20&linkCode=osi&th=1&psc=1">View Product</a></div><div class="product"><a href="https://www.amazon.com/dp/B0B3GCCRVH?tag=eloabder-20&linkCode=osi&th=1&psc=1"><img src="https://m.media-amazon.com/images/I/41EdCdrw-AL._SL500_.jpg" alt="Product Image"></a><p>CeraVe Skin Renewing Eye Cream For Wrinkles | Under Eye Cream With Peptides + Caffeine + Niacinamide | Anti Aging Eye Cream For Wrinkles & Crows Feet | Paraben Free & Opthalmologist Tested</p><p>$18.49 ($36.98 / Ounce)</p><a href="https://www.amazon.com/dp/B0B3GCCRVH?tag=eloabder-20&linkCode=osi&th=1&psc=1">View Product</a></div><div class="product"><a href="https://www.amazon.com/dp/B00005333I?tag=eloabder-20&linkCode=osi&th=1&psc=1"><img src="https://m.media-amazon.com/images/I/31webfO63dL._SL500_.jpg" alt="Product Image"></a><p>L'Oreal Paris Dermo-Expertise Eye Defense Eye Cream with Caffeine and Hyaluronic Acid 0.5 oz</p><p>$12.27 ($24.54 / Ounce)</p><a href="https://www.amazon.com/dp/B00005333I?tag=eloabder-20&linkCode=osi&th=1&psc=1">View Product</a></div><div class="product"><a href="https://www.amazon.com/dp/B0CZJ8N83D?tag=eloabder-20&linkCode=osi&th=1&psc=1"><img src="https://m.media-amazon.com/images/I/31fQO3OHiML._SL500_.jpg" alt="Product Image"></a><p>PRIME PROMETICS PrimeEyes Hydrate Under Eye Cream for Mature Women – Hydrating Eye Cream for Dark Circles and Wrinkle Repair – Soft, Glowing & Healthy Under Eyes</p><p>$62.00</p><a href="https://www.amazon.com/dp/B0CZJ8N83D?tag=eloabder-20&linkCode=osi&th=1&psc=1">View Product</a></div><div class="product"><a href="https://www.amazon.com/dp/B0009RFB76?tag=eloabder-20&linkCode=osi&th=1&psc=1"><img src="https://m.media-amazon.com/images/I/31M2iQDNDOL._SL500_.jpg" alt="Product Image"></a><p>RoC Retinol Correxion Under Eye Cream for Dark Circles & Puffiness, Daily Wrinkle Cream, Anti Aging Line Smoothing Skin Care Treatment for Women and Men, 0.5 oz (Packaging May Vary)</p><p>$19.77 ($39.54 / Fl Oz)</p><a href="https://www.amazon.com/dp/B0009RFB76?tag=eloabder-20&linkCode=osi&th=1&psc=1">View Product</a></div><div class="product"><a href="https://www.amazon.com/dp/B0D3TG6MN3?tag=eloabder-20&linkCode=osi&th=1&psc=1"><img src="https://m.media-amazon.com/images/I/21-DQIJf5xL._SL500_.jpg" alt="Product Image"></a><p>Dr.Melaxin Eyephalt Eyebag Cream for Puffiness, Dark Circles&Fine Lines | EGF Anti-Aging Under Eye Moisturizer with Niacinamide&Ceramide 0.33 fl.oz.</p><p>$59.00 ($178.79 / Fl Oz)</p><a href="https://www.amazon.com/dp/B0D3TG6MN3?tag=eloabder-20&linkCode=osi&th=1&psc=1">View Product</a></div><div class="product"><a href="https://www.amazon.com/dp/B07CKJRJXB?tag=eloabder-20&linkCode=osi&th=1&psc=1"><img src="https://m.media-amazon.com/images/I/31pJCzbhXrL._SL500_.jpg" alt="Product Image"></a><p>No7 Lift & Luminate Triple Action Eye Cream - Anti-Aging Under Eye Cream for Dark Circles, Puffiness & Wrinkles - Formulated with Vitamin C to Brighten and Refresh Tired Eyes (0.5 Fl Oz)</p><p>$15.99</p><a href="https://www.amazon.com/dp/B07CKJRJXB?tag=eloabder-20&linkCode=osi&th=1&psc=1">View Product</a></div>
<div class="product"><a href="https://www.amazon.com/dp/B0BBSP2JNQ?tag=eloabder-20&linkCode=osi&th=1&psc=1"><img src="https://m.media-amazon.com/images/I/51qb7tiAJgL._SL500_.jpg" alt="Product Image"></a><p>SimplyVital Face Moisturizer Collagen Cream - Anti Aging Neck and Décolleté - Made in USA Day & Night Face Cream - Moisturizing, Lifting & Recovery – 1.7oz</p><p>$22.89 ($13.46 / Fl Oz)</p><a href="https://www.amazon.com/dp/B0BBSP2JNQ?tag=eloabder-20&linkCode=osi&th=1&psc=1">View Product</a></div><div class="product"><a href="https://www.amazon.com/dp/B008EKY8VK?tag=eloabder-20&linkCode=osi&th=1&psc=1"><img src="https://m.media-amazon.com/images/I/419EZkaOOIL._SL500_.jpg" alt="Product Image"></a><p>L'Oreal Paris Revitalift Triple Power Anti-Aging Face Moisturizer, Pro Retinol, Hyaluronic Acid & Vitamin C to Reduce Wrinkles, Firm & Brighten Skin, 1.7 Oz</p><p>$17.86 ($10.51 / Ounce)</p><a href="https://www.amazon.com/dp/B008EKY8VK?tag=eloabder-20&linkCode=osi&th=1&psc=1">View Product</a></div><div class="product"><a href="https://www.amazon.com/dp/B00HNSSPDG?tag=eloabder-20&linkCode=osi&th=1&psc=1"><img src="https://m.media-amazon.com/images/I/41zARcUorbL._SL500_.jpg" alt="Product Image"></a><p>Neutrogena Triple Age Repair Anti-Aging Night Cream with Vitamin C; Fights Wrinkles & Evens Tone, Firming Anti-Wrinkle Face & Neck Cream; Glycerin & Shea Butter, 1.7 oz</p><p>$19.19 ($11.29 / Ounce)</p><a href="https://www.amazon.com/dp/B00HNSSPDG?tag=eloabder-20&linkCode=osi&th=1&psc=1">View Product</a></div><div class="product"><a href="https://www.amazon.com/dp/B0C9H6PD9B?tag=eloabder-20&linkCode=osi&th=1&psc=1"><img src="https://m.media-amazon.com/images/I/51MQp9qtYZL._SL500_.jpg" alt="Product Image"></a><p>Collagen Face Moisturizer with Airless Pump - Collagen Botanical Stem Cells Cream for Skin with Retinol, Niacinamide, Hyaluronic Acid - Anti-Aging Day & Night Cream - Made in USA (1.7 Oz)</p><p>$14.99 ($8.82 / Ounce)</p><a href="https://www.amazon.com/dp/B0C9H6PD9B?tag=eloabder-20&linkCode=osi&th=1&psc=1">View Product</a></div><div class="product"><a href="https://www.amazon.com/dp/B01ES349CY?tag=eloabder-20&linkCode=osi&th=1&psc=1"><img src="https://m.media-amazon.com/images/I/51C9olHbYgL._SL500_.jpg" alt="Product Image"></a><p>LilyAna Naturals Retinol Cream - Made in USA, Anti Aging Moisturizer for Face and Neck,Wrinkle, Retinol Complex - 1.7oz</p><p>$18.16 ($10.68 / Ounce)</p><a href="https://www.amazon.com/dp/B01ES349CY?tag=eloabder-20&linkCode=osi&th=1&psc=1">View Product</a></div><div class="product"><a href="https://www.amazon.com/dp/B00QSHEN0M?tag=eloabder-20&linkCode=osi&th=1&psc=1"><img src="https://m.media-amazon.com/images/I/41XiN2SLyrL._SL500_.jpg" alt="Product Image"></a><p>Burt's Bees Renewal Firming Face Cream, Anti-Aging Retinol Alternative, Moisturizing Natural Origin Skin Care, 1.8 Ounce (Packaging May Vary)</p><p>$9.75 ($5.42 / Ounce)</p><a href="https://www.amazon.com/dp/B00QSHEN0M?tag=eloabder-20&linkCode=osi&th=1&psc=1">View Product</a></div><div class="product"><a href="https://www.amazon.com/dp/B0744JV661?tag=eloabder-20&linkCode=osi&th=1&psc=1"><img src="https://m.media-amazon.com/images/I/41uJ0OhvRuL._SL500_.jpg" alt="Product Image"></a><p>RoC Retinol Correxion Max Daily Hydration Anti-Aging Face Moisturizer with Hyaluronic Acid, Oil Free Skin Care Cream for Fine Lines, Dark Spots, Post-Acne Scars, 1.7 Ounces (Packaging May Vary)</p><p>$21.53 ($12.66 / Ounce)</p><a href="https://www.amazon.com/dp/B0744JV661?tag=eloabder-20&linkCode=osi&th=1&psc=1">View Product</a></div><div class="product"><a href="https://www.amazon.com/dp/B004D2C57M?tag=eloabder-20&linkCode=osi&th=1&psc=1"><img src="https://m.media-amazon.com/images/I/4106jzuxtsL._SL500_.jpg" alt="Product Image"></a><p>Neutrogena Retinol Face Moisturizer, Rapid Wrinkle Repair with SPF 30 Sunscreen, Daily Anti-Aging Face Cream with Retinol & Hyaluronic Acid to Fight Fine Lines, Wrinkles, & Dark Spots, 1 fl. oz</p><p>$17.14</p><a href="https://www.amazon.com/dp/B004D2C57M?tag=eloabder-20&linkCode=osi&th=1&psc=1">View Product</a></div><div class="product"><a href="https://www.amazon.com/dp/B0B5TBVX6C?tag=eloabder-20&linkCode=osi&th=1&psc=1"><img src="https://m.media-amazon.com/images/I/51nRJsctWHL._SL500_.jpg" alt="Product Image"></a><p>Retinol Cream for Face - Facial Moisturizer with Collagen and Hyaluronic Acid, Anti-Wrinkle Reduce Fine Lines Vitamin C+E Natural-Ingredient Day Night Anti-Aging For Women Men</p><p>$14.99 ($8.82 / Fl Oz)</p><a href="https://www.amazon.com/dp/B0B5TBVX6C?tag=eloabder-20&linkCode=osi&th=1&psc=1">View Product</a></div>
<div class="product"><a href="https://www.amazon.com/dp/B00DG8F02Q?tag=eloabder-20&linkCode=osi&th=1&psc=1"><img src="https://m.media-amazon.com/images/I/31+WLRw2Y6L._SL500_.jpg" alt="Product Image"></a><p>NIVEA Shea Nourish Body Lotion, 48-Hour Moisturizing Shea Butter Lotion for Dry Skin with Deep Nourishing Serum, 16.9 Fl Oz Pump Bottle</p><p>$6.29 ($0.37 / Fl Oz)</p><a href="https://www.amazon.com/dp/B00DG8F02Q?tag=eloabder-20&linkCode=osi&th=1&psc=1">View Product</a></div><div class="product"><a href="https://www.amazon.com/dp/B076G2XGY3?tag=eloabder-20&linkCode=osi&th=1&psc=1"><img src="https://m.media-amazon.com/images/I/41jIXvha20L._SL500_.jpg" alt="Product Image"></a><p>NIVEA Essentially Enriched Body Lotion for Dry Skin, Pack of 2, 16.9 Fl Oz Pump Bottles</p><p>$10.98 ($0.32 / Fl Oz)</p><a href="https://www.amazon.com/dp/B076G2XGY3?tag=eloabder-20&linkCode=osi&th=1&psc=1">View Product</a></div><div class="product"><a href="https://www.amazon.com/dp/B00DG8EZKO?tag=eloabder-20&linkCode=osi&th=1&psc=1"><img src="https://m.media-amazon.com/images/I/31DT3ghuyXL._SL500_.jpg" alt="Product Image"></a><p>NIVEA Intense Healing Body Lotion for Dry Skin, 72-Hour Moisturizing Lotion with Deep Nourishing Serum and Provitamin B5, 16.9 Fl Oz Pump Bottle</p><p>$6.29 ($0.37 / Fl Oz)</p><a href="https://www.amazon.com/dp/B00DG8EZKO?tag=eloabder-20&linkCode=osi&th=1&psc=1">View Product</a></div><div class="product"><a href="https://www.amazon.com/dp/B08KT5HM98?tag=eloabder-20&linkCode=osi&th=1&psc=1"><img src="https://m.media-amazon.com/images/I/311EVJ1x7tL._SL500_.jpg" alt="Product Image"></a><p>eos Shea Better Body Lotion- Coconut Waters, 24-Hour Moisture Skin Care, Lightweight & Non-Greasy, Made with Natural Shea, Vegan, 16 fl oz</p><p>$8.98 ($0.56 / Fl Oz)</p><a href="https://www.amazon.com/dp/B08KT5HM98?tag=eloabder-20&linkCode=osi&th=1&psc=1">View Product</a></div><div class="product"><a href="https://www.amazon.com/dp/B0034F9K36?tag=eloabder-20&linkCode=osi&th=1&psc=1"><img src="https://m.media-amazon.com/images/I/319i3EFVPvL._SL500_.jpg" alt="Product Image"></a><p>Jergens Ultra Healing Dry Skin Moisturizer, Body and Hand Lotion for Dry Skin, for Quick Absorption into Extra Dry Skin, with HYDRALUCENCE blend, Vitamins C, E, and B5, 32 Ounce</p><p>$8.17 ($0.26 / Fl Oz)</p><a href="https://www.amazon.com/dp/B0034F9K36?tag=eloabder-20&linkCode=osi&th=1&psc=1">View Product</a></div><div class="product"><a href="https://www.amazon.com/dp/B003JT8PKQ?tag=eloabder-20&linkCode=osi&th=1&psc=1"><img src="https://m.media-amazon.com/images/I/31TFisQDpKL._SL500_.jpg" alt="Product Image"></a><p>Lubriderm Daily Moisture Lotion + Pro-Ceramide with Shea Butter & Glycerin Helps Moisturize Dry Skin, Hydrating Face, Hand & Body Lotion is Lightly Scented & Non-Greasy, 24 fl. oz</p><p>$10.12 ($0.42 / Fl Oz)</p><a href="https://www.amazon.com/dp/B003JT8PKQ?tag=eloabder-20&linkCode=osi&th=1&psc=1">View Product</a></div><div class="product"><a href="https://www.amazon.com/dp/B07RK4HST7?tag=eloabder-20&linkCode=osi&th=1&psc=1"><img src="https://m.media-amazon.com/images/I/412DGoW35mL._SL500_.jpg" alt="Product Image"></a><p>CeraVe Daily Moisturizing Lotion for Dry Skin | Body Lotion & Face Moisturizer with Hyaluronic Acid and Ceramides | Daily Moisturizer | Fragrance Free | Oil-Free | 19 Ounce</p><p>$18.50 ($0.97 / Fl Oz)</p><a href="https://www.amazon.com/dp/B07RK4HST7?tag=eloabder-20&linkCode=osi&th=1&psc=1">View Product</a></div><div class="product"><a href="https://www.amazon.com/dp/B0D484X4RL?tag=eloabder-20&linkCode=osi&th=1&psc=1"><img src="https://m.media-amazon.com/images/I/31rZLOx+KEL._SL500_.jpg" alt="Product Image"></a><p>Native Body Lotion Contains Naturally Derived Plant-Based Moisturizers for Women and Men | Restores Dry Skin, Coconut & Vanilla, 16.5 fl oz</p><p>$13.97 ($0.85 / Fl Oz)</p><a href="https://www.amazon.com/dp/B0D484X4RL?tag=eloabder-20&linkCode=osi&th=1&psc=1">View Product</a></div><div class="product"><a href="https://www.amazon.com/dp/B073CXZ8KR?tag=eloabder-20&linkCode=osi&th=1&psc=1"><img src="https://m.media-amazon.com/images/I/31r1ImnqoOL._SL500_.jpg" alt="Product Image"></a><p>Nivea Oil Infused Cherry Blossom and Jojoba Oil Body Lotion, Non-Greasy Cherry Blossom Scented Lotion Moisturizes for 24+ Hours, 16.9 Fl Oz Pump Bottle</p><p>$6.29 ($0.37 / Fl Oz)</p><a href="https://www.amazon.com/dp/B073CXZ8KR?tag=eloabder-20&linkCode=osi&th=1&psc=1">View Product</a></div><div class="product"><a href="https://www.amazon.com/dp/B09HHBKK15?tag=eloabder-20&linkCode=osi&th=1&psc=1"><img src="https://m.media-amazon.com/images/I/31gFI+hSGmL._SL500_.jpg" alt="Product Image"></a><p>Amazon Basics Cocoa Butter Body Lotion, Lightly scented, 20.3 fl oz</p><p>$4.89 ($0.24 / Fl Oz)</p><a href="https://www.amazon.com/dp/B09HHBKK15?tag=eloabder-20&linkCode=osi&th=1&psc=1">View Product</a></div>
<div class="product"><a href="https://www.amazon.com/dp/B0BVBZPX9B?tag=eloabder-20&linkCode=osi&th=1&psc=1"><img src="https://m.media-amazon.com/images/I/61Y09jlKZkL._SL500_.jpg" alt="Product Image"></a><p>Dove Deep Moisture Body Wash 30.6 Fl Oz Pack of 3 with Pump, Luxurious Hydration for Dry Skin, Cleanser with 24hr Renewing MicroMoisture</p><p>$23.22 ($0.25 / Fl Oz)</p><a href="https://www.amazon.com/dp/B0BVBZPX9B?tag=eloabder-20&linkCode=osi&th=1&psc=1">View Product</a></div><div class="product"><a href="https://www.amazon.com/dp/B0BT1VXDGD?tag=eloabder-20&linkCode=osi&th=1&psc=1"><img src="https://m.media-amazon.com/images/I/217eAv7yKyL._SL500_.jpg" alt="Product Image"></a><p>Method Body Wash, Pure Peace, Paraben and Phthalate Free, Biodegradable Formula, 28 oz (Pack of 1)</p><p>$11.48 ($0.41 / Fl Oz)</p><a href="https://www.amazon.com/dp/B0BT1VXDGD?tag=eloabder-20&linkCode=osi&th=1&psc=1">View Product</a></div><div class="product"><a href="https://www.amazon.com/dp/B0BVBYQGTW?tag=eloabder-20&linkCode=osi&th=1&psc=1"><img src="https://m.media-amazon.com/images/I/61En44WjwPL._SL500_.jpg" alt="Product Image"></a><p>Dove Body Wash with Pump Sensitive Skin 3 Count Hypoallergenic, Paraben-Free, Sulfate-Free, Cruelty-Free, Moisturizing Skin Cleanser Effectively Washes Away Bacteria While Nourishing Skin 30.6 oz</p><p>$23.22 ($0.25 / Fl Oz)</p><a href="https://www.amazon.com/dp/B0BVBYQGTW?tag=eloabder-20&linkCode=osi&th=1&psc=1">View Product</a></div><div class="product"><a href="https://www.amazon.com/dp/B0CGY5BLBW?tag=eloabder-20&linkCode=osi&th=1&psc=1"><img src="https://m.media-amazon.com/images/I/61X7MjVU6uL._SL500_.jpg" alt="Product Image"></a><p>Dove Exfoliating Body Wash Glow Recharge Energizes & illuminates skin 3% brightening serum with vitamin C 18.5 oz</p><p>$9.79 ($0.53 / Fl Oz)</p><a href="https://www.amazon.com/dp/B0CGY5BLBW?tag=eloabder-20&linkCode=osi&th=1&psc=1">View Product</a></div><div class="product"><a href="https://www.amazon.com/dp/B082QB23YG?tag=eloabder-20&linkCode=osi&th=1&psc=1"><img src="https://m.media-amazon.com/images/I/31QPAuuaLwL._SL500_.jpg" alt="Product Image"></a><p>NIVEA Refreshing White Peach and Jasmine Body Wash, Scented Body Wash with Nourishing Serum, Plant-Derived Oils, Essential Skin Lipids and Vitamins, 20 Fl Oz Bottle</p><p>$4.89 ($0.24 / Fl Oz)</p><a href="https://www.amazon.com/dp/B082QB23YG?tag=eloabder-20&linkCode=osi&th=1&psc=1">View Product</a></div><div class="product"><a href="https://www.amazon.com/dp/B0BHH1LBX2?tag=eloabder-20&linkCode=osi&th=1&psc=1"><img src="https://m.media-amazon.com/images/I/41aG-jLyOqL._SL500_.jpg" alt="Product Image"></a><p>Olay Ultra Rich Moisture Body Wash for Women, Deeply Nourishes, Vitamin B3 Complex, Clinically Proven, Shea Butter Scent, 22 fl oz (Pack of 4)</p><p>$27.96 ($0.32 / Fl Oz)</p><a href="https://www.amazon.com/dp/B0BHH1LBX2?tag=eloabder-20&linkCode=osi&th=1&psc=1">View Product</a></div><div class="product"><a href="https://www.amazon.com/dp/B07FD24RTR?tag=eloabder-20&linkCode=osi&th=1&psc=1"><img src="https://m.media-amazon.com/images/I/31klAgInvXL._SL500_.jpg" alt="Product Image"></a><p>Aveeno Stress Relief Body Wash with Soothing Oat for Sensitive Skin, Lavender Body Wash to help you feel Calm and Relaxed, Sulfate-Free, 33 FL OZ</p><p>$13.48 ($0.41 / Fl Oz)</p><a href="https://www.amazon.com/dp/B07FD24RTR?tag=eloabder-20&linkCode=osi&th=1&psc=1">View Product</a></div><div class="product"><a href="https://www.amazon.com/dp/B082QC2MCX?tag=eloabder-20&linkCode=osi&th=1&psc=1"><img src="https://m.media-amazon.com/images/I/31ohT5XH1TS._SL500_.jpg" alt="Product Image"></a><p>NIVEA Shea Butter Nourishing Body Wash, Moisturizing Body Wash with Nourishing Serum, Plant-Derived Oils, Essential Skin Lipids and Vitamins, 20 Fl Oz Bottle</p><p>$5.29 ($0.26 / Fl Oz)</p><a href="https://www.amazon.com/dp/B082QC2MCX?tag=eloabder-20&linkCode=osi&th=1&psc=1">View Product</a></div><div class="product"><a href="https://www.amazon.com/dp/B0BVBYDTZ6?tag=eloabder-20&linkCode=osi&th=1&psc=1"><img src="https://m.media-amazon.com/images/I/61UbJzK8yIL._SL500_.jpg" alt="Product Image"></a><p>Dove Body Wash with Pump Refreshing Cucumber and Green Tea 3 Count Refreshes Skin Cleanser That Effectively Washes Away Bacteria While Nourishing Your Skin 30.6 oz</p><p>$29.91 ($0.33 / Fl Oz)</p><a href="https://www.amazon.com/dp/B0BVBYDTZ6?tag=eloabder-20&linkCode=osi&th=1&psc=1">View Product</a></div><div class="product"><a href="https://www.amazon.com/dp/B082QBPDJC?tag=eloabder-20&linkCode=osi&th=1&psc=1"><img src="https://m.media-amazon.com/images/I/31tC4JDwHQL._SL500_.jpg" alt="Product Image"></a><p>NIVEA Coconut and Almond Milk Pampering Body Wash, Moisturizing Body Wash with Nourishing Serum, Plant-Derived Oils, Essential Skin Lipids and Vitamins, 20 Fl Oz Bottle</p><p>$4.99 ($0.25 / Fl Oz)</p><a href="https://www.amazon.com/dp/B082QBPDJC?tag=eloabder-20&linkCode=osi&th=1&psc=1">View Product</a></div>
<div class="product"><a href="https://www.amazon.com/dp/B07N7MWX72?tag=eloabder-20&linkCode=osi&th=1&psc=1"><img src="https://m.media-amazon.com/images/I/414aNTDFuRL._SL500_.jpg" alt="Product Image"></a><p>Mielle Organics Rosemary Mint Strengthening Shampoo Infused with Biotin, Cleanses and Helps Strengthen Weak and Brittle Hair, 12 Ounces</p><p>$9.97 ($0.83 / Fl Oz)</p><a href="https://www.amazon.com/dp/B07N7MWX72?tag=eloabder-20&linkCode=osi&th=1&psc=1">View Product</a></div><div class="product"><a href="https://www.amazon.com/dp/B01N97PCBH?tag=eloabder-20&linkCode=osi&th=1&psc=1"><img src="https://m.media-amazon.com/images/I/41KYNMCTIPL._SL500_.jpg" alt="Product Image"></a><p>Garnier Fructis Pure Clean Purifying Shampoo, Silicone-Free, 12.5 Fl Oz, 1 Count (Packaging May Vary)</p><p>$3.97 ($0.32 / Fl Oz)</p><a href="https://www.amazon.com/dp/B01N97PCBH?tag=eloabder-20&linkCode=osi&th=1&psc=1">View Product</a></div><div class="product"><a href="https://www.amazon.com/dp/B07D37PQGL?tag=eloabder-20&linkCode=osi&th=1&psc=1"><img src="https://m.media-amazon.com/images/I/31+tZhs5TNL._SL500_.jpg" alt="Product Image"></a><p>Olaplex No. 4 Bond Maintenance Shampoo, Repairs, Strengthens, & Nourishes All Hair Types, Adds Shine & Leaves Hair Feeling Soft, 8.5 fl oz</p><p>$30.00 ($3.53 / Fl Oz)</p><a href="https://www.amazon.com/dp/B07D37PQGL?tag=eloabder-20&linkCode=osi&th=1&psc=1">View Product</a></div><div class="product"><a href="https://www.amazon.com/dp/B084LHV2M1?tag=eloabder-20&linkCode=osi&th=1&psc=1"><img src="https://m.media-amazon.com/images/I/4174ry43L0L._SL500_.jpg" alt="Product Image"></a><p>Herbal Essences Hello hydration shampoo shampooing for hair 29.2 FL OZ</p><p>$7.97 ($0.27 / Fl Oz)</p><a href="https://www.amazon.com/dp/B084LHV2M1?tag=eloabder-20&linkCode=osi&th=1&psc=1">View Product</a></div><div class="product"><a href="https://www.amazon.com/dp/B08SSM21R4?tag=eloabder-20&linkCode=osi&th=1&psc=1"><img src="https://m.media-amazon.com/images/I/31WbRm+ZKEL._SL500_.jpg" alt="Product Image"></a><p>Redken All Soft Shampoo | Deeply Moisturizes and Hydrates | Softens, Smooths, and Adds Shine | Safe for Color-Treated Hair | Nourishing Shampoo for Dry Hair | With Argan Oil</p><p>$26.00 ($2.57 / Fl Oz)</p><a href="https://www.amazon.com/dp/B08SSM21R4?tag=eloabder-20&linkCode=osi&th=1&psc=1">View Product</a></div><div class="product"><a href="https://www.amazon.com/dp/B0D4SBLLRJ?tag=eloabder-20&linkCode=osi&th=1&psc=1"><img src="https://m.media-amazon.com/images/I/41uWwx+mKwL._SL500_.jpg" alt="Product Image"></a><p>Olaplex Wash and Shine Kit</p><p>$57.00</p><a href="https://www.amazon.com/dp/B0D4SBLLRJ?tag=eloabder-20&linkCode=osi&th=1&psc=1">View Product</a></div><div class="product"><a href="https://www.amazon.com/dp/B086S4Q7JH?tag=eloabder-20&linkCode=osi&th=1&psc=1"><img src="https://m.media-amazon.com/images/I/51i3YLQncNL._SL500_.jpg" alt="Product Image"></a><p>Herbal Essences Shampoo and Conditioner Set, Vitamin E, Rose Hips and Jojoba Extract, Smooth Collection, Bundle</p><p>$13.81 ($0.24 / Fl Oz)</p><a href="https://www.amazon.com/dp/B086S4Q7JH?tag=eloabder-20&linkCode=osi&th=1&psc=1">View Product</a></div><div class="product"><a href="https://www.amazon.com/dp/B01ENCBOA0?tag=eloabder-20&linkCode=osi&th=1&psc=1"><img src="https://m.media-amazon.com/images/I/41wcbs9bSAL._SL500_.jpg" alt="Product Image"></a><p>Rosemary and Biotin Shampoo for Thinning Hair - Vegan Volumizing Shampoo for Fine Hair with Argan and Tea Tree Oil - Paraben Silicone and Sulfate Free Shampoo for Dry Damaged Weak and Thin Hair Care</p><p>$12.95 ($1.62 / Fl Oz)</p><a href="https://www.amazon.com/dp/B01ENCBOA0?tag=eloabder-20&linkCode=osi&th=1&psc=1">View Product</a></div><div class="product"><a href="https://www.amazon.com/dp/B07NQ69L7P?tag=eloabder-20&linkCode=osi&th=1&psc=1"><img src="https://m.media-amazon.com/images/I/51c83KZZLJL._SL500_.jpg" alt="Product Image"></a><p>Herbal Essences Argan Oil of Morocco Shampoo & Conditioner Set, Repair & Smooth, Kew Endorsed, Fizzy Citrus Scent, Paraben-Free, Safe for Color-Treated Hair, pH-Balanced, 20.2 Fl Oz Each, 2 Pack</p><p>$24.99</p><a href="https://www.amazon.com/dp/B07NQ69L7P?tag=eloabder-20&linkCode=osi&th=1&psc=1">View Product</a></div>
<div class="product"><a href="https://www.amazon.com/dp/B0891BBRHW?tag=eloabder-20&linkCode=osi&th=1&psc=1"><img src="https://m.media-amazon.com/images/I/31ndDwe7VSL._SL500_.jpg" alt="Product Image"></a><p>Pureology Hydrate Moisturizing Conditioner | Softens and Deeply Hydrates Dry Hair | For Medium to Thick Color Treated or Natural Hair | Sulfate Free Conditioner | Vegan</p><p>$37.00 ($4.11 / Fl Oz)</p><a href="https://www.amazon.com/dp/B0891BBRHW?tag=eloabder-20&linkCode=osi&th=1&psc=1">View Product</a></div><div class="product"><a href="https://www.amazon.com/dp/B07D37SBHF?tag=eloabder-20&linkCode=osi&th=1&psc=1"><img src="https://m.media-amazon.com/images/I/31ivDW-ouZL._SL500_.jpg" alt="Product Image"></a><p>Olaplex No. 5 Bond Maintenance Conditioner, Repairs, Strengthens, & Nourishes All Hair Types, Leaving Hair Feeling Soft & Adds Shine, 8.5 fl oz"</p><p>$30.00 ($3.53 / Fl Oz)</p><a href="https://www.amazon.com/dp/B07D37SBHF?tag=eloabder-20&linkCode=osi&th=1&psc=1">View Product</a></div><div class="product"><a href="https://www.amazon.com/dp/B07CLD17F5?tag=eloabder-20&linkCode=osi&th=1&psc=1"><img src="https://m.media-amazon.com/images/I/61hTHQjDOkL._SL500_.jpg" alt="Product Image"></a><p>Dove Ultra Care Conditioner Coconut & Hydration for Dry Hair Conditioner with Coconut Oil, Jojoba Oil & Sweet Almond Oil 25.4 oz</p><p>$7.49 ($0.29 / Fl Oz)</p><a href="https://www.amazon.com/dp/B07CLD17F5?tag=eloabder-20&linkCode=osi&th=1&psc=1">View Product</a></div><div class="product"><a href="https://www.amazon.com/dp/B0752CBW5T?tag=eloabder-20&linkCode=osi&th=1&psc=1"><img src="https://m.media-amazon.com/images/I/31-KMa7LAlS._SL500_.jpg" alt="Product Image"></a><p>L'Oreal Paris Elvive Total Repair 5 Repairing Conditioner for Damaged Hair Conditioner with Protein and Ceramide for Strong Silky Shiny Healthy Renewed Hair 28 Fl Oz</p><p>$8.49 ($0.30 / Fl Oz)</p><a href="https://www.amazon.com/dp/B0752CBW5T?tag=eloabder-20&linkCode=osi&th=1&psc=1">View Product</a></div><div class="product"><a href="https://www.amazon.com/dp/B00L01DEII?tag=eloabder-20&linkCode=osi&th=1&psc=1"><img src="https://m.media-amazon.com/images/I/31EJqWmmSNL._SL500_.jpg" alt="Product Image"></a><p>Biolage Ultra Hydra Source Conditioning Balm | Deep Hydrating Conditioner | Renews Hair's Moisture | For Very Dry Hair | Silicone-Free | Vegan | Salon Conditioner | 33.8 Fl. Oz</p><p>$42.00 ($1.24 / Fl Oz)</p><a href="https://www.amazon.com/dp/B00L01DEII?tag=eloabder-20&linkCode=osi&th=1&psc=1">View Product</a></div><div class="product"><a href="https://www.amazon.com/dp/B08SSCQH77?tag=eloabder-20&linkCode=osi&th=1&psc=1"><img src="https://m.media-amazon.com/images/I/31P8RgJeqwL._SL500_.jpg" alt="Product Image"></a><p>Redken All Soft Conditioner | For Dry / Brittle Hair | Moisturizes & Provides Intense Softness | With Argan Oil | 10.1 Fl Oz</p><p>$26.00 ($2.57 / Fl Oz)</p><a href="https://www.amazon.com/dp/B08SSCQH77?tag=eloabder-20&linkCode=osi&th=1&psc=1">View Product</a></div><div class="product"><a href="https://www.amazon.com/dp/B074VLNPSG?tag=eloabder-20&linkCode=osi&th=1&psc=1"><img src="https://m.media-amazon.com/images/I/319FOowuSkL._SL500_.jpg" alt="Product Image"></a><p>Garnier Fructis Grow Strong Conditioner, 33.8 Fl Oz, 1 Count (Packaging May Vary)</p><p>$8.49 ($0.25 / Fl Oz)</p><a href="https://www.amazon.com/dp/B074VLNPSG?tag=eloabder-20&linkCode=osi&th=1&psc=1">View Product</a></div><div class="product"><a href="https://www.amazon.com/dp/B00JAI4FGI?tag=eloabder-20&linkCode=osi&th=1&psc=1"><img src="https://m.media-amazon.com/images/I/212rXWGPu1L._SL500_.jpg" alt="Product Image"></a><p>Biolage Color Last Conditioner | Helps Protect Hair & Maintain Vibrant Color | For Color-Treated and Natural Hair | Paraben & Silicone-Free | Vegan | Cruelty Free | Color Protecting Salon Conditioner</p><p>$24.00 ($1.78 / Fl Oz)</p><a href="https://www.amazon.com/dp/B00JAI4FGI?tag=eloabder-20&linkCode=osi&th=1&psc=1">View Product</a></div>
<div class="product"><a href="https://www.amazon.com/dp/B00I32AN4K?tag=eloabder-20&linkCode=osi&th=1&psc=1"><img src="https://m.media-amazon.com/images/I/51KpmxinYYL._SL500_.jpg" alt="Product Image"></a><p>Arvazallia Hydrating Argan Oil Hair Mask and Deep Conditioner for Dry or Damaged Hair - 8.45 Oz</p><p>$12.95 ($1.53 / Fl Oz)</p><a href="https://www.amazon.com/dp/B00I32AN4K?tag=eloabder-20&linkCode=osi&th=1&psc=1">View Product</a></div><div class="product"><a href="https://www.amazon.com/dp/B07H3GBSC3?tag=eloabder-20&linkCode=osi&th=1&psc=1"><img src="https://m.media-amazon.com/images/I/41I862UzKRL._SL500_.jpg" alt="Product Image"></a><p>amika soulfood nourishing Mask, 8 Fl oz</p><p>$34.00 ($4.25 / Fl Oz)</p><a href="https://www.amazon.com/dp/B07H3GBSC3?tag=eloabder-20&linkCode=osi&th=1&psc=1">View Product</a></div><div class="product"><a href="https://www.amazon.com/dp/B075L6BL61?tag=eloabder-20&linkCode=osi&th=1&psc=1"><img src="https://m.media-amazon.com/images/I/41zCFV7oGTL._SL500_.jpg" alt="Product Image"></a><p>Karseell Collagen Hair Treatment Deep Repair Conditioning Argan Oil Collagen Hair Mask Essence for Dry Damaged Hair All Hair Types 16.90 oz 500ml</p><p>$23.33 ($1.38 / Fl Oz)</p><a href="https://www.amazon.com/dp/B075L6BL61?tag=eloabder-20&linkCode=osi&th=1&psc=1">View Product</a></div><div class="product"><a href="https://www.amazon.com/dp/B0BQ54DQNM?tag=eloabder-20&linkCode=osi&th=1&psc=1"><img src="https://m.media-amazon.com/images/I/41uhtWPJeuL._SL500_.jpg" alt="Product Image"></a><p>Eva NYC Therapy Session Hair Mask, Deep Conditioning Hair Mask Infused with Argan Oil and Plant Protein, 16.9 fl oz</p><p>$19.00 ($1.12 / Fl Oz)</p><a href="https://www.amazon.com/dp/B0BQ54DQNM?tag=eloabder-20&linkCode=osi&th=1&psc=1">View Product</a></div><div class="product"><a href="https://www.amazon.com/dp/B01I2ZQJSG?tag=eloabder-20&linkCode=osi&th=1&psc=1"><img src="https://m.media-amazon.com/images/I/41ctrFUeQAL._SL500_.jpg" alt="Product Image"></a><p>Elizavecca cer-100 collagen coating hair protein treatment 100ml</p><p>$7.40 ($2.19 / Fl Oz)</p><a href="https://www.amazon.com/dp/B01I2ZQJSG?tag=eloabder-20&linkCode=osi&th=1&psc=1">View Product</a></div><div class="product"><a href="https://www.amazon.com/dp/B07N7NBYSP?tag=eloabder-20&linkCode=osi&th=1&psc=1"><img src="https://m.media-amazon.com/images/I/515lD0OXQ+L._SL500_.jpg" alt="Product Image"></a><p>Mielle Organics Rosemary Mint Strengthening Hair Masque, Essential Oil & Biotin Deep Treatment, Miracle Repair for Dry, Damaged, & Frizzy Hair, 12 Ounces</p><p>$9.97 ($0.83 / Ounce)</p><a href="https://www.amazon.com/dp/B07N7NBYSP?tag=eloabder-20&linkCode=osi&th=1&psc=1">View Product</a></div><div class="product"><a href="https://www.amazon.com/dp/B002N5MKMG?tag=eloabder-20&linkCode=osi&th=1&psc=1"><img src="https://m.media-amazon.com/images/I/41NxqnExYnL._SL500_.jpg" alt="Product Image"></a><p>Moroccanoil Intense Hydrating Mask, 8.5 Fl. Oz.</p><p>$42.00 ($4.94 / Fl Oz)</p><a href="https://www.amazon.com/dp/B002N5MKMG?tag=eloabder-20&linkCode=osi&th=1&psc=1">View Product</a></div><div class="product"><a href="https://www.amazon.com/dp/B07M7PP9KX?tag=eloabder-20&linkCode=osi&th=1&psc=1"><img src="https://m.media-amazon.com/images/I/41Mpv3wIxEL._SL500_.jpg" alt="Product Image"></a><p>Marc Anthony Grow Long Hair Anti-Breakage Mask, 10.4 OZ</p><p>$8.99 ($0.90 / Fl Oz)</p><a href="https://www.amazon.com/dp/B07M7PP9KX?tag=eloabder-20&linkCode=osi&th=1&psc=1">View Product</a></div><div class="product"><a href="https://www.amazon.com/dp/B09HR5KSR8?tag=eloabder-20&linkCode=osi&th=1&psc=1"><img src="https://m.media-amazon.com/images/I/51aIw6AhsXL._SL500_.jpg" alt="Product Image"></a><p>K18 Mini Leave-In Molecular Hair Mask, Repairs Dry or Damaged Hair, Reverse Hair Damage from Bleach, Color, Chemical Services & Heat, 0.51 Fl Oz</p><p>$29.00 ($56.86 / Fl Oz)</p><a href="https://www.amazon.com/dp/B09HR5KSR8?tag=eloabder-20&linkCode=osi&th=1&psc=1">View Product</a></div>
<div class="product"><a href="https://www.amazon.com/dp/B004J1MNII?tag=eloabder-20&linkCode=osi&th=1&psc=1"><img src="https://m.media-amazon.com/images/I/31nFgivW0gL._SL500_.jpg" alt="Product Image"></a><p>Moroccanoil Hydrating Styling Cream, Travel Size, 2.53 Fl Oz</p><p>$16.00 ($6.40 / Fl Oz)</p><a href="https://www.amazon.com/dp/B004J1MNII?tag=eloabder-20&linkCode=osi&th=1&psc=1">View Product</a></div><div class="product"><a href="https://www.amazon.com/dp/B00G187CP6?tag=eloabder-20&linkCode=osi&th=1&psc=1"><img src="https://m.media-amazon.com/images/I/31belqXvyyL._SL500_.jpg" alt="Product Image"></a><p>COLOR WOW One Minute Transformation – Instant frizz fix| Nourishing styling cream smooths, tames + defrizzes on the spot| Avocado oil + Omega 3’s hydrate, repair for silkier, smoother texture</p><p>$24.00</p><a href="https://www.amazon.com/dp/B00G187CP6?tag=eloabder-20&linkCode=osi&th=1&psc=1">View Product</a></div><div class="product"><a href="https://www.amazon.com/dp/B073CWSQ51?tag=eloabder-20&linkCode=osi&th=1&psc=1"><img src="https://m.media-amazon.com/images/I/41lIHxirIkL._SL500_.jpg" alt="Product Image"></a><p>COLOR WOW Dream Coat Supernatural Spray, 6.7 Fl Oz – Keep Your Hair Frizz-Free and Shiny No Matter the Weather with Award-Winning Anti-Humidity Treatment</p><p>$28.00 ($4.18 / Fl Oz)</p><a href="https://www.amazon.com/dp/B073CWSQ51?tag=eloabder-20&linkCode=osi&th=1&psc=1">View Product</a></div><div class="product"><a href="https://www.amazon.com/dp/B075RGHQVF?tag=eloabder-20&linkCode=osi&th=1&psc=1"><img src="https://m.media-amazon.com/images/I/21TgD3HaqbL._SL500_.jpg" alt="Product Image"></a><p>American Crew Men's Fiber Cream, Like Hair Gel with Medium Hold & Natural Shine, 3.3 Fl Oz</p><p>$9.94 ($3.01 / Ounce)</p><a href="https://www.amazon.com/dp/B075RGHQVF?tag=eloabder-20&linkCode=osi&th=1&psc=1">View Product</a></div><div class="product"><a href="https://www.amazon.com/dp/B0BLWTQ7JC?tag=eloabder-20&linkCode=osi&th=1&psc=1"><img src="https://m.media-amazon.com/images/I/31jMkcol7VL._SL500_.jpg" alt="Product Image"></a><p>DAE Cactus Fruit 3-In-1 Styling Cream - Smooth Styles, Prep Shiny Blowouts, Defines Curls (5 oz.)</p><p>$30.00 ($6.00 / Ounce)</p><a href="https://www.amazon.com/dp/B0BLWTQ7JC?tag=eloabder-20&linkCode=osi&th=1&psc=1">View Product</a></div><div class="product"><a href="https://www.amazon.com/dp/B00H3DOSPU?tag=eloabder-20&linkCode=osi&th=1&psc=1"><img src="https://m.media-amazon.com/images/I/317clPmAyiL._SL500_.jpg" alt="Product Image"></a><p>Biolage Styling Gelée | Firm Hold That Adds Body, Shine & Control | For All Hair Types | Paraben-Free | Vegan | 16.9 fl. oz. | 16.9 Fl. Oz</p><p>$24.00 ($1.42 / Fl Oz)</p><a href="https://www.amazon.com/dp/B00H3DOSPU?tag=eloabder-20&linkCode=osi&th=1&psc=1">View Product</a></div><div class="product"><a href="https://www.amazon.com/dp/B08SNSSTPZ?tag=eloabder-20&linkCode=osi&th=1&psc=1"><img src="https://m.media-amazon.com/images/I/31KrkpMat6L._SL500_.jpg" alt="Product Image"></a><p>L3 Level 3 Styling Powder - Natural Look Mens Powder - Easy to Apply with No Oil or Greasy Residue (Small - 30 Grams)</p><p>$9.99 ($9.51 / Fl Oz)</p><a href="https://www.amazon.com/dp/B08SNSSTPZ?tag=eloabder-20&linkCode=osi&th=1&psc=1">View Product</a></div><div class="product"><a href="https://www.amazon.com/dp/B09MZS3D3K?tag=eloabder-20&linkCode=osi&th=1&psc=1"><img src="https://m.media-amazon.com/images/I/31CADZzpR7L._SL500_.jpg" alt="Product Image"></a><p>Marc Anthony Biotin Styling Hair Cream, Instantly Thick - Biotin & Vitamin E Hair Thickening Cream, Lightweight Hold for Thicker & Fuller Hair - Volumizing Hair Product for Thin, Flat Hair</p><p>$8.99 ($1.82 / Ounce)</p><a href="https://www.amazon.com/dp/B09MZS3D3K?tag=eloabder-20&linkCode=osi&th=1&psc=1">View Product</a></div><div class="product"><a href="https://www.amazon.com/dp/B0009OMNQQ?tag=eloabder-20&linkCode=osi&th=1&psc=1"><img src="https://m.media-amazon.com/images/I/21BMUFOie3L._SL500_.jpg" alt="Product Image"></a><p>Paul Mitchell Extra-Body Sculpting Foam, Thickens + Builds Body, For Fine Hair, 6.7 oz.</p><p>$16.50 ($2.46 / Fl Oz)</p><a href="https://www.amazon.com/dp/B0009OMNQQ?tag=eloabder-20&linkCode=osi&th=1&psc=1">View Product</a></div>
<div class="product"><a href="https://www.amazon.com/dp/B09LXMXSMN?tag=eloabder-20&linkCode=osi&th=1&psc=1"><img src="https://m.media-amazon.com/images/I/51Sly6w-y7L._SL500_.jpg" alt="Product Image"></a><p>Revlon ColorSilk Beautiful Color Permanent Hair Color, Long-Lasting High-Definition Color, Shine & Silky Softness with 100% Gray Coverage, Ammonia Free, 41 Medium Brown, 3 Pack</p><p>$11.91 ($0.90 / Fl Oz)</p><a href="https://www.amazon.com/dp/B09LXMXSMN?tag=eloabder-20&linkCode=osi&th=1&psc=1">View Product</a></div><div class="product"><a href="https://www.amazon.com/dp/B004INIW1Y?tag=eloabder-20&linkCode=osi&th=1&psc=1"><img src="https://m.media-amazon.com/images/I/51QXVxOgEkL._SL500_.jpg" alt="Product Image"></a><p>L'Oreal Paris Excellence Creme Permanent Hair Color, 4 Dark Brown, 100 percent Gray Coverage Hair Dye, Pack of 1</p><p>$10.97</p><a href="https://www.amazon.com/dp/B004INIW1Y?tag=eloabder-20&linkCode=osi&th=1&psc=1">View Product</a></div><div class="product"><a href="https://www.amazon.com/dp/B00TUM6QUC?tag=eloabder-20&linkCode=osi&th=1&psc=1"><img src="https://m.media-amazon.com/images/I/511vRRkzayL._SL500_.jpg" alt="Product Image"></a><p>Schwarzkopf Keratin Color Permanent Hair Color, 6.0 Delicate Praline, 1 Application - Salon Inspired Permanent Hair Dye, for up to 80% Less Breakage vs Untreated Hair and up to 100% Gray Coverage</p><p>$11.97</p><a href="https://www.amazon.com/dp/B00TUM6QUC?tag=eloabder-20&linkCode=osi&th=1&psc=1">View Product</a></div><div class="product"><a href="https://www.amazon.com/dp/B00006JN4M?tag=eloabder-20&linkCode=osi&th=1&psc=1"><img src="https://m.media-amazon.com/images/I/41YBT6aEgWL._SL500_.jpg" alt="Product Image"></a><p>L'Oreal Paris Superior Preference Fade-Defying + Shine Permanent Hair Color, 6 Light Brown, Pack of 1, Hair Dye</p><p>$11.97</p><a href="https://www.amazon.com/dp/B00006JN4M?tag=eloabder-20&linkCode=osi&th=1&psc=1">View Product</a></div><div class="product"><a href="https://www.amazon.com/dp/B07HXH48TF?tag=eloabder-20&linkCode=osi&th=1&psc=1"><img src="https://m.media-amazon.com/images/I/51VP1hHWq9L._SL500_.jpg" alt="Product Image"></a><p>Garnier Hair Color Nutrisse Nourishing Creme, 50 Medium Natural Brown (Truffle) Permanent Hair Dye, 2 Count (Packaging May Vary)</p><p>$16.98 ($8.49 / Count)</p><a href="https://www.amazon.com/dp/B07HXH48TF?tag=eloabder-20&linkCode=osi&th=1&psc=1">View Product</a></div><div class="product"><a href="https://www.amazon.com/dp/B001UMV18M?tag=eloabder-20&linkCode=osi&th=1&psc=1"><img src="https://m.media-amazon.com/images/I/51h21IlxAhL._SL500_.jpg" alt="Product Image"></a><p>Garnier Hair Color Nutrisse Nourishing Creme, 415 Soft Mahogany Brown (Raspberry Truffle) Permanent Hair Dye, 1 Count (Packaging May Vary)</p><p>$8.47</p><a href="https://www.amazon.com/dp/B001UMV18M?tag=eloabder-20&linkCode=osi&th=1&psc=1">View Product</a></div><div class="product"><a href="https://www.amazon.com/dp/B0B3KWJ242?tag=eloabder-20&linkCode=osi&th=1&psc=1"><img src="https://m.media-amazon.com/images/I/41fqsQmb0VL._SL500_.jpg" alt="Product Image"></a><p>COLORCHARM Demi Permanent Hair Color, 3N Medium Neutral Brown 2 oz</p><p>$9.99 ($5.00 / Fl Oz)</p><a href="https://www.amazon.com/dp/B0B3KWJ242?tag=eloabder-20&linkCode=osi&th=1&psc=1">View Product</a></div>
<div class="product"><a href="https://www.amazon.com/dp/B01ACPW1SG?tag=eloabder-20&linkCode=osi&th=1&psc=1"><img src="https://m.media-amazon.com/images/I/41aIRzbHxNL._SL500_.jpg" alt="Product Image"></a><p>CoverGirl & Olay Simply Ageless 3-in-1 Liquid Foundation, Matte Finish, Hyaluronic & Vitamin C Formula, Cruelty Free, Classic Ivory, 1 Count</p><p>$10.49</p><a href="https://www.amazon.com/dp/B01ACPW1SG?tag=eloabder-20&linkCode=osi&th=1&psc=1">View Product</a></div><div class="product"><a href="https://www.amazon.com/dp/B07MWSP8SG?tag=eloabder-20&linkCode=osi&th=1&psc=1"><img src="https://m.media-amazon.com/images/I/31B37fmqI7L._SL500_.jpg" alt="Product Image"></a><p>e.l.f. Flawless Finish Foundation, Improves Uneven Skin Tone, Lightweight, Medium Coverage & Semi-Matte, Vegan & Cruelty-Free, Beige 0.67 Fl Oz</p><p>$6.00</p><a href="https://www.amazon.com/dp/B07MWSP8SG?tag=eloabder-20&linkCode=osi&th=1&psc=1">View Product</a></div><div class="product"><a href="https://www.amazon.com/dp/B00PFCSUNC?tag=eloabder-20&linkCode=osi&th=1&psc=1"><img src="https://m.media-amazon.com/images/I/41FK6ukLnvL._SL500_.jpg" alt="Product Image"></a><p>Maybelline Fit Me Matte + Poreless Liquid Oil-Free Foundation Makeup, Natural Ivory, 1 Count (Packaging May Vary)</p><p>$7.10</p><a href="https://www.amazon.com/dp/B00PFCSUNC?tag=eloabder-20&linkCode=osi&th=1&psc=1">View Product</a></div><div class="product"><a href="https://www.amazon.com/dp/B0BCGZMTSY?tag=eloabder-20&linkCode=osi&th=1&psc=1"><img src="https://m.media-amazon.com/images/I/31Qa6QbmaiL._SL500_.jpg" alt="Product Image"></a><p>L'Oreal Paris True Match Super-Blendable Foundation, Medium Coverage Liquid Foundation Makeup, N3, Light Medium, 1 Fl Oz</p><p>$9.97</p><a href="https://www.amazon.com/dp/B0BCGZMTSY?tag=eloabder-20&linkCode=osi&th=1&psc=1">View Product</a></div><div class="product"><a href="https://www.amazon.com/dp/B000IEMGGE?tag=eloabder-20&linkCode=osi&th=1&psc=1"><img src="https://m.media-amazon.com/images/I/41RtSkNmHSL._SL500_.jpg" alt="Product Image"></a><p>LAURA GELLER NEW YORK Award-Winning Baked Balance-n-Brighten Color Correcting Powder Foundation - Fair - Buildable Light to Medium Coverage - Demi-Matte Natural Finish</p><p>$22.13</p><a href="https://www.amazon.com/dp/B000IEMGGE?tag=eloabder-20&linkCode=osi&th=1&psc=1">View Product</a></div><div class="product"><a href="https://www.amazon.com/dp/B01LMMZY6O?tag=eloabder-20&linkCode=osi&th=1&psc=1"><img src="https://m.media-amazon.com/images/I/41WWjJXCsFL._SL500_.jpg" alt="Product Image"></a><p>IT Cosmetics Your Skin But Better CC+ Cream, Medium (W) - Color Correcting Cream, Full-Coverage Foundation, Hydrating Serum & SPF 50+ Sunscreen - Natural Finish - 1.08 fl oz</p><p>$47.00 ($43.52 / Fl Oz)</p><a href="https://www.amazon.com/dp/B01LMMZY6O?tag=eloabder-20&linkCode=osi&th=1&psc=1">View Product</a></div><div class="product"><a href="https://www.amazon.com/dp/B07CVFY5PQ?tag=eloabder-20&linkCode=osi&th=1&psc=1"><img src="https://m.media-amazon.com/images/I/416VSGy4SKL._SL500_.jpg" alt="Product Image"></a><p>MagicMinerals AirBrush Foundation by Jerome Alexander – 2pc Set with Airbrush Foundation and Kabuki Brush - Spray Makeup with Anti-aging Ingredients for Smooth Radiant Skin - Medium</p><p>$19.99 ($11.11 / Fl Oz)</p><a href="https://www.amazon.com/dp/B07CVFY5PQ?tag=eloabder-20&linkCode=osi&th=1&psc=1">View Product</a></div><div class="product"><a href="https://www.amazon.com/dp/B0039UTUZE?tag=eloabder-20&linkCode=osi&th=1&psc=1"><img src="https://m.media-amazon.com/images/I/41eXDpZ835L._SL500_.jpg" alt="Product Image"></a><p>Revlon Liquid Foundation, ColorStay Face Makeup for Combination & Oily Skin, SPF 15, Medium-Full Coverage with Matte Finish, Natural Beige ((220), 1.0 oz</p><p>$9.70</p><a href="https://www.amazon.com/dp/B0039UTUZE?tag=eloabder-20&linkCode=osi&th=1&psc=1">View Product</a></div><div class="product"><a href="https://www.amazon.com/dp/B00I52QPAE?tag=eloabder-20&linkCode=osi&th=1&psc=1"><img src="https://m.media-amazon.com/images/I/317EDqzSg+L._SL500_.jpg" alt="Product Image"></a><p>Revlon Liquid Foundation, Age Defying 3XFace Makeup, Anti-Aging and Firming Formula, SPF 30, Longwear Medium Buildable Coverage with Natural Finish, 035 Natural Beige, 1 Fl Oz</p><p>$13.48</p><a href="https://www.amazon.com/dp/B00I52QPAE?tag=eloabder-20&linkCode=osi&th=1&psc=1">View Product</a></div><div class="product"><a href="https://www.amazon.com/dp/B07H621Q3H?tag=eloabder-20&linkCode=osi&th=1&psc=1"><img src="https://m.media-amazon.com/images/I/31JtVpLZ4FL._SL500_.jpg" alt="Product Image"></a><p>L'Oreal Paris Makeup Infallible Up to 32 Hour Fresh Wear Lightweight Foundation, 420 True Beige, 1 Fl Oz, Packaging May Vary</p><p>$11.98</p><a href="https://www.amazon.com/dp/B07H621Q3H?tag=eloabder-20&linkCode=osi&th=1&psc=1">View Product</a></div>
<div class="product"><a href="https://www.amazon.com/dp/B07Q9V4KMJ?tag=eloabder-20&linkCode=osi&th=1&psc=1"><img src="https://m.media-amazon.com/images/I/31pro1JWTCL._SL500_.jpg" alt="Product Image"></a><p>Maybelline Instant Age Rewind Eraser Dark Circles Treatment Multi-Use Concealer, 115, 1 Count (Packaging May Vary)</p><p>$8.42</p><a href="https://www.amazon.com/dp/B07Q9V4KMJ?tag=eloabder-20&linkCode=osi&th=1&psc=1">View Product</a></div><div class="product"><a href="https://www.amazon.com/dp/B07ZR14WBZ?tag=eloabder-20&linkCode=osi&th=1&psc=1"><img src="https://m.media-amazon.com/images/I/313ljymBVaL._SL500_.jpg" alt="Product Image"></a><p>e.l.f. Hydrating Camo Concealer, Lightweight, Full Coverage, Long Lasting, Conceals, Corrects, Covers, Hydrates, Highlights, Light Sand, Satin Finish, 25 Shades, All-Day Wear, 0.20 Fl Oz</p><p>$7.00</p><a href="https://www.amazon.com/dp/B07ZR14WBZ?tag=eloabder-20&linkCode=osi&th=1&psc=1">View Product</a></div><div class="product"><a href="https://www.amazon.com/dp/B0046VJV36?tag=eloabder-20&linkCode=osi&th=1&psc=1"><img src="https://m.media-amazon.com/images/I/31-ZFCLgLcL._SL500_.jpg" alt="Product Image"></a><p>Maybelline New York Fit Me Liquid Concealer Makeup, Natural Coverage, Lightweight, Conceals, Covers Oil-Free, Fair, 1 Count (Packaging May Vary)</p><p>$6.31</p><a href="https://www.amazon.com/dp/B0046VJV36?tag=eloabder-20&linkCode=osi&th=1&psc=1">View Product</a></div><div class="product"><a href="https://www.amazon.com/dp/B07ZR1CQHS?tag=eloabder-20&linkCode=osi&th=1&psc=1"><img src="https://m.media-amazon.com/images/I/31s0zWRX+4L._SL500_.jpg" alt="Product Image"></a><p>e.l.f. 16HR Camo Concealer, Full Coverage, Highly Pigmented Concealer With Matte Finish, Crease-proof, Vegan & Cruelty-Free, Light Ivory, 0.203 Fl Oz</p><p>$7.00</p><a href="https://www.amazon.com/dp/B07ZR1CQHS?tag=eloabder-20&linkCode=osi&th=1&psc=1">View Product</a></div><div class="product"><a href="https://www.amazon.com/dp/B009WI05BU?tag=eloabder-20&linkCode=osi&th=1&psc=1"><img src="https://m.media-amazon.com/images/I/312BFbzGKlL._SL500_.jpg" alt="Product Image"></a><p>L.A. Girl Pro Concealer, Fawn, 0.28 Oz (LAX-GC983-A)</p><p>$4.99</p><a href="https://www.amazon.com/dp/B009WI05BU?tag=eloabder-20&linkCode=osi&th=1&psc=1">View Product</a></div><div class="product"><a href="https://www.amazon.com/dp/B0814SLHQH?tag=eloabder-20&linkCode=osi&th=1&psc=1"><img src="https://m.media-amazon.com/images/I/312GW4aGnRL._SL500_.jpg" alt="Product Image"></a><p>Neutrogena Healthy Skin Radiant Brightening Cream Concealer with Peptides & Vitamin E Antioxidant,Lightweight Perfecting Concealer,Non-Comedogenic,Bisque Light/Medium 02 neutral undertones,0.24 oz</p><p>$5.62</p><a href="https://www.amazon.com/dp/B0814SLHQH?tag=eloabder-20&linkCode=osi&th=1&psc=1">View Product</a></div><div class="product"><a href="https://www.amazon.com/dp/B06XQWS1N9?tag=eloabder-20&linkCode=osi&th=1&psc=1"><img src="https://m.media-amazon.com/images/I/31rKumTg1GL._SL500_.jpg" alt="Product Image"></a><p>COVERGIRL Smoothers Concealer, Medium 715, 0.14 ounce (packaging may vary)</p><p>$7.28</p><a href="https://www.amazon.com/dp/B06XQWS1N9?tag=eloabder-20&linkCode=osi&th=1&psc=1">View Product</a></div><div class="product"><a href="https://www.amazon.com/dp/B07GWH2GDP?tag=eloabder-20&linkCode=osi&th=1&psc=1"><img src="https://m.media-amazon.com/images/I/41U+lbOEtuL._SL500_.jpg" alt="Product Image"></a><p>IT Cosmetics Bye Bye Under Eye Full Coverage Concealer - for Dark Circles, Fine Lines, Redness & Discoloration – Waterproof - Anti-Aging - Natural Finish – 0.4 fl oz</p><p>$17.40 ($43.50 / Fl Oz)</p><a href="https://www.amazon.com/dp/B07GWH2GDP?tag=eloabder-20&linkCode=osi&th=1&psc=1">View Product</a></div><div class="product"><a href="https://www.amazon.com/dp/B07H67H5LH?tag=eloabder-20&linkCode=osi&th=1&psc=1"><img src="https://m.media-amazon.com/images/I/31bWoYCj-nL._SL500_.jpg" alt="Product Image"></a><p>L'Oreal Paris Makeup Infallible Full Wear Waterproof Matte Concealer, Full Coverage, Ivory, 0.33 fl. oz.</p><p>$10.82</p><a href="https://www.amazon.com/dp/B07H67H5LH?tag=eloabder-20&linkCode=osi&th=1&psc=1">View Product</a></div><div class="product"><a href="https://www.amazon.com/dp/B0B51NLJWQ?tag=eloabder-20&linkCode=osi&th=1&psc=1"><img src="https://m.media-amazon.com/images/I/31GXqccxM0L._SL500_.jpg" alt="Product Image"></a><p>Fièra Luxury Concealer with Anti-Aging - All Day Coverage for Dark Circles, Fine Lines, Wrinkles & Spots - Neutral Beige, 0.5 Ounce</p><p>$27.00</p><a href="https://www.amazon.com/dp/B0B51NLJWQ?tag=eloabder-20&linkCode=osi&th=1&psc=1">View Product</a></div>
<div class="product"><a href="https://www.amazon.com/dp/B092JQ23N5?tag=eloabder-20&linkCode=osi&th=1&psc=1"><img src="https://m.media-amazon.com/images/I/51OUufwItlL._SL500_.jpg" alt="Product Image"></a><p>URBAN DECAY 24/7 Longwear Eyeshadow Single (Sin - Champagne Shimmer), High-Pigment Eye Shadow Compact, Smooth & Blendable Colors, Crease-free, Vegan - 0.06 oz</p><p>$22.00</p><a href="https://www.amazon.com/dp/B092JQ23N5?tag=eloabder-20&linkCode=osi&th=1&psc=1">View Product</a></div><div class="product"><a href="https://www.amazon.com/dp/B01IW02HX2?tag=eloabder-20&linkCode=osi&th=1&psc=1"><img src="https://m.media-amazon.com/images/I/510F-WOAL4L._SL500_.jpg" alt="Product Image"></a><p>NYX PROFESSIONAL MAKEUP Ultimate Shadow Palette, Eyeshadow Palette - Warm Neutrals</p><p>$12.40</p><a href="https://www.amazon.com/dp/B01IW02HX2?tag=eloabder-20&linkCode=osi&th=1&psc=1">View Product</a></div><div class="product"><a href="https://www.amazon.com/dp/B085WR3YDT?tag=eloabder-20&linkCode=osi&th=1&psc=1"><img src="https://m.media-amazon.com/images/I/41cuO8PyoTL._SL500_.jpg" alt="Product Image"></a><p>wet n wild Color Icon Cream Eyeshadow Multi-Stick, Moisturizing, Nourishing Velvety Cream-to-Powder Buildable & Blendable Formula, Cruelty-Free & Vegan - Champagne Room</p><p>$3.28</p><a href="https://www.amazon.com/dp/B085WR3YDT?tag=eloabder-20&linkCode=osi&th=1&psc=1">View Product</a></div><div class="product"><a href="https://www.amazon.com/dp/B00L5SMFJU?tag=eloabder-20&linkCode=osi&th=1&psc=1"><img src="https://m.media-amazon.com/images/I/41-WaM3A3tL._SL500_.jpg" alt="Product Image"></a><p>Covergirl Eye Enhancers Eye Shadow Palette, Natural Nudes, 0.19 Ounce</p><p>$4.97</p><a href="https://www.amazon.com/dp/B00L5SMFJU?tag=eloabder-20&linkCode=osi&th=1&psc=1">View Product</a></div><div class="product"><a href="https://www.amazon.com/dp/B01LW1983J?tag=eloabder-20&linkCode=osi&th=1&psc=1"><img src="https://m.media-amazon.com/images/I/51EsPf59XBL._SL500_.jpg" alt="Product Image"></a><p>Julep Eyeshadow 101 Crème to Powder Waterproof Eyeshadow Stick, Champagne Shimmer</p><p>$18.00</p><a href="https://www.amazon.com/dp/B01LW1983J?tag=eloabder-20&linkCode=osi&th=1&psc=1">View Product</a></div><div class="product"><a href="https://www.amazon.com/dp/B00UKP1M2K?tag=eloabder-20&linkCode=osi&th=1&psc=1"><img src="https://m.media-amazon.com/images/I/41hSsvPHKxL._SL500_.jpg" alt="Product Image"></a><p>Maybelline The Blushed Nudes Eyeshadow Palette Makeup, 12 Pigmented Matte & Shimmer Shades, Blendable Powder, 1 Count</p><p>$9.32</p><a href="https://www.amazon.com/dp/B00UKP1M2K?tag=eloabder-20&linkCode=osi&th=1&psc=1">View Product</a></div><div class="product"><a href="https://www.amazon.com/dp/B073ZBGLJF?tag=eloabder-20&linkCode=osi&th=1&psc=1"><img src="https://m.media-amazon.com/images/I/41go9Ug8AOL._SL500_.jpg" alt="Product Image"></a><p>BestLand 2 Pack 12 Colors Makeup Nude Colors Eyeshadow Palette Natural Nude Matte Shimmer Glitter Pigment Eye Shadow Pallete Set Waterproof Smokey Professional Beauty Makeup Kit (2 PCS)</p><p>$9.99</p><a href="https://www.amazon.com/dp/B073ZBGLJF?tag=eloabder-20&linkCode=osi&th=1&psc=1">View Product</a></div><div class="product"><a href="https://www.amazon.com/dp/B08RS6WNX7?tag=eloabder-20&linkCode=osi&th=1&psc=1"><img src="https://m.media-amazon.com/images/I/51qCii788PL._SL500_.jpg" alt="Product Image"></a><p>wet n wild Color Icon 5-Pan Palette Brown Walking On Eggshells</p><p>$3.19</p><a href="https://www.amazon.com/dp/B08RS6WNX7?tag=eloabder-20&linkCode=osi&th=1&psc=1">View Product</a></div><div class="product"><a href="https://www.amazon.com/dp/B0CV5ZTFCR?tag=eloabder-20&linkCode=osi&th=1&psc=1"><img src="https://m.media-amazon.com/images/I/21inptU-eJL._SL500_.jpg" alt="Product Image"></a><p>Covergirl Clean Eye Color, French Violet, Eyeshadow Sticks, Ultra Creamy Formula, Lightweight, Buildable Formula, Lasts All Day, Smudge-Proof, 0.05oz</p><p>$8.98</p><a href="https://www.amazon.com/dp/B0CV5ZTFCR?tag=eloabder-20&linkCode=osi&th=1&psc=1">View Product</a></div><div class="product"><a href="https://www.amazon.com/dp/B0CXF99TNQ?tag=eloabder-20&linkCode=osi&th=1&psc=1"><img src="https://m.media-amazon.com/images/I/31kCYsLvwwL._SL500_.jpg" alt="Product Image"></a><p>L'Oreal Paris Makeup Paradise Le Shadow Stick Eyeshadow, Blendable, Smudge-Resistant, Cream Eyeshadow, 120 Magnetic Mauve (Shimmering Lavender Mauve), 0.05 Oz</p><p>$9.98</p><a href="https://www.amazon.com/dp/B0CXF99TNQ?tag=eloabder-20&linkCode=osi&th=1&psc=1">View Product</a></div>
<div class="product"><a href="https://www.amazon.com/dp/B0BG7MWNNN?tag=eloabder-20&linkCode=osi&th=1&psc=1"><img src="https://m.media-amazon.com/images/I/41E8W4N+FkL._SL500_.jpg" alt="Product Image"></a><p>Prime Prometics PrimeLash Mascara for Older Women – Volumizing, Incredible Length in 2 Coats – Long-Stay, Zero Clumps, Hypoallergenic (Brown)</p><p>$28.00</p><a href="https://www.amazon.com/dp/B0BG7MWNNN?tag=eloabder-20&linkCode=osi&th=1&psc=1">View Product</a></div><div class="product"><a href="https://www.amazon.com/dp/B00T0C9XRK?tag=eloabder-20&linkCode=osi&th=1&psc=1"><img src="https://m.media-amazon.com/images/I/41IP2ZEXFNL._SL500_.jpg" alt="Product Image"></a><p>essence | Lash Princess False Lash Effect Mascara | Volumizing & Lengthening | Cruelty Free & Paraben Free</p><p>$4.99 ($12.17 / Fl Oz )</p><a href="https://www.amazon.com/dp/B00T0C9XRK?tag=eloabder-20&linkCode=osi&th=1&psc=1">View Product</a></div><div class="product"><a href="https://www.amazon.com/dp/B01DPA6OHO?tag=eloabder-20&linkCode=osi&th=1&psc=1"><img src="https://m.media-amazon.com/images/I/31xGLWu4IKL._SL500_.jpg" alt="Product Image"></a><p>L'Oreal Paris Makeup Voluminous Lash Boosting Conditioning Primer Mascara, White Primer, 0.24 fl; oz.</p><p>$8.98</p><a href="https://www.amazon.com/dp/B01DPA6OHO?tag=eloabder-20&linkCode=osi&th=1&psc=1">View Product</a></div><div class="product"><a href="https://www.amazon.com/dp/B004BD107O?tag=eloabder-20&linkCode=osi&th=1&psc=1"><img src="https://m.media-amazon.com/images/I/31OWqsdljyL._SL500_.jpg" alt="Product Image"></a><p>L'Oreal Paris Makeup Telescopic Original Lengthening Mascara, Blackest Black, 0.27 Fl Oz (1 Count)</p><p>$10.99</p><a href="https://www.amazon.com/dp/B004BD107O?tag=eloabder-20&linkCode=osi&th=1&psc=1">View Product</a></div><div class="product"><a href="https://www.amazon.com/dp/B06XF2TR11?tag=eloabder-20&linkCode=osi&th=1&psc=1"><img src="https://m.media-amazon.com/images/I/31B6RR270IL._SL500_.jpg" alt="Product Image"></a><p>L'Oreal Paris Voluminous Makeup Lash Paradise Mascara, Voluptuous Volume, Intense Length, Feathery Soft Full Lashes, No Flaking, No Smudging, No Clumping, Blackest Black, 1 Count</p><p>$9.97</p><a href="https://www.amazon.com/dp/B06XF2TR11?tag=eloabder-20&linkCode=osi&th=1&psc=1">View Product</a></div><div class="product"><a href="https://www.amazon.com/dp/B00PFCT2R0?tag=eloabder-20&linkCode=osi&th=1&psc=1"><img src="https://m.media-amazon.com/images/I/31RyE6ZtDIL._SL500_.jpg" alt="Product Image"></a><p>Maybelline Lash Sensational Washable Mascara, Lengthening and Volumizing for a Full Fan Effect, Blackest Black, 1 Count</p><p>$9.09</p><a href="https://www.amazon.com/dp/B00PFCT2R0?tag=eloabder-20&linkCode=osi&th=1&psc=1">View Product</a></div><div class="product"><a href="https://www.amazon.com/dp/B08TPCHYLW?tag=eloabder-20&linkCode=osi&th=1&psc=1"><img src="https://m.media-amazon.com/images/I/31EWIaihEwL._SL500_.jpg" alt="Product Image"></a><p>Lancôme Lash Idôle Lash-Lifting & Volumizing Mascara - Black Mascara for Instant Volume, Length & Lift - Smudge Proof & Up To 24H Wear - Black</p><p>$30.00 ($111.11 / Fl Oz)</p><a href="https://www.amazon.com/dp/B08TPCHYLW?tag=eloabder-20&linkCode=osi&th=1&psc=1">View Product</a></div><div class="product"><a href="https://www.amazon.com/dp/B08M96YZN1?tag=eloabder-20&linkCode=osi&th=1&psc=1"><img src="https://m.media-amazon.com/images/I/31ByMmFi-qL._SL500_.jpg" alt="Product Image"></a><p>CoverGirl Lash Blast Clean Volume Mascara, Vegan Formula, Volumizing, Smudge-Proof, Cruelty Free, Very Black, 1 Count</p><p>$9.37</p><a href="https://www.amazon.com/dp/B08M96YZN1?tag=eloabder-20&linkCode=osi&th=1&psc=1">View Product</a></div>
<div class="product"><a href="https://www.amazon.com/dp/B0C9TXLWLY?tag=eloabder-20&linkCode=osi&th=1&psc=1"><img src="https://m.media-amazon.com/images/I/31-5KVw5KDL._SL500_.jpg" alt="Product Image"></a><p>PRIME PROMETICS PrimeEyes Glide Eyeliner for Mature Women – Water-Resistant, Long-Stay and Mess-Proof – Gel Cream Texture, Discreet Sharpener and Effective Smudger (Black)</p><p>$28.00 ($28.00 / Count)</p><a href="https://www.amazon.com/dp/B0C9TXLWLY?tag=eloabder-20&linkCode=osi&th=1&psc=1">View Product</a></div><div class="product"><a href="https://www.amazon.com/dp/B07MWSXPT1?tag=eloabder-20&linkCode=osi&th=1&psc=1"><img src="https://m.media-amazon.com/images/I/315xthaPi6L._SL500_.jpg" alt="Product Image"></a><p>e.l.f. No Budge Retractable Eyeliner, Creamy, Ultra-Pigmented & Waterproof, Creates Bold & Defined Lines, Vegan & Cruelty-Free, Black 0.006 Oz</p><p>$4.00</p><a href="https://www.amazon.com/dp/B07MWSXPT1?tag=eloabder-20&linkCode=osi&th=1&psc=1">View Product</a></div><div class="product"><a href="https://www.amazon.com/dp/B074Y8LM6T?tag=eloabder-20&linkCode=osi&th=1&psc=1"><img src="https://m.media-amazon.com/images/I/316blXt1KxL._SL500_.jpg" alt="Product Image"></a><p>NYX PROFESSIONAL MAKEUP Epic Ink Liner, Waterproof Liquid Eyeliner - Black, Vegan Formula</p><p>$8.06</p><a href="https://www.amazon.com/dp/B074Y8LM6T?tag=eloabder-20&linkCode=osi&th=1&psc=1">View Product</a></div><div class="product"><a href="https://www.amazon.com/dp/B01J1A3TFW?tag=eloabder-20&linkCode=osi&th=1&psc=1"><img src="https://m.media-amazon.com/images/I/51z42sdOArL._SL500_.jpg" alt="Product Image"></a><p>Revlon Pencil Eyeliner, ColorStay Eye Makeup with Built-in Sharpener, Waterproof, Smudge-proof, Longwearing with Ultra-Fine Tip, 201 Black, 2 count (Pack of 1)</p><p>$11.38</p><a href="https://www.amazon.com/dp/B01J1A3TFW?tag=eloabder-20&linkCode=osi&th=1&psc=1">View Product</a></div><div class="product"><a href="https://www.amazon.com/dp/B07W8JJ61X?tag=eloabder-20&linkCode=osi&th=1&psc=1"><img src="https://m.media-amazon.com/images/I/31wj5vRROwL._SL500_.jpg" alt="Product Image"></a><p>Maybelline Hyper Easy Liquid Pen No-Skip Eyeliner, Satin Finish, Waterproof Formula, Pitch Black, 0.018 Fl Oz</p><p>$8.38</p><a href="https://www.amazon.com/dp/B07W8JJ61X?tag=eloabder-20&linkCode=osi&th=1&psc=1">View Product</a></div><div class="product"><a href="https://www.amazon.com/dp/B005G9E9FW?tag=eloabder-20&linkCode=osi&th=1&psc=1"><img src="https://m.media-amazon.com/images/I/51poZdEojrL._SL500_.jpg" alt="Product Image"></a><p>NYX PROFESSIONAL MAKEUP Vivid Rich Mechanical Eye Pencil, Vivid Rich Mechanical, Creamy Retractable Eyeliner - Smokin Topaz, Brown Eyeliner</p><p>$6.00</p><a href="https://www.amazon.com/dp/B005G9E9FW?tag=eloabder-20&linkCode=osi&th=1&psc=1">View Product</a></div><div class="product"><a href="https://www.amazon.com/dp/B07NX61ZHN?tag=eloabder-20&linkCode=osi&th=1&psc=1"><img src="https://m.media-amazon.com/images/I/31kQNTwJazL._SL500_.jpg" alt="Product Image"></a><p>Rimmel London exaggerate auto waterproof eye definer in blackest black, 2 Count</p><p>$6.97</p><a href="https://www.amazon.com/dp/B07NX61ZHN?tag=eloabder-20&linkCode=osi&th=1&psc=1">View Product</a></div><div class="product"><a href="https://www.amazon.com/dp/B0BQWT8R9K?tag=eloabder-20&linkCode=osi&th=1&psc=1"><img src="https://m.media-amazon.com/images/I/31F1asQuosL._SL500_.jpg" alt="Product Image"></a><p>wet n wild Breakup Proof Liquid Eyeliner - Ultra-Fine Brush, Waterproof, Long-Lasting - Cruelty-Free & Vegan - Ultra Black</p><p>$4.04</p><a href="https://www.amazon.com/dp/B0BQWT8R9K?tag=eloabder-20&linkCode=osi&th=1&psc=1">View Product</a></div><div class="product"><a href="https://www.amazon.com/dp/B082YPRCMM?tag=eloabder-20&linkCode=osi&th=1&psc=1"><img src="https://m.media-amazon.com/images/I/317ubI9GTBL._SL500_.jpg" alt="Product Image"></a><p>wet n wild Mega Last Breakup Proof Eyeliner, Quick Drying, Waterproof, 16-Hour Wear - Cruelty-Free & Vegan - Blackest Black</p><p>$2.28</p><a href="https://www.amazon.com/dp/B082YPRCMM?tag=eloabder-20&linkCode=osi&th=1&psc=1">View Product</a></div><div class="product"><a href="https://www.amazon.com/dp/B07GX832KD?tag=eloabder-20&linkCode=osi&th=1&psc=1"><img src="https://m.media-amazon.com/images/I/315wR2F58-L._SL500_.jpg" alt="Product Image"></a><p>Maybelline TattooStudio Long-Lasting Sharpenable Eyeliner Pencil, Glide on Smooth Gel Pigments with 36 Hour Wear, Waterproof, Deep Onyx, 1 Count</p><p>$6.66</p><a href="https://www.amazon.com/dp/B07GX832KD?tag=eloabder-20&linkCode=osi&th=1&psc=1">View Product</a></div>
<div class="product"><a href="https://www.amazon.com/dp/B09T8DQ1SG?tag=eloabder-20&linkCode=osi&th=1&psc=1"><img src="https://m.media-amazon.com/images/I/41gpuwrIhOL._SL500_.jpg" alt="Product Image"></a><p>Maybelline Super Stay Vinyl Ink Longwear No-Budge Liquid Lipcolor Makeup, Highly Pigmented Color and Instant Shine, Royal, Deep Wine Red Lipstick, 0.14 fl oz, 1 Count</p><p>$9.82</p><a href="https://www.amazon.com/dp/B09T8DQ1SG?tag=eloabder-20&linkCode=osi&th=1&psc=1">View Product</a></div><div class="product"><a href="https://www.amazon.com/dp/B004BCTEF0?tag=eloabder-20&linkCode=osi&th=1&psc=1"><img src="https://m.media-amazon.com/images/I/31G9f-P8tML._SL500_.jpg" alt="Product Image"></a><p>L’Oréal Paris Colour Riche Original Creamy, Hydrating Satin Lipstick with Argan Oil and Vitamin E, Saucy Mauve , 1 Count</p><p>$6.71</p><a href="https://www.amazon.com/dp/B004BCTEF0?tag=eloabder-20&linkCode=osi&th=1&psc=1">View Product</a></div><div class="product"><a href="https://www.amazon.com/dp/B08H4FSGDX?tag=eloabder-20&linkCode=osi&th=1&psc=1"><img src="https://m.media-amazon.com/images/I/31OAiyoloML._SL500_.jpg" alt="Product Image"></a><p>Maybelline Super Stay Matte Ink Liquid Lipstick Makeup, Long Lasting High Impact Color, Up to 16H Wear, Exhilarator, Ruby Red, 1 Count</p><p>$9.18</p><a href="https://www.amazon.com/dp/B08H4FSGDX?tag=eloabder-20&linkCode=osi&th=1&psc=1">View Product</a></div><div class="product"><a href="https://www.amazon.com/dp/B07XTTDTWR?tag=eloabder-20&linkCode=osi&th=1&psc=1"><img src="https://m.media-amazon.com/images/I/31M4QldCq3L._SL500_.jpg" alt="Product Image"></a><p>REVLON Lipstick, Super Lustrous Lipstick, Creamy Formula For Soft, Fuller-Looking Lips, Moisturized Feel in Nudes & Browns, Bare It All (755) 0.15 oz</p><p>$6.48</p><a href="https://www.amazon.com/dp/B07XTTDTWR?tag=eloabder-20&linkCode=osi&th=1&psc=1">View Product</a></div><div class="product"><a href="https://www.amazon.com/dp/B079KFP7NT?tag=eloabder-20&linkCode=osi&th=1&psc=1"><img src="https://m.media-amazon.com/images/I/41Ih8G0FSmL._SL500_.jpg" alt="Product Image"></a><p>wet n wild Silk Finish Lipstick, Hydrating Rich Buildable Lip Color, Formulated with Vitamins A,E, & Macadamia for Ultimate Hydration, Cruelty-Free & Vegan - Raging Red</p><p>$1.29</p><a href="https://www.amazon.com/dp/B079KFP7NT?tag=eloabder-20&linkCode=osi&th=1&psc=1">View Product</a></div><div class="product"><a href="https://www.amazon.com/dp/B002F3R44K?tag=eloabder-20&linkCode=osi&th=1&psc=1"><img src="https://m.media-amazon.com/images/I/41-gXIE96GL._SL500_.jpg" alt="Product Image"></a><p>Revlon Lipstick, Super Lustrous Lipstick, Creamy Formula For Soft, Fuller-Looking Lips, Moisturized Feel in Pinks, Pink In The Afternoon (415) 0.15 oz</p><p>$6.48</p><a href="https://www.amazon.com/dp/B002F3R44K?tag=eloabder-20&linkCode=osi&th=1&psc=1">View Product</a></div><div class="product"><a href="https://www.amazon.com/dp/B001LFER98?tag=eloabder-20&linkCode=osi&th=1&psc=1"><img src="https://m.media-amazon.com/images/I/41wezVKuIoL._SL500_.jpg" alt="Product Image"></a><p>REVLON Lipstick, Super Lustrous Lipstick, Creamy Formula For Soft, Fuller-Looking Lips, Moisturized Feel in Reds & Corals, Peach Me (628) 0.15 oz</p><p>$4.99</p><a href="https://www.amazon.com/dp/B001LFER98?tag=eloabder-20&linkCode=osi&th=1&psc=1">View Product</a></div><div class="product"><a href="https://www.amazon.com/dp/B082YQ2978?tag=eloabder-20&linkCode=osi&th=1&psc=1"><img src="https://m.media-amazon.com/images/I/31QsMhXUSeL._SL500_.jpg" alt="Product Image"></a><p>wet n wild Mega Last High-Shine Lipstick Lip Color, Infused with Seed Oils For a Nourishing High-Shine, Buildable & Blendable Creamy Color, Cruelty-Free & Vegan - Mad for Mauve</p><p>$2.28</p><a href="https://www.amazon.com/dp/B082YQ2978?tag=eloabder-20&linkCode=osi&th=1&psc=1">View Product</a></div>
<div class="product"><a href="https://www.amazon.com/dp/B09SP2XHKT?tag=eloabder-20&linkCode=osi&th=1&psc=1"><img src="https://m.media-amazon.com/images/I/31KGrScgA8L._SL500_.jpg" alt="Product Image"></a><p>NYX PROFESSIONAL MAKEUP Butter Gloss, Non-Sticky Lip Gloss - Sugar Glass (Clear)</p><p>$5.99</p><a href="https://www.amazon.com/dp/B09SP2XHKT?tag=eloabder-20&linkCode=osi&th=1&psc=1">View Product</a></div><div class="product"><a href="https://www.amazon.com/dp/B08GSTZ7ZW?tag=eloabder-20&linkCode=osi&th=1&psc=1"><img src="https://m.media-amazon.com/images/I/41nPuTtXVgL._SL500_.jpg" alt="Product Image"></a><p>Ruby Kisses Broadway Vita-Lip Clear Lip Gloss - Moisturizing, Hydrating, Nourishing with Mint, Rosehip, Coconut, Mango, Argan, Honey & Shea</p><p>$7.99 ($2.12 / Ounce)</p><a href="https://www.amazon.com/dp/B08GSTZ7ZW?tag=eloabder-20&linkCode=osi&th=1&psc=1">View Product</a></div><div class="product"><a href="https://www.amazon.com/dp/B015RPE14S?tag=eloabder-20&linkCode=osi&th=1&psc=1"><img src="https://m.media-amazon.com/images/I/31FRC3fz7EL._SL500_.jpg" alt="Product Image"></a><p>L.A. Colors High Shine Shea Butter Lip Gloss, Clear, 0.14 Ounce</p><p>$1.98</p><a href="https://www.amazon.com/dp/B015RPE14S?tag=eloabder-20&linkCode=osi&th=1&psc=1">View Product</a></div><div class="product"><a href="https://www.amazon.com/dp/B00Q26VWZI?tag=eloabder-20&linkCode=osi&th=1&psc=1"><img src="https://m.media-amazon.com/images/I/31Bqig96T0L._SL500_.jpg" alt="Product Image"></a><p>Rimmel Stay Glossy Lip Gloss - Non-Sticky and Lightweight Formula for Lip Color and Shine - 130 Blushing Belgraves, .18oz</p><p>$4.32</p><a href="https://www.amazon.com/dp/B00Q26VWZI?tag=eloabder-20&linkCode=osi&th=1&psc=1">View Product</a></div><div class="product"><a href="https://www.amazon.com/dp/B0C1MH8R2M?tag=eloabder-20&linkCode=osi&th=1&psc=1"><img src="https://m.media-amazon.com/images/I/31adT7DtBYL._SL500_.jpg" alt="Product Image"></a><p>Maybelline New York Lifter Gloss Hydrating Lip Gloss with Hyaluronic Acid, Gummy Bear, Sheer Light Pink, 1 Count</p><p>$8.98</p><a href="https://www.amazon.com/dp/B0C1MH8R2M?tag=eloabder-20&linkCode=osi&th=1&psc=1">View Product</a></div><div class="product"><a href="https://www.amazon.com/dp/B01N1ZC8JZ?tag=eloabder-20&linkCode=osi&th=1&psc=1"><img src="https://m.media-amazon.com/images/I/41fsaqWz6SL._SL500_.jpg" alt="Product Image"></a><p>Broadway Vita-Lip Clear Lip Gloss 0.47oz/14ml (5PCS Mint & Coconut & Rosehip & Mango Butter & Argan Oil) (5 PCS SET)</p><p>$5.99</p><a href="https://www.amazon.com/dp/B01N1ZC8JZ?tag=eloabder-20&linkCode=osi&th=1&psc=1">View Product</a></div><div class="product"><a href="https://www.amazon.com/dp/B07DY2QRF6?tag=eloabder-20&linkCode=osi&th=1&psc=1"><img src="https://m.media-amazon.com/images/I/31qXrVfhvCL._SL500_.jpg" alt="Product Image"></a><p>LANEIGE Lip Glowy Balm Berry: Hydrate, Glossy, Lightweight, Moisturize & Tint with Shea Butter</p><p>$19.00 ($54.29 / Ounce)</p><a href="https://www.amazon.com/dp/B07DY2QRF6?tag=eloabder-20&linkCode=osi&th=1&psc=1">View Product</a></div><div class="product"><a href="https://www.amazon.com/dp/B09DMGWJKY?tag=eloabder-20&linkCode=osi&th=1&psc=1"><img src="https://m.media-amazon.com/images/I/41nIFmIKHRL._SL500_.jpg" alt="Product Image"></a><p>Broadway Vita-Lip Clear Lip Gloss Moisturizing Hydrating Nourishing Long Lasting High Shine Glossy Lip Care Gloss 0.47oz/14ml (10 PCS SET)</p><p>$9.99</p><a href="https://www.amazon.com/dp/B09DMGWJKY?tag=eloabder-20&linkCode=osi&th=1&psc=1">View Product</a></div><div class="product"><a href="https://www.amazon.com/dp/B0BSR85M24?tag=eloabder-20&linkCode=osi&th=1&psc=1"><img src="https://m.media-amazon.com/images/I/31eKHNoE3KL._SL500_.jpg" alt="Product Image"></a><p>e.l.f. Lip Lacquer, Nourishing, Non-Sticky Ultra-Shine Lip Gloss With Sheer Color, Infused With Vitamins A & E, Vegan & Cruelty-Free, Whisper Pink</p><p>$3.00</p><a href="https://www.amazon.com/dp/B0BSR85M24?tag=eloabder-20&linkCode=osi&th=1&psc=1">View Product</a></div><div class="product"><a href="https://www.amazon.com/dp/B081C6PXZJ?tag=eloabder-20&linkCode=osi&th=1&psc=1"><img src="https://m.media-amazon.com/images/I/51+emO79aqL._SL500_.jpg" alt="Product Image"></a><p>NICKA K NEW YORK VARIETY SET OF 5 NK Hydrating Lip Gel - Vitamin E (Clear, Rosehip Oil, Bubble Gum, Cherry, Strawberry)</p><p>$5.43</p><a href="https://www.amazon.com/dp/B081C6PXZJ?tag=eloabder-20&linkCode=osi&th=1&psc=1">View Product</a></div>
<div class="product"><a href="https://www.amazon.com/dp/B07PNCB73M?tag=eloabder-20&linkCode=osi&th=1&psc=1"><img src="https://m.media-amazon.com/images/I/41+KYSFOLML._SL500_.jpg" alt="Product Image"></a><p>Milani Baked Blush - Petal Primavera (0.12 Ounce) Cruelty-Free Powder Blush - Shape, Contour & Highlight Face for a Shimmery or Matte Finish</p><p>$8.97</p><a href="https://www.amazon.com/dp/B07PNCB73M?tag=eloabder-20&linkCode=osi&th=1&psc=1">View Product</a></div><div class="product"><a href="https://www.amazon.com/dp/B0CZ5HLDK9?tag=eloabder-20&linkCode=osi&th=1&psc=1"><img src="https://m.media-amazon.com/images/I/41rZu1cS8QL._SL500_.jpg" alt="Product Image"></a><p>NYX PROFESSIONAL MAKEUP Buttermelt Powder Blush, Fade and Transfer-Resistant Blush, Up to 12HR Make Up Wear, Vegan Formula - For The Butta</p><p>$9.97</p><a href="https://www.amazon.com/dp/B0CZ5HLDK9?tag=eloabder-20&linkCode=osi&th=1&psc=1">View Product</a></div><div class="product"><a href="https://www.amazon.com/dp/B0CPFYGNR7?tag=eloabder-20&linkCode=osi&th=1&psc=1"><img src="https://m.media-amazon.com/images/I/31EJvMa7jyL._SL500_.jpg" alt="Product Image"></a><p>e.l.f. Camo Liquid Blush, Long-lasting Liquid Blush For High-pigment Color, Creates A Soft, Dewy Finish, Vegan & Cruelty-free, Dusty Rosé</p><p>$7.00</p><a href="https://www.amazon.com/dp/B0CPFYGNR7?tag=eloabder-20&linkCode=osi&th=1&psc=1">View Product</a></div><div class="product"><a href="https://www.amazon.com/dp/B06XDNPXD1?tag=eloabder-20&linkCode=osi&th=1&psc=1"><img src="https://m.media-amazon.com/images/I/41IryPTf51L._SL500_.jpg" alt="Product Image"></a><p>Maybelline Fit Me Powder Blush, Lightweight, Smooth, Blendable, Long-lasting All-Day Face Enhancing Makeup Color, Mauve, 1 Count</p><p>$4.62</p><a href="https://www.amazon.com/dp/B06XDNPXD1?tag=eloabder-20&linkCode=osi&th=1&psc=1">View Product</a></div><div class="product"><a href="https://www.amazon.com/dp/B082YPNTZ4?tag=eloabder-20&linkCode=osi&th=1&psc=1"><img src="https://m.media-amazon.com/images/I/41vtXkWXs8L._SL500_.jpg" alt="Product Image"></a><p>wet n wild Color Icon Blush, Effortless Glow & Seamless Blend infused with Luxuriously Smooth Jojoba Oil, Sheer Finish with a Matte Natural Glow, Cruelty-Free & Vegan - Pinch Me Pink</p><p>$3.28</p><a href="https://www.amazon.com/dp/B082YPNTZ4?tag=eloabder-20&linkCode=osi&th=1&psc=1">View Product</a></div><div class="product"><a href="https://www.amazon.com/dp/B0CPFWJJQJ?tag=eloabder-20&linkCode=osi&th=1&psc=1"><img src="https://m.media-amazon.com/images/I/41+GdEwyGqL._SL500_.jpg" alt="Product Image"></a><p>e.l.f. Primer-Infused Matte Blush, Long-Lasting, Lightweight & Buildable Powder Blush, Delivers A Matte Finish, Vegan & Cruelty-Free, Always Crushing</p><p>$7.00</p><a href="https://www.amazon.com/dp/B0CPFWJJQJ?tag=eloabder-20&linkCode=osi&th=1&psc=1">View Product</a></div><div class="product"><a href="https://www.amazon.com/dp/B0B64GX5LN?tag=eloabder-20&linkCode=osi&th=1&psc=1"><img src="https://m.media-amazon.com/images/I/31aZBeyUSsL._SL500_.jpg" alt="Product Image"></a><p>LAURA GELLER NEW YORK Serum Blush Tint, Lightweight Liquid Blush for Cheeks, Weightless Watercolor Sheer Finish, Practical Pink</p><p>$15.74</p><a href="https://www.amazon.com/dp/B0B64GX5LN?tag=eloabder-20&linkCode=osi&th=1&psc=1">View Product</a></div><div class="product"><a href="https://www.amazon.com/dp/B00J56D0G6?tag=eloabder-20&linkCode=osi&th=1&psc=1"><img src="https://m.media-amazon.com/images/I/31MVN0QAhfL._SL500_.jpg" alt="Product Image"></a><p>e.l.f. Cosmetics Powder Blush Palette, Four Blush Shades for Beautiful, Long-Lasting Pigment, Light</p><p>$6.00</p><a href="https://www.amazon.com/dp/B00J56D0G6?tag=eloabder-20&linkCode=osi&th=1&psc=1">View Product</a></div><div class="product"><a href="https://www.amazon.com/dp/B0BHFBBH25?tag=eloabder-20&linkCode=osi&th=1&psc=1"><img src="https://m.media-amazon.com/images/I/31uqOuPPf5L._SL500_.jpg" alt="Product Image"></a><p>SHEGLAM Color Bloom Liquid Blush Makeup for Cheeks Matte Finish - Love Cake</p><p>$6.99</p><a href="https://www.amazon.com/dp/B0BHFBBH25?tag=eloabder-20&linkCode=osi&th=1&psc=1">View Product</a></div><div class="product"><a href="https://www.amazon.com/dp/B07J47FHR1?tag=eloabder-20&linkCode=osi&th=1&psc=1"><img src="https://m.media-amazon.com/images/I/41Xyor9x2SL._SL500_.jpg" alt="Product Image"></a><p>Nars Blush in ORGASM Full Size 0.16 oz. / 4.8 g in Retail Box New Edition</p><p>$22.00</p><a href="https://www.amazon.com/dp/B07J47FHR1?tag=eloabder-20&linkCode=osi&th=1&psc=1">View Product</a></div>
<div class="product"><a href="https://www.amazon.com/dp/B018B8Q5Z6?tag=eloabder-20&linkCode=osi&th=1&psc=1"><img src="https://m.media-amazon.com/images/I/41D9ZHQRaSL._SL500_.jpg" alt="Product Image"></a><p>Physicians Formula Murumuru Butter Bronzer, Moisturizing, Nourishing Murumuru Butter Blend for Silky All-Day Luminous Glow, Dermatologist Tested, Hypoallergenic, Vegan & Cruelty-Free -Bronzer</p><p>$12.15</p><a href="https://www.amazon.com/dp/B018B8Q5Z6?tag=eloabder-20&linkCode=osi&th=1&psc=1">View Product</a></div><div class="product"><a href="https://www.amazon.com/dp/B001B0H82Q?tag=eloabder-20&linkCode=osi&th=1&psc=1"><img src="https://m.media-amazon.com/images/I/41I3B-YoLkL._SL500_.jpg" alt="Product Image"></a><p>Rimmel London Natural - 022 Sun Bronze - Bronzer, Matte Finish, 0.49oz</p><p>$3.97</p><a href="https://www.amazon.com/dp/B001B0H82Q?tag=eloabder-20&linkCode=osi&th=1&psc=1">View Product</a></div><div class="product"><a href="https://www.amazon.com/dp/B0BM5HX7DN?tag=eloabder-20&linkCode=osi&th=1&psc=1"><img src="https://m.media-amazon.com/images/I/41DwoHQgzsL._SL500_.jpg" alt="Product Image"></a><p>Benefit Hoola Matte Bronzer Mini 0.08 Ounce</p><p>$17.92</p><a href="https://www.amazon.com/dp/B0BM5HX7DN?tag=eloabder-20&linkCode=osi&th=1&psc=1">View Product</a></div><div class="product"><a href="https://www.amazon.com/dp/B07M7NGVW7?tag=eloabder-20&linkCode=osi&th=1&psc=1"><img src="https://m.media-amazon.com/images/I/51dvod9PjTL._SL500_.jpg" alt="Product Image"></a><p>wet n wild Color Icon Bronzer What Shady Beaches</p><p>$2.96</p><a href="https://www.amazon.com/dp/B07M7NGVW7?tag=eloabder-20&linkCode=osi&th=1&psc=1">View Product</a></div><div class="product"><a href="https://www.amazon.com/dp/B0CPFVTY7M?tag=eloabder-20&linkCode=osi&th=1&psc=1"><img src="https://m.media-amazon.com/images/I/41rO68Q0mlL._SL500_.jpg" alt="Product Image"></a><p>e.l.f. Primer-Infused Bronzer, Long-Lasting, Lightweight & Buildable Powder Bronzer, Delivers A Matte Finish, Vegan & Cruelty-Free, Fresh Tan</p><p>$7.00</p><a href="https://www.amazon.com/dp/B0CPFVTY7M?tag=eloabder-20&linkCode=osi&th=1&psc=1">View Product</a></div><div class="product"><a href="https://www.amazon.com/dp/B07ZR187P5?tag=eloabder-20&linkCode=osi&th=1&psc=1"><img src="https://m.media-amazon.com/images/I/410nkMFZLYL._SL500_.jpg" alt="Product Image"></a><p>e.l.f. Primer-infused Bronzer, Long-Wear, Matte, Bold, Lightweight, Blends Easily, Contours Cheeks, Forever Sun Kissed, All-Day Wear, 0.35 Oz</p><p>$7.00 ($20.00 / Ounce)</p><a href="https://www.amazon.com/dp/B07ZR187P5?tag=eloabder-20&linkCode=osi&th=1&psc=1">View Product</a></div><div class="product"><a href="https://www.amazon.com/dp/B00518N3VE?tag=eloabder-20&linkCode=osi&th=1&psc=1"><img src="https://m.media-amazon.com/images/I/41SzIseWK6L._SL500_.jpg" alt="Product Image"></a><p>Milani Baked Bronzer - Glow, Cruelty-Free Shimmer Bronzing Powder to Use For Contour Makeup, Highlighters Makeup, Bronzer Makeup, 0.25 Ounce</p><p>$9.97 ($39.88 / Ounce)</p><a href="https://www.amazon.com/dp/B00518N3VE?tag=eloabder-20&linkCode=osi&th=1&psc=1">View Product</a></div><div class="product"><a href="https://www.amazon.com/dp/B0CNTYPSSZ?tag=eloabder-20&linkCode=osi&th=1&psc=1"><img src="https://m.media-amazon.com/images/I/416D4Z7hQ8L._SL500_.jpg" alt="Product Image"></a><p>Milani Cheek Kiss Cream Bronzer-110 Hey Honey</p><p>$9.97</p><a href="https://www.amazon.com/dp/B0CNTYPSSZ?tag=eloabder-20&linkCode=osi&th=1&psc=1">View Product</a></div><div class="product"><a href="https://www.amazon.com/dp/B006WZ9O72?tag=eloabder-20&linkCode=osi&th=1&psc=1"><img src="https://m.media-amazon.com/images/I/51rDNo9JnqL._SL500_.jpg" alt="Product Image"></a><p>Physicians Formula Bronze Booster Glow-Boosting Season-to-Season, Customizable Seasonal Glow Glow, Lasting Tan Boost, Hypoallergenic Powder, Cruelty-Free & Hypoallergenic- Light-to-Medium</p><p>$12.98</p><a href="https://www.amazon.com/dp/B006WZ9O72?tag=eloabder-20&linkCode=osi&th=1&psc=1">View Product</a></div>
<div class="product"><a href="https://www.amazon.com/dp/B09288DSSX?tag=eloabder-20&linkCode=osi&th=1&psc=1"><img src="https://m.media-amazon.com/images/I/417z6evbmhL._SL500_.jpg" alt="Product Image"></a><p>KYDA Face Highlighter Palette, High Glossy Face Illuminator Palette, Narutal Glow Finish, Pearl Shimmer Smooth Baked Powder, Lasting Sparkling Highlighter Makeup-SUN GLOW</p><p>$9.99</p><a href="https://www.amazon.com/dp/B09288DSSX?tag=eloabder-20&linkCode=osi&th=1&psc=1">View Product</a></div><div class="product"><a href="https://www.amazon.com/dp/B082YPL2SV?tag=eloabder-20&linkCode=osi&th=1&psc=1"><img src="https://m.media-amazon.com/images/I/51Y+MCkwArL._SL500_.jpg" alt="Product Image"></a><p>Wet n Wild MegaGlo Blushlighter, Blendable Blush & Highlighter Set, Shimmery Metallic Finish, Highlight Bling</p><p>$5.47</p><a href="https://www.amazon.com/dp/B082YPL2SV?tag=eloabder-20&linkCode=osi&th=1&psc=1">View Product</a></div><div class="product"><a href="https://www.amazon.com/dp/B0C41PSDZF?tag=eloabder-20&linkCode=osi&th=1&psc=1"><img src="https://m.media-amazon.com/images/I/41FLNU-tL-L._SL500_.jpg" alt="Product Image"></a><p>NYX PROFESSIONAL MAKEUP, Jumbo Multi-Use Face Highlighter Stick - Vanilla Ice Cream</p><p>$7.97</p><a href="https://www.amazon.com/dp/B0C41PSDZF?tag=eloabder-20&linkCode=osi&th=1&psc=1">View Product</a></div><div class="product"><a href="https://www.amazon.com/dp/B0C6V67KJW?tag=eloabder-20&linkCode=osi&th=1&psc=1"><img src="https://m.media-amazon.com/images/I/31Yh8b8JEjL._SL500_.jpg" alt="Product Image"></a><p>e.l.f. Halo Glow Highlight Beauty Wand, Liquid Highlighter Wand For Luminous, Glowing Skin, Buildable Formula, Vegan & Cruelty-free,Champagne Campaign</p><p>$9.00</p><a href="https://www.amazon.com/dp/B0C6V67KJW?tag=eloabder-20&linkCode=osi&th=1&psc=1">View Product</a></div><div class="product"><a href="https://www.amazon.com/dp/B073WMG59J?tag=eloabder-20&linkCode=osi&th=1&psc=1"><img src="https://m.media-amazon.com/images/I/51fz8bpJNNL._SL500_.jpg" alt="Product Image"></a><p>wet n wild MegaGlo Highlighting Powder, Highlighter Makeup, Shimmer Glow, Pink Rose Gold Blossom Glow</p><p>$5.41</p><a href="https://www.amazon.com/dp/B073WMG59J?tag=eloabder-20&linkCode=osi&th=1&psc=1">View Product</a></div><div class="product"><a href="https://www.amazon.com/dp/B07QPY11KY?tag=eloabder-20&linkCode=osi&th=1&psc=1"><img src="https://m.media-amazon.com/images/I/312T7p8cW6L._SL500_.jpg" alt="Product Image"></a><p>Revolution Beauty, Reloaded Pressed Powder Highlighter, Intensely Pigmented for a High Impact Dewy Finish, Dare To Divulge, 0.22 Oz.</p><p>$6.91</p><a href="https://www.amazon.com/dp/B07QPY11KY?tag=eloabder-20&linkCode=osi&th=1&psc=1">View Product</a></div><div class="product"><a href="https://www.amazon.com/dp/B074PTZCNW?tag=eloabder-20&linkCode=osi&th=1&psc=1"><img src="https://m.media-amazon.com/images/I/31btEAGukiL._SL500_.jpg" alt="Product Image"></a><p>L'Oreal Paris Makeup True Match Lumi Glotion, Natural Glow Enhancer, Illuminator Highlighter Skin Tint, for an All Day Radiant Glow, Light, 1.35 Ounces</p><p>$12.81</p><a href="https://www.amazon.com/dp/B074PTZCNW?tag=eloabder-20&linkCode=osi&th=1&psc=1">View Product</a></div><div class="product"><a href="https://www.amazon.com/dp/B075K784FK?tag=eloabder-20&linkCode=osi&th=1&psc=1"><img src="https://m.media-amazon.com/images/I/51q6Nf009iL._SL500_.jpg" alt="Product Image"></a><p>Physicians Formula Murumuru Butter Highlighter Makeup Face Powder Make Up, Pearl, Dermatologist Approved</p><p>$10.00</p><a href="https://www.amazon.com/dp/B075K784FK?tag=eloabder-20&linkCode=osi&th=1&psc=1">View Product</a></div><div class="product"><a href="https://www.amazon.com/dp/B0BD9HYBKD?tag=eloabder-20&linkCode=osi&th=1&psc=1"><img src="https://m.media-amazon.com/images/I/319tXl8nMUL._SL500_.jpg" alt="Product Image"></a><p>LAURA GELLER NEW YORK Baked Natural Glow Highlighter Radiance Enhancing Makeup, French Vanilla</p><p>$18.99</p><a href="https://www.amazon.com/dp/B0BD9HYBKD?tag=eloabder-20&linkCode=osi&th=1&psc=1">View Product</a></div><div class="product"><a href="https://www.amazon.com/dp/B083574V27?tag=eloabder-20&linkCode=osi&th=1&psc=1"><img src="https://m.media-amazon.com/images/I/41fyFVpDrXL._SL500_.jpg" alt="Product Image"></a><p>Milani Baked Highlighter (Dolce Perla) - Cruelty-Free Powder Highlighter, Highlight Face for a Shimmery or Matte Finish</p><p>$10.97 ($39.18 / Ounce)</p><a href="https://www.amazon.com/dp/B083574V27?tag=eloabder-20&linkCode=osi&th=1&psc=1">View Product</a></div>
<div class="product"><a href="https://www.amazon.com/dp/B0CMHSNYG8?tag=eloabder-20&linkCode=osi&th=1&psc=1"><img src="https://m.media-amazon.com/images/I/51iVcKQ6eIL._SL500_.jpg" alt="Product Image"></a><p>JODSONE Gel Nail Set 20 Colors High Shine Gorgeous Gel Polish Base Top Matte Coat Nice Gifts Show Charm</p><p>$19.99</p><a href="https://www.amazon.com/dp/B0CMHSNYG8?tag=eloabder-20&linkCode=osi&th=1&psc=1">View Product</a></div><div class="product"><a href="https://www.amazon.com/dp/B09KC56289?tag=eloabder-20&linkCode=osi&th=1&psc=1"><img src="https://m.media-amazon.com/images/I/51M-P1nM7QL._SL500_.jpg" alt="Product Image"></a><p>JODSONE 36 PCS Gel Nail Polish Set-32 Colors Gel Polish Kit Base Coat Glossy Matte and Glitter Top Coat Nail Polish Set Green Blue Red Pink Collection Gifts for Women</p><p>$25.99</p><a href="https://www.amazon.com/dp/B09KC56289?tag=eloabder-20&linkCode=osi&th=1&psc=1">View Product</a></div><div class="product"><a href="https://www.amazon.com/dp/B00GXVVDG0?tag=eloabder-20&linkCode=osi&th=1&psc=1"><img src="https://m.media-amazon.com/images/I/21vF-y2FfJL._SL500_.jpg" alt="Product Image"></a><p>Essie Nail Polish, Salon-Quality, 8-free Vegan, Finish, Mademoiselle, 0.46 Ounces (Packaging May Vary) Sheer Pink</p><p>$8.99</p><a href="https://www.amazon.com/dp/B00GXVVDG0?tag=eloabder-20&linkCode=osi&th=1&psc=1">View Product</a></div><div class="product"><a href="https://www.amazon.com/dp/B0987JZSP8?tag=eloabder-20&linkCode=osi&th=1&psc=1"><img src="https://m.media-amazon.com/images/I/31VZYZfCKbL._SL500_.jpg" alt="Product Image"></a><p>OPI Nature Strong Vegan Nail Polish, Knowledge is Flower, Pink Nail Polish, Natural Origin, Cruelty-Free Nail Lacquer, 0.5 fl oz.</p><p>$12.99 ($25.98 / Fl Oz)</p><a href="https://www.amazon.com/dp/B0987JZSP8?tag=eloabder-20&linkCode=osi&th=1&psc=1">View Product</a></div><div class="product"><a href="https://www.amazon.com/dp/B0CYLRWVVF?tag=eloabder-20&linkCode=osi&th=1&psc=1"><img src="https://m.media-amazon.com/images/I/51G1EY8ny6L._SL500_.jpg" alt="Product Image"></a><p>modelones Pearl Nail Polish 6 Colors Shimmer Pearl White Pink Mermaid Purple Nail Polish Set Summer Quick Dry Nail Polish Finger Nail Polish Bulk Manicure Diy Nail Art Salon Home Gift For Women Girl</p><p>$12.99</p><a href="https://www.amazon.com/dp/B0CYLRWVVF?tag=eloabder-20&linkCode=osi&th=1&psc=1">View Product</a></div>
<div class="product"><a href="https://www.amazon.com/dp/B005HGWGVS?tag=eloabder-20&linkCode=osi&th=1&psc=1"><img src="https://m.media-amazon.com/images/I/41NVfMcQBQL._SL500_.jpg" alt="Product Image"></a><p>Hard As Hoof Nail Strengthening Cream with Coconut Scent, Nail Growth & Conditioning Cuticle Cream Stops Splits, Chips, Cracks & Strengthens Nails, 1 oz</p><p>$8.88</p><a href="https://www.amazon.com/dp/B005HGWGVS?tag=eloabder-20&linkCode=osi&th=1&psc=1">View Product</a></div><div class="product"><a href="https://www.amazon.com/dp/B08YMJ4X4B?tag=eloabder-20&linkCode=osi&th=1&psc=1"><img src="https://m.media-amazon.com/images/I/41JNcOM8lBL._SL500_.jpg" alt="Product Image"></a><p>C CARE Sweet Almond Cuticle Oil For Nails - Repairs Cuticles Overnight - Moisturizes and Strengthens Nails and Cuticles - Dropper & Brush included - 2.5oz</p><p>$5.97 ($2.39 / Fl Oz)</p><a href="https://www.amazon.com/dp/B08YMJ4X4B?tag=eloabder-20&linkCode=osi&th=1&psc=1">View Product</a></div><div class="product"><a href="https://www.amazon.com/dp/B0046MK34G?tag=eloabder-20&linkCode=osi&th=1&psc=1"><img src="https://m.media-amazon.com/images/I/41PPyJFVAlL._SL500_.jpg" alt="Product Image"></a><p>Sally Hansen Instant Cuticle Remover™, Nail Treatment, Fast Drying, Contains Aloe and Chamomile</p><p>$4.97</p><a href="https://www.amazon.com/dp/B0046MK34G?tag=eloabder-20&linkCode=osi&th=1&psc=1">View Product</a></div><div class="product"><a href="https://www.amazon.com/dp/B00F644LTQ?tag=eloabder-20&linkCode=osi&th=1&psc=1"><img src="https://m.media-amazon.com/images/I/31+v2SZDagL._SL500_.jpg" alt="Product Image"></a><p>Cuccio Naturale Revitalizing- Hydrating Oil For Repaired Cuticles Overnight - Remedy For Damaged Skin And Thin Nails - Paraben /Cruelty-Free Formula - Milk And Honey - 2.5 Oz</p><p>$9.48 ($3.79 / Fl Oz)</p><a href="https://www.amazon.com/dp/B00F644LTQ?tag=eloabder-20&linkCode=osi&th=1&psc=1">View Product</a></div><div class="product"><a href="https://www.amazon.com/dp/B007QBKX08?tag=eloabder-20&linkCode=osi&th=1&psc=1"><img src="https://m.media-amazon.com/images/I/51BgkFaTnpL._SL500_.jpg" alt="Product Image"></a><p>Nail Tek Repairs Damaged Nails kit.Intensive Therapy(.5OZ),Foundation(.5OZ)& Renew(.48OZ)</p><p>$14.95</p><a href="https://www.amazon.com/dp/B007QBKX08?tag=eloabder-20&linkCode=osi&th=1&psc=1">View Product</a></div>
<div class="product"><a href="https://www.amazon.com/dp/B017PCGAXQ?tag=eloabder-20&linkCode=osi&th=1&psc=1"><img src="https://m.media-amazon.com/images/I/31-daQlUgGL._SL500_.jpg" alt="Product Image"></a><p>Garnier Micellar Water For Waterproof Makeup, Hydrating Facial Cleanser & Makeup Remover, Suitable for Sensitive Skin, Vegan, Cruelty Free, 13.5 Fl Oz (400mL), 1 Count</p><p>$8.97 ($0.66 / Fl Oz)</p><a href="https://www.amazon.com/dp/B017PCGAXQ?tag=eloabder-20&linkCode=osi&th=1&psc=1">View Product</a></div><div class="product"><a href="https://www.amazon.com/dp/B017PCGABI?tag=eloabder-20&linkCode=osi&th=1&psc=1"><img src="https://m.media-amazon.com/images/I/3106WC85aAL._SL500_.jpg" alt="Product Image"></a><p>Garnier Micellar Water, Hydrating Facial Cleanser & Makeup Remover, Suitable for Sensitive Skin, Vegan, Cruelty Free, 13.5 Fl Oz (400mL), 1 Count</p><p>$8.97 ($0.66 / Fl Oz)</p><a href="https://www.amazon.com/dp/B017PCGABI?tag=eloabder-20&linkCode=osi&th=1&psc=1">View Product</a></div><div class="product"><a href="https://www.amazon.com/dp/B00U2VQZDS?tag=eloabder-20&linkCode=osi&th=1&psc=1"><img src="https://m.media-amazon.com/images/I/41VzZfHAKpL._SL500_.jpg" alt="Product Image"></a><p>Neutrogena Makeup Remover Wipes, Ultra-Soft Cleansing Facial Towelettes for Waterproof Makeup, Alcohol-Free, Plant-Based, Twin Pack, 25 Count (Pack of 2)</p><p>$9.16 ($0.18 / Count)</p><a href="https://www.amazon.com/dp/B00U2VQZDS?tag=eloabder-20&linkCode=osi&th=1&psc=1">View Product</a></div><div class="product"><a href="https://www.amazon.com/dp/B07T9JV956?tag=eloabder-20&linkCode=osi&th=1&psc=1"><img src="https://m.media-amazon.com/images/I/310x+0QrxsL._SL500_.jpg" alt="Product Image"></a><p>Neutrogena Gentle Oil-Free Eye Makeup Remover & Cleanser for Sensitive Eyes, Non-Greasy Makeup Remover, Removes Waterproof Mascara, Dermatologist & Ophthalmologist Tested, 8.0 fl. oz</p><p>$9.39 ($1.17 / Fl Oz)</p><a href="https://www.amazon.com/dp/B07T9JV956?tag=eloabder-20&linkCode=osi&th=1&psc=1">View Product</a></div><div class="product"><a href="https://www.amazon.com/dp/B01M31HY3S?tag=eloabder-20&linkCode=osi&th=1&psc=1"><img src="https://m.media-amazon.com/images/I/319i79e7f4L._SL500_.jpg" alt="Product Image"></a><p>Cetaphil Gentle Waterproof Makeup Remover, Mother's Day Gifts, Oil-Free Formula Suitable for Sensitive Skin, 6.0 Fluid Ounce</p><p>$9.87 ($1.64 / Fl Oz)</p><a href="https://www.amazon.com/dp/B01M31HY3S?tag=eloabder-20&linkCode=osi&th=1&psc=1">View Product</a></div><div class="product"><a href="https://www.amazon.com/dp/B07SS6LFRG?tag=eloabder-20&linkCode=osi&th=1&psc=1"><img src="https://m.media-amazon.com/images/I/31Mwa89HfCL._SL500_.jpg" alt="Product Image"></a><p>Amazon Basics Eye Makeup Remover, Removes Waterproof Mascara, Dermatologist Tested, Fragrance Free, 5.5 Fl Oz (Pack of 1)</p><p>$5.99 ($1.09 / Fl Oz)</p><a href="https://www.amazon.com/dp/B07SS6LFRG?tag=eloabder-20&linkCode=osi&th=1&psc=1">View Product</a></div><div class="product"><a href="https://www.amazon.com/dp/B08TQTT8LK?tag=eloabder-20&linkCode=osi&th=1&psc=1"><img src="https://m.media-amazon.com/images/I/31R-Y-dhjEL._SL500_.jpg" alt="Product Image"></a><p>e.l.f. Holy Hydration! Makeup Melting Cleansing Balm, Face Cleanser & Makeup Remover, Infused with Hyaluronic Acid to Hydrate Skin, 2 Oz</p><p>$11.00 ($5.50 / Ounce)</p><a href="https://www.amazon.com/dp/B08TQTT8LK?tag=eloabder-20&linkCode=osi&th=1&psc=1">View Product</a></div><div class="product"><a href="https://www.amazon.com/dp/B08Q3CQM7X?tag=eloabder-20&linkCode=osi&th=1&psc=1"><img src="https://m.media-amazon.com/images/I/31edyzkByfL._SL500_.jpg" alt="Product Image"></a><p>JUNO & Co. Clean 10 Cleansing Balm 10 Ingredients Makeup Remover 85g / 3.0oz</p><p>$14.99 ($5.00 / Ounce)</p><a href="https://www.amazon.com/dp/B08Q3CQM7X?tag=eloabder-20&linkCode=osi&th=1&psc=1">View Product</a></div><div class="product"><a href="https://www.amazon.com/dp/B0B1PP1XCM?tag=eloabder-20&linkCode=osi&th=1&psc=1"><img src="https://m.media-amazon.com/images/I/31kOCqV2+BL._SL500_.jpg" alt="Product Image"></a><p>CeraVe Cleansing Balm for Sensitive Skin | Hydrating Makeup Remover with Ceramides and Plant-based Jojoba Oil for Face | Non-Comedogenic Fragrance Free Non-Greasy |1.3 Ounces</p><p>$9.97 ($7.67 / Ounce)</p><a href="https://www.amazon.com/dp/B0B1PP1XCM?tag=eloabder-20&linkCode=osi&th=1&psc=1">View Product</a></div><div class="product"><a href="https://www.amazon.com/dp/B0BX65V1BZ?tag=eloabder-20&linkCode=osi&th=1&psc=1"><img src="https://m.media-amazon.com/images/I/31t6WiWvdDL._SL500_.jpg" alt="Product Image"></a><p>Prime Prometics PrimeSkin Beauty Water – Deeply Hydrating Pro-Age Make-Up Remover for Mature Women – Clean, One Swipe – for All Skin Types – pH balanced, Hypoallergenic</p><p>$27.00 ($5.29 / Fl Oz)</p><a href="https://www.amazon.com/dp/B0BX65V1BZ?tag=eloabder-20&linkCode=osi&th=1&psc=1">View Product</a></div>
<div class="product"><a href="https://www.amazon.com/dp/B07XC569XF?tag=eloabder-20&linkCode=osi&th=1&psc=1"><img src="https://m.media-amazon.com/images/I/4109uyzn-sL._SL500_.jpg" alt="Product Image"></a><p>Neutrogena Hydro Boost Facial Cleansing Towelettes + Hyaluronic Acid, Hydrating Makeup Remover Face Wipes Remove Dirt & Waterproof Makeup, Hypoallergenic, 100% Plant-Based Cloth, 2 x 25 ct</p><p>$13.20 ($0.26 / Count)</p><a href="https://www.amazon.com/dp/B07XC569XF?tag=eloabder-20&linkCode=osi&th=1&psc=1">View Product</a></div><div class="product"><a href="https://www.amazon.com/dp/B00479FP4Q?tag=eloabder-20&linkCode=osi&th=1&psc=1"><img src="https://m.media-amazon.com/images/I/41L2wro-FlL._SL500_.jpg" alt="Product Image"></a><p>Olay Daily Facials, Daily Clean Makeup Removing Facial Cleansing Wipes, 5-in-1 Water Activated Cloths, Exfoliates, Tones and Hydrates Skin, 66 count</p><p>$9.74 ($0.15 / Count)</p><a href="https://www.amazon.com/dp/B00479FP4Q?tag=eloabder-20&linkCode=osi&th=1&psc=1">View Product</a></div><div class="product"><a href="https://www.amazon.com/dp/B0864VDH6F?tag=eloabder-20&linkCode=osi&th=1&psc=1"><img src="https://m.media-amazon.com/images/I/418baEPkUdL._SL500_.jpg" alt="Product Image"></a><p>Amazon Basics Make Up Remover Wipes, Night Calming, 50 Count (2 Packs of 25) (Previously Solimo)</p><p>$7.93 ($0.16 / Count)</p><a href="https://www.amazon.com/dp/B0864VDH6F?tag=eloabder-20&linkCode=osi&th=1&psc=1">View Product</a></div><div class="product"><a href="https://www.amazon.com/dp/B093T3LQPP?tag=eloabder-20&linkCode=osi&th=1&psc=1"><img src="https://m.media-amazon.com/images/I/51mLU+qr6tL._SL500_.jpg" alt="Product Image"></a><p>Burt's Bees Rose Water Face Wipes, for All Skin Types, Hydrating Micellar Makeup Remover & Facial Cleansing Towelettes, 30 Ct (3-Pack)</p><p>$16.47 ($0.18 / Count)</p><a href="https://www.amazon.com/dp/B093T3LQPP?tag=eloabder-20&linkCode=osi&th=1&psc=1">View Product</a></div><div class="product"><a href="https://www.amazon.com/dp/B00NUJQG7Y?tag=eloabder-20&linkCode=osi&th=1&psc=1"><img src="https://m.media-amazon.com/images/I/51apu8FIluL._SL500_.jpg" alt="Product Image"></a><p>Burt's Bees Aloe Vera Face Wipes, for Sensitive Skin, Soothing Makeup Remover & Facial Cleansing Towelettes, 30 Ct. (3-Pack)</p><p>$16.41 ($0.18 / Count)</p><a href="https://www.amazon.com/dp/B00NUJQG7Y?tag=eloabder-20&linkCode=osi&th=1&psc=1">View Product</a></div><div class="product"><a href="https://www.amazon.com/dp/B09LXWPB1V?tag=eloabder-20&linkCode=osi&th=1&psc=1"><img src="https://m.media-amazon.com/images/I/4117i-jJMKL._SL500_.jpg" alt="Product Image"></a><p>CeraVe Hydrating Facial Cleansing Makeup Remover Wipes| Plant Based Face Biodegradable in Home Compost| Wash Cloth| Suitable for Sensitive Skin| Fragrance-free Non-comedogenic| 25 Count</p><p>$9.97 ($0.40 / Count)</p><a href="https://www.amazon.com/dp/B09LXWPB1V?tag=eloabder-20&linkCode=osi&th=1&psc=1">View Product</a></div><div class="product"><a href="https://www.amazon.com/dp/B006RFZ9IK?tag=eloabder-20&linkCode=osi&th=1&psc=1"><img src="https://m.media-amazon.com/images/I/41c4Ogejt9L._SL500_.jpg" alt="Product Image"></a><p>Bioré Daily Make Up Removing Cloths, Facial Cleansing Wipes with Dirt-grabbing Fibers for Deep Pore Cleansing without Oily Residue, 60 Count</p><p>$11.99 ($0.20 / Count)</p><a href="https://www.amazon.com/dp/B006RFZ9IK?tag=eloabder-20&linkCode=osi&th=1&psc=1">View Product</a></div><div class="product"><a href="https://www.amazon.com/dp/B01M4NFD2N?tag=eloabder-20&linkCode=osi&th=1&psc=1"><img src="https://m.media-amazon.com/images/I/41-iPdzYWDL._SL500_.jpg" alt="Product Image"></a><p>Cetaphil Gentle Makeup Removing Face Wipes, Daily Cleansing Facial Towelettes Gently Remove Makeup, Fragrance and Alcohol Free, 25 Count</p><p>$6.85 ($0.27 / Count)</p><a href="https://www.amazon.com/dp/B01M4NFD2N?tag=eloabder-20&linkCode=osi&th=1&psc=1">View Product</a></div><div class="product"><a href="https://www.amazon.com/dp/B0B644ZQLV?tag=eloabder-20&linkCode=osi&th=1&psc=1"><img src="https://m.media-amazon.com/images/I/41E5FGVZrnL._SL500_.jpg" alt="Product Image"></a><p>Cetaphil Face and Body Wipes, Gentle Skin Cleansing Cloths, 25 Count (Pack of 3), for Dry, Sensitive Skin, Flip Top Closure, Great for the Gym, Hypoallergenic, Fragrance Free</p><p>$20.91 ($0.28 / Count)</p><a href="https://www.amazon.com/dp/B0B644ZQLV?tag=eloabder-20&linkCode=osi&th=1&psc=1">View Product</a></div>
<div class="product"><a href="https://www.amazon.com/dp/B08RD6S5HF?tag=eloabder-20&linkCode=osi&th=1&psc=1"><img src="https://m.media-amazon.com/images/I/41uDw-xQNuL._SL500_.jpg" alt="Product Image"></a><p>BAIMEI IcyMe Gua Sha & Jade Roller Facial Tools Face Roller and Gua Sha Set for Puffiness and Redness Reducing Skin Care Routine, Self Care Gift for Men Women - Green</p><p>$9.99</p><a href="https://www.amazon.com/dp/B08RD6S5HF?tag=eloabder-20&linkCode=osi&th=1&psc=1">View Product</a></div><div class="product"><a href="https://www.amazon.com/dp/B09961TCV4?tag=eloabder-20&linkCode=osi&th=1&psc=1"><img src="https://m.media-amazon.com/images/I/41cLCDErk6L._SL500_.jpg" alt="Product Image"></a><p>huefull Gua Sha Facial Tools & Jade Roller Set for Skin Care, Reduce Puffiness and Improve Wrinkles, Guasha Tool for Face, Gua Sha Stone Self Care Gift for Woman Man</p><p>$7.99 ($4.00 / Count)</p><a href="https://www.amazon.com/dp/B09961TCV4?tag=eloabder-20&linkCode=osi&th=1&psc=1">View Product</a></div><div class="product"><a href="https://www.amazon.com/dp/B09P88YNZZ?tag=eloabder-20&linkCode=osi&th=1&psc=1"><img src="https://m.media-amazon.com/images/I/31gv5dz1KML._SL500_.jpg" alt="Product Image"></a><p>Ice Roller for Face and Eye, Ice Face Roller,Facial Beauty Ice Roller Skin Care Tools, Ice Facial Cube, Gua Sha Face Massage, Silicone Ice Mold for Face Beauty (Pink)</p><p>$5.99 ($1.20 / Ounce)</p><a href="https://www.amazon.com/dp/B09P88YNZZ?tag=eloabder-20&linkCode=osi&th=1&psc=1">View Product</a></div><div class="product"><a href="https://www.amazon.com/dp/B09V5TRZTS?tag=eloabder-20&linkCode=osi&th=1&psc=1"><img src="https://m.media-amazon.com/images/I/31NWpXealIL._SL500_.jpg" alt="Product Image"></a><p>ROSELYNBOUTIQUE Ice Roller for Face Wrinkles Fine Lines Puffiness Stick Massager Facial Skin Care Tools Self Care Gifts for Men Women (Green)</p><p>$6.39</p><a href="https://www.amazon.com/dp/B09V5TRZTS?tag=eloabder-20&linkCode=osi&th=1&psc=1">View Product</a></div><div class="product"><a href="https://www.amazon.com/dp/B0BR7YG7QH?tag=eloabder-20&linkCode=osi&th=1&psc=1"><img src="https://m.media-amazon.com/images/I/41gFogNe+dL._SL500_.jpg" alt="Product Image"></a><p>8 Pieces Triangle Powder Puff Face Soft Triangle Makeup Puff Velour Cosmetic Foundation Blender Sponge Beauty Makeup Tools</p><p>$3.99 ($0.50 / Count)</p><a href="https://www.amazon.com/dp/B0BR7YG7QH?tag=eloabder-20&linkCode=osi&th=1&psc=1">View Product</a></div><div class="product"><a href="https://www.amazon.com/dp/B09XJYZDVG?tag=eloabder-20&linkCode=osi&th=1&psc=1"><img src="https://m.media-amazon.com/images/I/41jMEmTiSQL._SL500_.jpg" alt="Product Image"></a><p>Aaiffey Eyeliner Applicator Kit, Eyeliner Tool with Eyeliner Cream Black Eyeliner Gel Reusable Silicone Eye Liner Applicator Waterproof Eyeliner Easy No-Skip (eyeliner tool +black eyeliner creams)</p><p>$9.98</p><a href="https://www.amazon.com/dp/B09XJYZDVG?tag=eloabder-20&linkCode=osi&th=1&psc=1">View Product</a></div>
<div class="product"><a href="https://www.amazon.com/dp/B075S543DR?tag=eloabder-20&linkCode=osi&th=1&psc=1"><img src="https://m.media-amazon.com/images/I/418N6a3fvaL._SL500_.jpg" alt="Product Image"></a><p>EcoTools Start The Day Beautifully 6 Piece Makeup Brush Set, Makeup Brushes For Eyeshadow, Blush, Concealer, & Foundation Application, Eco-Friendly, Gift Set, Synthetic Hair, Vegan & Cruelty-Free</p><p>$9.98</p><a href="https://www.amazon.com/dp/B075S543DR?tag=eloabder-20&linkCode=osi&th=1&psc=1">View Product</a></div><div class="product"><a href="https://www.amazon.com/dp/B07FTXBNVL?tag=eloabder-20&linkCode=osi&th=1&psc=1"><img src="https://m.media-amazon.com/images/I/41O4pc78hYL._SL500_.jpg" alt="Product Image"></a><p>Real Techniques 5 Piece Everyday Essentials Makeup Brush Set, Includes 4 Brushes & Makeup Sponge, For Foundation, Blush, Bronzer, Contour, Eyeshadow, & Powder, Travel Gift Set, Cruelty-Free & Vegan</p><p>$13.99</p><a href="https://www.amazon.com/dp/B07FTXBNVL?tag=eloabder-20&linkCode=osi&th=1&psc=1">View Product</a></div>
<div class="product"><a href="https://www.amazon.com/dp/B00WZQTCS8?tag=eloabder-20&linkCode=osi&th=1&psc=1"><img src="https://m.media-amazon.com/images/I/41iVoW5QboL._SL500_.jpg" alt="Product Image"></a><p>NYX PROFESSIONAL MAKEUP Micro Brow Pencil, Eyebrow Pencil - Espresso</p><p>$7.50</p><a href="https://www.amazon.com/dp/B00WZQTCS8?tag=eloabder-20&linkCode=osi&th=1&psc=1">View Product</a></div><div class="product"><a href="https://www.amazon.com/dp/B01643FI0I?tag=eloabder-20&linkCode=osi&th=1&psc=1"><img src="https://m.media-amazon.com/images/I/21w1DpgxRoL._SL500_.jpg" alt="Product Image"></a><p>L'Oreal Paris Makeup Brow Stylist Definer Waterproof Eyebrow Pencil, Ultra-Fine Mechanical Pencil, Draws Tiny Brow Hairs and Fills in Sparse Areas and Gaps, Dark Brunette, 0.003 Ounce (Pack of 1)</p><p>$8.98</p><a href="https://www.amazon.com/dp/B01643FI0I?tag=eloabder-20&linkCode=osi&th=1&psc=1">View Product</a></div><div class="product"><a href="https://www.amazon.com/dp/B0B52KG7YP?tag=eloabder-20&linkCode=osi&th=1&psc=1"><img src="https://m.media-amazon.com/images/I/31Mi4FEPxYL._SL500_.jpg" alt="Product Image"></a><p>e.l.f. Instant Lift Brow Pencil, Dual-Ended Precision Brow Pencils For Shaping & Defining Eyebrows, Vegan & Cruelty-Free, Neutral Brown, 2-Pack</p><p>$5.00</p><a href="https://www.amazon.com/dp/B0B52KG7YP?tag=eloabder-20&linkCode=osi&th=1&psc=1">View Product</a></div><div class="product"><a href="https://www.amazon.com/dp/B078KB7L4G?tag=eloabder-20&linkCode=osi&th=1&psc=1"><img src="https://m.media-amazon.com/images/I/31QF5SK3tzL._SL500_.jpg" alt="Product Image"></a><p>wet n wild Ultimate Eyebrow Retractable Definer Pencil, Medium Brown, Dual-Sided Brow Brush, Fine Tip, Shapes, Defines, Fills Brow Makeup</p><p>$2.74</p><a href="https://www.amazon.com/dp/B078KB7L4G?tag=eloabder-20&linkCode=osi&th=1&psc=1">View Product</a></div><div class="product"><a href="https://www.amazon.com/dp/B074VD4X7W?tag=eloabder-20&linkCode=osi&th=1&psc=1"><img src="https://m.media-amazon.com/images/I/41eK8J1W2rL._SL500_.jpg" alt="Product Image"></a><p>Maybelline Total Temptation Eyebrow Definer Pencil, Soft Brown, 1 Count</p><p>$8.99</p><a href="https://www.amazon.com/dp/B074VD4X7W?tag=eloabder-20&linkCode=osi&th=1&psc=1">View Product</a></div><div class="product"><a href="https://www.amazon.com/dp/B001ESKLZQ?tag=eloabder-20&linkCode=osi&th=1&psc=1"><img src="https://m.media-amazon.com/images/I/31bw47frHzS._SL500_.jpg" alt="Product Image"></a><p>COVERGIRL - Easy Breezy Brow Fill + Define Brow Pencil, Sharpener Included, Long-Lasting, Deeply Pigmented, Blendable Formula, 100% Cruelty-Free</p><p>$4.47</p><a href="https://www.amazon.com/dp/B001ESKLZQ?tag=eloabder-20&linkCode=osi&th=1&psc=1">View Product</a></div><div class="product"><a href="https://www.amazon.com/dp/B0D12PWNK6?tag=eloabder-20&linkCode=osi&th=1&psc=1"><img src="https://m.media-amazon.com/images/I/51u7eOlEtFL._SL500_.jpg" alt="Product Image"></a><p>iMethod Microblading Eyebrow Pen - Eyebrow Pencil Magical 2-in-1 Dual-Ended Eye Brow Pencils for Women with 4-Fork-Tip & Precise Brush-Tip Create Natural Hair-Like Brows, Last All-Day, Dark Brown</p><p>$14.97 ($14.97 / Count)</p><a href="https://www.amazon.com/dp/B0D12PWNK6?tag=eloabder-20&linkCode=osi&th=1&psc=1">View Product</a></div><div class="product"><a href="https://www.amazon.com/dp/B0CPFY8K8W?tag=eloabder-20&linkCode=osi&th=1&psc=1"><img src="https://m.media-amazon.com/images/I/21SmXiqZZYL._SL500_.jpg" alt="Product Image"></a><p>e.l.f. Instant Lift Waterproof Brow Pencil, Long-Lasting Eyebrow Pencil For Grooming & Shaping Brows, Vegan & Cruelty-free, Deep Brown</p><p>$4.00</p><a href="https://www.amazon.com/dp/B0CPFY8K8W?tag=eloabder-20&linkCode=osi&th=1&psc=1">View Product</a></div>
<div class="product"><a href="https://www.amazon.com/dp/B079B8BFR3?tag=eloabder-20&linkCode=osi&th=1&psc=1"><img src="https://m.media-amazon.com/images/I/41DSmndr3KL._SL500_.jpg" alt="Product Image"></a><p>KISS Looks So Natural, False Eyelashes, Shy', 12 mm, Includes 5 Pairs Of Lashes, Contact Lens Friendly, Easy to Apply, Reusable Strip Lashes, Glue On</p><p>$7.09</p><a href="https://www.amazon.com/dp/B079B8BFR3?tag=eloabder-20&linkCode=osi&th=1&psc=1">View Product</a></div><div class="product"><a href="https://www.amazon.com/dp/B09MQCDVM7?tag=eloabder-20&linkCode=osi&th=1&psc=1"><img src="https://m.media-amazon.com/images/I/510lQqrrVtL._SL500_.jpg" alt="Product Image"></a><p>False Eyelashes 14mm Faux 3D Mink Lashes Natural Look Fluffy Cat Eye Wispy Lashes Pack by Kiromiro, 14 Pairs</p><p>$8.89</p><a href="https://www.amazon.com/dp/B09MQCDVM7?tag=eloabder-20&linkCode=osi&th=1&psc=1">View Product</a></div><div class="product"><a href="https://www.amazon.com/dp/B00DS4EIEE?tag=eloabder-20&linkCode=osi&th=1&psc=1"><img src="https://m.media-amazon.com/images/I/415k4JSKxOL._SL500_.jpg" alt="Product Image"></a><p>KISS So Wispy, False Eyelashes, Style #11', 12 mm, Includes 5 Pairs Of Lashes, Contact Lens Friendly, Easy to Apply, Reusable Strip Lashes, Glue On, Mulitpack</p><p>$8.97 ($1.79 / Count)</p><a href="https://www.amazon.com/dp/B00DS4EIEE?tag=eloabder-20&linkCode=osi&th=1&psc=1">View Product</a></div><div class="product"><a href="https://www.amazon.com/dp/B0C5QK1QHP?tag=eloabder-20&linkCode=osi&th=1&psc=1"><img src="https://m.media-amazon.com/images/I/51eSQ4cj35L._SL500_.jpg" alt="Product Image"></a><p>Veleasha Lashes 5D Faux Mink Lashes 100% Handmade Luxurious Fake Eyelashes Lightweight Fluffy False Eyelashes 5 Pairs Pack (G2)</p><p>$6.98 ($1.40 / Count)</p><a href="https://www.amazon.com/dp/B0C5QK1QHP?tag=eloabder-20&linkCode=osi&th=1&psc=1">View Product</a></div><div class="product"><a href="https://www.amazon.com/dp/B0B1LRRTCH?tag=eloabder-20&linkCode=osi&th=1&psc=1"><img src="https://m.media-amazon.com/images/I/41gc2Df+nAL._SL500_.jpg" alt="Product Image"></a><p>GMAGICTOBO False Eyelashes Natural Half Lashes Short Wispy Clear Band Lashes Pack Cat Eye 3D Faux Mink Lashes Fake Eyelashes 7 Pairs Multipack</p><p>$8.59 ($1.23 / Count)</p><a href="https://www.amazon.com/dp/B0B1LRRTCH?tag=eloabder-20&linkCode=osi&th=1&psc=1">View Product</a></div><div class="product"><a href="https://www.amazon.com/dp/B08R6PR7ND?tag=eloabder-20&linkCode=osi&th=1&psc=1"><img src="https://m.media-amazon.com/images/I/41r4c3ZiCWL._SL500_.jpg" alt="Product Image"></a><p>KISS My Lash But Better, False Eyelashes, All Mine', 10 mm, Includes 1 Pair Of Lashes, Contact Lens Friendly, Easy to Apply, Reusable Strip Lashes, Glue-On</p><p>$3.97</p><a href="https://www.amazon.com/dp/B08R6PR7ND?tag=eloabder-20&linkCode=osi&th=1&psc=1">View Product</a></div><div class="product"><a href="https://www.amazon.com/dp/B0BX3YHN14?tag=eloabder-20&linkCode=osi&th=1&psc=1"><img src="https://m.media-amazon.com/images/I/51YYa1vTElL._SL500_.jpg" alt="Product Image"></a><p>KISS imPRESS Falsies False Eyelashes, Lash Clusters, Voluminous', 14 mm, Includes 20 Clusters, 1 applicator, Contact Lens Friendly, Easy to Apply, Reusable Strip Lashes</p><p>$12.72</p><a href="https://www.amazon.com/dp/B0BX3YHN14?tag=eloabder-20&linkCode=osi&th=1&psc=1">View Product</a></div><div class="product"><a href="https://www.amazon.com/dp/B00YYHHI1E?tag=eloabder-20&linkCode=osi&th=1&psc=1"><img src="https://m.media-amazon.com/images/I/419bv9iNI9L._SL500_.jpg" alt="Product Image"></a><p>Ardell False Eyelashes Demi Wispies Black, 1 pack (6 pairs per pack)</p><p>$9.74 ($1.95 / Count)</p><a href="https://www.amazon.com/dp/B00YYHHI1E?tag=eloabder-20&linkCode=osi&th=1&psc=1">View Product</a></div><div class="product"><a href="https://www.amazon.com/dp/B0CG5SY8J1?tag=eloabder-20&linkCode=osi&th=1&psc=1"><img src="https://m.media-amazon.com/images/I/41SWlZB3plL._SL500_.jpg" alt="Product Image"></a><p>Natural Lashes Natural Eyelashes Short Eyelashes Natural Look False Eyelashes Wispy Eye Lashes 10mm Small Lashes Fake Lashes K50</p><p>$7.93 ($1.13 / Count)</p><a href="https://www.amazon.com/dp/B0CG5SY8J1?tag=eloabder-20&linkCode=osi&th=1&psc=1">View Product</a></div><div class="product"><a href="https://www.amazon.com/dp/B08SPVMDTV?tag=eloabder-20&linkCode=osi&th=1&psc=1"><img src="https://m.media-amazon.com/images/I/41Q6wh0HacL._SL500_.jpg" alt="Product Image"></a><p>KISS Falscara Multipack False Eyelashes, Lash Clusters, Natural Wispy Wisps', 10mm-12mm-14mm, Includes 24 Assorted Lengths Wisps, Contact Lens Friendly, Easy to Apply, Reusable Strip Lashes</p><p>$6.47 ($0.27 / Count)</p><a href="https://www.amazon.com/dp/B08SPVMDTV?tag=eloabder-20&linkCode=osi&th=1&psc=1">View Product</a></div>
<div class="product"><a href="https://www.amazon.com/dp/B08ZYKFNLK?tag=eloabder-20&linkCode=osi&th=1&psc=1"><img src="https://m.media-amazon.com/images/I/41LSyt4W-HL._SL500_.jpg" alt="Product Image"></a><p>Makeup Sponge Set BS-MALL Blender Sponges 7 Pcs for Liquid, Cream, and Powder, Multi-colored with 1 Mini Makeup Sponge Pink (A-Pink）</p><p>$6.99 ($1.00 / Count)</p><a href="https://www.amazon.com/dp/B08ZYKFNLK?tag=eloabder-20&linkCode=osi&th=1&psc=1">View Product</a></div><div class="product"><a href="https://www.amazon.com/dp/B01F36JEXE?tag=eloabder-20&linkCode=osi&th=1&psc=1"><img src="https://m.media-amazon.com/images/I/41AHaVc97tL._SL500_.jpg" alt="Product Image"></a><p>BEAKEY Makeup Sponge 5 Pcs Set, Makeup Sponges for Foundation, Liquid, Cream and Powder. Latex-Free Boun Boun Beauty Sponge for Blending, Blender for Enhanced Make Up Application, Ideal Gift</p><p>$6.99 ($1.40 / Count)</p><a href="https://www.amazon.com/dp/B01F36JEXE?tag=eloabder-20&linkCode=osi&th=1&psc=1">View Product</a></div><div class="product"><a href="https://www.amazon.com/dp/B07VBNQ367?tag=eloabder-20&linkCode=osi&th=1&psc=1"><img src="https://m.media-amazon.com/images/I/41tK1+FK+ML._SL500_.jpg" alt="Product Image"></a><p>Beautyblender® | Original Pink Beauty Blender Makeup Sponge, Super-Soft Foam Easily Blends Foundations, Powders & Creams, Made in USA, Reusable, Washable, Streak Free Application, Vegan, Cruelty Free</p><p>$20.00</p><a href="https://www.amazon.com/dp/B07VBNQ367?tag=eloabder-20&linkCode=osi&th=1&psc=1">View Product</a></div><div class="product"><a href="https://www.amazon.com/dp/B013XJUWC0?tag=eloabder-20&linkCode=osi&th=1&psc=1"><img src="https://m.media-amazon.com/images/I/519iY4n1lHL._SL500_.jpg" alt="Product Image"></a><p>Aesthetica Cosmetics Beauty Sponge Blender - Latex Free and Vegan Makeup Sponge Blender - For Powder, Cream or Liquid Application - One Piece Make Up Sponge</p><p>$3.97</p><a href="https://www.amazon.com/dp/B013XJUWC0?tag=eloabder-20&linkCode=osi&th=1&psc=1">View Product</a></div><div class="product"><a href="https://www.amazon.com/dp/B08T79281H?tag=eloabder-20&linkCode=osi&th=1&psc=1"><img src="https://m.media-amazon.com/images/I/41OyxvePdBL._SL500_.jpg" alt="Product Image"></a><p>DUAIU 4 Pcs Makeup Sponge Set Beauty Sponge Foundation Blending Sponge, Flawless for Liquid, Cream, and Powder, Multi-colored Makeup Sponges with Storage Box</p><p>$4.99 ($1.25 / Count)</p><a href="https://www.amazon.com/dp/B08T79281H?tag=eloabder-20&linkCode=osi&th=1&psc=1">View Product</a></div><div class="product"><a href="https://www.amazon.com/dp/B00EUBPHR6?tag=eloabder-20&linkCode=osi&th=1&psc=1"><img src="https://m.media-amazon.com/images/I/31BZh7Bg7hL._SL500_.jpg" alt="Product Image"></a><p>Real Techniques Miracle Complexion Sponge, Makeup Blending Sponge, For Liquid & Cream Foundation, Offers Light To Medium Coverage, Natural, Dewy Makeup, Orange Sponge, Latex-Free Foam, 1 Count</p><p>$4.57</p><a href="https://www.amazon.com/dp/B00EUBPHR6?tag=eloabder-20&linkCode=osi&th=1&psc=1">View Product</a></div><div class="product"><a href="https://www.amazon.com/dp/B0CL2FKVH2?tag=eloabder-20&linkCode=osi&th=1&psc=1"><img src="https://m.media-amazon.com/images/I/41u81y8DJoL._SL500_.jpg" alt="Product Image"></a><p>14 Pcs Makeup Sponge Set,Beauty Sponges Blender with 4 Pcs Powder Puff and 4 Pcs Mini Make up Sponges Valentine's Day Gift,Mother's Day Gift for Women Liquid,Foundation,Powder,Concealer,Cream(Pink)</p><p>$8.99 ($0.64 / Count)</p><a href="https://www.amazon.com/dp/B0CL2FKVH2?tag=eloabder-20&linkCode=osi&th=1&psc=1">View Product</a></div><div class="product"><a href="https://www.amazon.com/dp/B0CTX1X4F1?tag=eloabder-20&linkCode=osi&th=1&psc=1"><img src="https://m.media-amazon.com/images/I/31dP1yTUmWL._SL500_.jpg" alt="Product Image"></a><p>GFOUNS 15 pcs Beauty blender Makeup Sponge Bulk:Blender Sponges 15 Pcs for Liquid, Cream, and Powder, Multi-colored Pink make up sponges for foundation</p><p>$5.99</p><a href="https://www.amazon.com/dp/B0CTX1X4F1?tag=eloabder-20&linkCode=osi&th=1&psc=1">View Product</a></div>
<div class="product"><a href="https://www.amazon.com/dp/B010CRFSTI?tag=eloabder-20&linkCode=osi&th=1&psc=1"><img src="https://m.media-amazon.com/images/I/41JQ+znx4gL._SL500_.jpg" alt="Product Image"></a><p>Conair Salon Results Hairbrush Set - Travel Hair Brush - Hairbrushes for All Hair Types - Travel size + Full-size Brush</p><p>$5.88 ($2.94 / Count)</p><a href="https://www.amazon.com/dp/B010CRFSTI?tag=eloabder-20&linkCode=osi&th=1&psc=1">View Product</a></div><div class="product"><a href="https://www.amazon.com/dp/B094DK6JNF?tag=eloabder-20&linkCode=osi&th=1&psc=1"><img src="https://m.media-amazon.com/images/I/31dF+T3k3nL._SL500_.jpg" alt="Product Image"></a><p>Wet Brush Original Detangler Hair Brush, Amazon Exclusive Aqua- Ultra-Soft IntelliFlex Bristles-Detangling Hairbrush Glides Through Tangles For All Hair Types (Wet Dry & Damaged Hair) - Women & Men</p><p>$8.99</p><a href="https://www.amazon.com/dp/B094DK6JNF?tag=eloabder-20&linkCode=osi&th=1&psc=1">View Product</a></div>

<div class="product"><a href="https://www.amazon.com/dp/B07KSQZ4MR?tag=eloabder-20&linkCode=osi&th=1&psc=1"><img src="https://m.media-amazon.com/images/I/31A-mCllrgL._SL500_.jpg" alt="Product Image"></a><p>Hot Tools Pro Artist Black Gold Evolve Ionic Salon Hair Flat Iron | Long-Lasting Finish for Straightening Hair, (1-1/4 in), HT7123BG</p><p>$61.50</p><a href="https://www.amazon.com/dp/B07KSQZ4MR?tag=eloabder-20&linkCode=osi&th=1&psc=1">View Product</a></div>
<div class="product"><a href="https://www.amazon.com/dp/B0027SU9JU?tag=eloabder-20&linkCode=osi&th=1&psc=1"><img src="https://m.media-amazon.com/images/I/31rfzenB9mL._SL500_.jpg" alt="Product Image"></a><p>REVLON Turbo Hair Dryer with Advanced Ionic Technology, Ceramic Coating | Turbo Heat and Cold Shot Features, 1875 Watts for Fast Drying and Shine (Silver)</p><p>$19.99</p><a href="https://www.amazon.com/dp/B0027SU9JU?tag=eloabder-20&linkCode=osi&th=1&psc=1">View Product</a></div>

<div class="product"><a href="https://www.amazon.com/dp/B07PBXXNCY?tag=eloabder-20&linkCode=osi&th=1&psc=1"><img src="https://m.media-amazon.com/images/I/31OVxUr+bUL._SL500_.jpg" alt="Product Image"></a><p>Clean Skin Club Clean Towels XL™, 100% USDA Biobased Face Towel, Disposable Face Towelette, Makeup Remover Dry Wipes, Ultra Soft, 50 Ct, 1 Pack</p><p>$17.95 ($0.36 / Count)</p><a href="https://www.amazon.com/dp/B07PBXXNCY?tag=eloabder-20&linkCode=osi&th=1&psc=1">View Product</a></div><div class="product"><a href="https://www.amazon.com/dp/B01LEJ5MSK?tag=eloabder-20&linkCode=osi&th=1&psc=1"><img src="https://m.media-amazon.com/images/I/418xEMrk6LL._SL500_.jpg" alt="Product Image"></a><p>COSRX Snail Mucin 92% Repair Cream, Daily Face Gel Moisturizer for Dry Skin, Acne-prone, Sensitive Skin, Not Tested on Animals, No Parabens, Korean Skincare (3.52 Fl Oz (Pack of 1))</p><p>$13.99 ($3.97 / Fl Oz)</p><a href="https://www.amazon.com/dp/B01LEJ5MSK?tag=eloabder-20&linkCode=osi&th=1&psc=1">View Product</a></div>
<div class="product"><a href="https://www.amazon.com/dp/B076FHJ3K5?tag=eloabder-20&linkCode=osi&th=1&psc=1"><img src="https://m.media-amazon.com/images/I/31QAqxeYpoL._SL500_.jpg" alt="Product Image"></a><p>Marc Anthony Leave-In Conditioner Spray & Detangler, Grow Long Biotin - Anti-Frizz Deep Conditioner For Split Ends & Breakage - Vitamin E, Caffeine & Ginseng for Curly, Dry & Damaged Hair</p><p>$7.67 ($0.91 / Fl Oz)</p><a href="https://www.amazon.com/dp/B076FHJ3K5?tag=eloabder-20&linkCode=osi&th=1&psc=1">View Product</a></div><div class="product"><a href="https://www.amazon.com/dp/B0B941W753?tag=eloabder-20&linkCode=osi&th=1&psc=1"><img src="https://m.media-amazon.com/images/I/3154MYZlHiL._SL500_.jpg" alt="Product Image"></a><p>MONDAY HAIRCARE Volume Shampoo + Conditioner Set (2 Pack) 12oz Each for Thin, Fine, and Oily Hair, Made from Coconut Oil, Ginger Extract, & Vitamin E, 100% Recyclable Bottles</p><p>$13.99 ($0.58 / Fl Oz)</p><a href="https://www.amazon.com/dp/B0B941W753?tag=eloabder-20&linkCode=osi&th=1&psc=1">View Product</a></div><div class="product"><a href="https://www.amazon.com/dp/B0CS29PK2J?tag=eloabder-20&linkCode=osi&th=1&psc=1"><img src="https://m.media-amazon.com/images/I/315FU9SHGsL._SL500_.jpg" alt="Product Image"></a><p>Monday Moisture Leave-in Conditioner 5 Oz</p><p>$5.41 ($1.08 / Fl Oz)</p><a href="https://www.amazon.com/dp/B0CS29PK2J?tag=eloabder-20&linkCode=osi&th=1&psc=1">View Product</a></div><div class="product"><a href="https://www.amazon.com/dp/B0B941XTDZ?tag=eloabder-20&linkCode=osi&th=1&psc=1"><img src="https://m.media-amazon.com/images/I/41eavjiNYyL._SL500_.jpg" alt="Product Image"></a><p>MONDAY HAIRCARE Moisture Shampoo + Conditioner Set for Dry, Coarse, Stressed, Coily & Curly Hair, Made from Coconut Oil, Rice Protein, Shea Butter, & Vitamin E, All-Natural, 12 Fl Oz (Pack of 2)</p><p>$13.99 ($0.58 / Fl Oz)</p><a href="https://www.amazon.com/dp/B0B941XTDZ?tag=eloabder-20&linkCode=osi&th=1&psc=1">View Product</a></div><div class="product"><a href="https://www.amazon.com/dp/B07N7PK9QK?tag=eloabder-20&linkCode=osi&th=1&psc=1"><img src="https://m.media-amazon.com/images/I/416K3ahcJsL._SL500_.jpg" alt="Product Image"></a><p>Mielle Organics Rosemary Mint Scalp & Hair Strengthening Oil for All Hair Types, 2 Ounce</p><p>$9.50 ($4.75 / Fl Oz)</p><a href="https://www.amazon.com/dp/B07N7PK9QK?tag=eloabder-20&linkCode=osi&th=1&psc=1">View Product</a></div><div class="product"><a href="https://www.amazon.com/dp/B005PV0FDG?tag=eloabder-20&linkCode=osi&th=1&psc=1"><img src="https://m.media-amazon.com/images/I/310l+q4ImxL._SL500_.jpg" alt="Product Image"></a><p>It's a 10 Haircare Miracle Leave-In product, 10 fl. oz.</p><p>$27.98 ($2.80 / Fl Oz)</p><a href="https://www.amazon.com/dp/B005PV0FDG?tag=eloabder-20&linkCode=osi&th=1&psc=1">View Product</a></div><div class="product"><a href="https://www.amazon.com/dp/B0C3K3XX95?tag=eloabder-20&linkCode=osi&th=1&psc=1"><img src="https://m.media-amazon.com/images/I/41+CLmIGVIL._SL500_.jpg" alt="Product Image"></a><p>MONDAY HAIRCARE Repair Shampoo and Conditioner Set 12oz for Dry to Damaged Hair, Made with Keratin, Coconut Oil, Shea Butter and Vitamin E</p><p>$13.99 ($0.58 / Fl Oz)</p><a href="https://www.amazon.com/dp/B0C3K3XX95?tag=eloabder-20&linkCode=osi&th=1&psc=1">View Product</a></div>
<div class="product"><a href="https://www.amazon.com/dp/B09F5L7756?tag=eloabder-20&linkCode=osi&th=1&psc=1"><img src="https://m.media-amazon.com/images/I/61qJVRNSjFL._SL500_.jpg" alt="Product Image"></a><p>Vaseline Intensive Care Cocoa Radiant For Glowing Skin 3 Count Body Gel Oil Body Oil Made with 100% Pure Cocoa Butter + Replenishing Oils 6.8oz</p><p>$19.44 ($0.95 / Fl Oz)</p><a href="https://www.amazon.com/dp/B09F5L7756?tag=eloabder-20&linkCode=osi&th=1&psc=1">View Product</a></div><div class="product"><a href="https://www.amazon.com/dp/B08T4FLJQZ?tag=eloabder-20&linkCode=osi&th=1&psc=1"><img src="https://m.media-amazon.com/images/I/317LIpGPZiL._SL500_.jpg" alt="Product Image"></a><p>Dove Scrub Brown Sugar & Coconut Butter For Silky Smooth Skin Body Scrub Exfoliates & Restores Skin's Natural Nutrients 10.5 oz</p><p>$6.97 ($0.66 / Ounce)</p><a href="https://www.amazon.com/dp/B08T4FLJQZ?tag=eloabder-20&linkCode=osi&th=1&psc=1">View Product</a></div><div class="product"><a href="https://www.amazon.com/dp/B0CNKZW8HL?tag=eloabder-20&linkCode=osi&th=1&psc=1"><img src="https://m.media-amazon.com/images/I/61vGHE3wEWL._SL500_.jpg" alt="Product Image"></a><p>Dove Men+Care Body Wash Sandalwood + Cardamom Oil to Rebuild Skin in the Shower with Plant-Based Cleansers and Moisturizers 26 oz</p><p>$9.97 ($0.38 / Fl Oz)</p><a href="https://www.amazon.com/dp/B0CNKZW8HL?tag=eloabder-20&linkCode=osi&th=1&psc=1">View Product</a></div><div class="product"><a href="https://www.amazon.com/dp/B089NCFBQZ?tag=eloabder-20&linkCode=osi&th=1&psc=1"><img src="https://m.media-amazon.com/images/I/41WGBM4YipL._SL500_.jpg" alt="Product Image"></a><p>Vaseline Illuminate Me Shimmering Body Oil Created for Melanin Rich Skin, Illuminates Skin with Finishing Touch of Shimmer for Glowing Skin 3.3 oz</p><p>$8.75 ($2.65 / Fl Oz)</p><a href="https://www.amazon.com/dp/B089NCFBQZ?tag=eloabder-20&linkCode=osi&th=1&psc=1">View Product</a></div><div class="product"><a href="https://www.amazon.com/dp/B0CNL19TQG?tag=eloabder-20&linkCode=osi&th=1&psc=1"><img src="https://m.media-amazon.com/images/I/61kqkkFXOkL._SL500_.jpg" alt="Product Image"></a><p>Dove Men+Care Body Wash Eucalyptus + Cedar Oil to Rebuild Skin in the Shower with Plant-Based Cleansers and Moisturizers 26 oz</p><p>$9.99 ($0.38 / Fl Oz)</p><a href="https://www.amazon.com/dp/B0CNL19TQG?tag=eloabder-20&linkCode=osi&th=1&psc=1">View Product</a></div><div class="product"><a href="https://www.amazon.com/dp/B07HMDGJCJ?tag=eloabder-20&linkCode=osi&th=1&psc=1"><img src="https://m.media-amazon.com/images/I/31TuC5EJeNL._SL500_.jpg" alt="Product Image"></a><p>SOL DE JANEIRO 4 Play Moisturizing Shower Cream Gel Body Wash 90mL</p><p>$10.00 ($3.33 / Fl Oz)</p><a href="https://www.amazon.com/dp/B07HMDGJCJ?tag=eloabder-20&linkCode=osi&th=1&psc=1">View Product</a></div>
<div class="product"><a href="https://www.amazon.com/dp/B00HVI8WYU?tag=eloabder-20&linkCode=osi&th=1&psc=1"><img src="https://m.media-amazon.com/images/I/31educzzSsL._SL500_.jpg" alt="Product Image"></a><p>e.l.f. Hydrating Face Primer, Makeup Primer For Flawless, Smooth Skin & Long-Lasting Makeup, Fills In Pores & Fine Lines, Vegan & Cruelty-free, Small</p><p>$8.00</p><a href="https://www.amazon.com/dp/B00HVI8WYU?tag=eloabder-20&linkCode=osi&th=1&psc=1">View Product</a></div><div class="product"><a href="https://www.amazon.com/dp/B088W7L534?tag=eloabder-20&linkCode=osi&th=1&psc=1"><img src="https://m.media-amazon.com/images/I/31A5rZUAKyL._SL500_.jpg" alt="Product Image"></a><p>e.l.f. Monochromatic Multi Stick, Luxuriously Creamy & Blendable Color, For Eyes, Lips & Cheeks, Dazzling Peony, 0.17 oz (5 g)</p><p>$5.00</p><a href="https://www.amazon.com/dp/B088W7L534?tag=eloabder-20&linkCode=osi&th=1&psc=1">View Product</a></div><div class="product"><a href="https://www.amazon.com/dp/B0CMJZ8G6Y?tag=eloabder-20&linkCode=osi&th=1&psc=1"><img src="https://m.media-amazon.com/images/I/31KdGu0F8vL._SL500_.jpg" alt="Product Image"></a><p>e.l.f. Glow Reviver Lip Oil, Nourishing Tinted Lip Oil For A High-shine Finish, Infused With Jojoba Oil, Vegan & Cruelty-free, Rose Envy</p><p>$8.00</p><a href="https://www.amazon.com/dp/B0CMJZ8G6Y?tag=eloabder-20&linkCode=osi&th=1&psc=1">View Product</a></div><div class="product"><a href="https://www.amazon.com/dp/B08H3JPH74?tag=eloabder-20&linkCode=osi&th=1&psc=1"><img src="https://m.media-amazon.com/images/I/31hf532TEHL._SL500_.jpg" alt="Product Image"></a><p>Maybelline Lash Sensational Sky High Washable Mascara Makeup, Volumizing, Lengthening, Defining, Curling, Multiplying, Buildable Formula, Blackest Black, 1 Count</p><p>$9.98</p><a href="https://www.amazon.com/dp/B08H3JPH74?tag=eloabder-20&linkCode=osi&th=1&psc=1">View Product</a></div>
<div class="product"><a href="https://www.amazon.com/dp/B09C8VNWBP?tag=eloabder-20&linkCode=osi&th=1&psc=1"><img src="https://m.media-amazon.com/images/I/31ObnTRpJ5L._SL500_.jpg" alt="Product Image"></a><p>Lattafa Yara for Women Eau de Parfum Spray, 3.40 Ounce / 100 ml</p><p>$22.77 ($6.70 / Fl Oz)</p><a href="https://www.amazon.com/dp/B09C8VNWBP?tag=eloabder-20&linkCode=osi&th=1&psc=1">View Product</a></div><div class="product"><a href="https://www.amazon.com/dp/B000E7WHCI?tag=eloabder-20&linkCode=osi&th=1&psc=1"><img src="https://m.media-amazon.com/images/I/31V1XkKkWXL._SL500_.jpg" alt="Product Image"></a><p>Vera Wang Eau de Parfum for Women - Delicate, Floral Scent - Notes of Iris, Lillies, & Sandalwood - Feminine & Subtle - 3.4 Fl Oz</p><p>$26.47 ($7.79 / Fl Oz)</p><a href="https://www.amazon.com/dp/B000E7WHCI?tag=eloabder-20&linkCode=osi&th=1&psc=1">View Product</a></div><div class="product"><a href="https://www.amazon.com/dp/B0B1HB719V?tag=eloabder-20&linkCode=osi&th=1&psc=1"><img src="https://m.media-amazon.com/images/I/31R9CfuokSL._SL500_.jpg" alt="Product Image"></a><p>Sol de Janeiro Cheirosa '68 Hair & Body Fragrance Mist 90mL/3.0 fl oz.</p><p>$24.00 ($8.00 / Fl Oz)</p><a href="https://www.amazon.com/dp/B0B1HB719V?tag=eloabder-20&linkCode=osi&th=1&psc=1">View Product</a></div><div class="product"><a href="https://www.amazon.com/dp/B01KYRUBT8?tag=eloabder-20&linkCode=osi&th=1&psc=1"><img src="https://m.media-amazon.com/images/I/41BYbHm20iL._SL500_.jpg" alt="Product Image"></a><p>Al-Rehab Choco Musk Eau de Parfum Spray for Women, 1.7 Ounce</p><p>$7.80 ($4.59 / Fl Oz)</p><a href="https://www.amazon.com/dp/B01KYRUBT8?tag=eloabder-20&linkCode=osi&th=1&psc=1">View Product</a></div><div class="product"><a href="https://www.amazon.com/dp/B07NJJZK3W?tag=eloabder-20&linkCode=osi&th=1&psc=1"><img src="https://m.media-amazon.com/images/I/41YNfQAjjLL._SL500_.jpg" alt="Product Image"></a><p>Swiss Arabian Layali Rouge - Luxury Products From Dubai - Lasting And Addictive Personal Perfume Oil Fragrance - A Seductive, Signature Aroma - The Luxurious Scent Of Arabia - 0.5 Oz</p><p>$23.48 ($46.96 / Fl Oz)</p><a href="https://www.amazon.com/dp/B07NJJZK3W?tag=eloabder-20&linkCode=osi&th=1&psc=1">View Product</a></div><div class="product"><a href="https://www.amazon.com/dp/B000JL7WQK?tag=eloabder-20&linkCode=osi&th=1&psc=1"><img src="https://m.media-amazon.com/images/I/41WJsYdkRbL._SL500_.jpg" alt="Product Image"></a><p>Vera Wang Princess Eau de Toilette Spray for Women, Vanilla, 3.4 Fl Ounce</p><p>$25.49 ($7.50 / Fl Oz)</p><a href="https://www.amazon.com/dp/B000JL7WQK?tag=eloabder-20&linkCode=osi&th=1&psc=1">View Product</a></div><div class="product"><a href="https://www.amazon.com/dp/B000C1Z5AW?tag=eloabder-20&linkCode=osi&th=1&psc=1"><img src="https://m.media-amazon.com/images/I/31pCnWTh3yL._SL500_.jpg" alt="Product Image"></a><p>Pleasures By Estee Lauder For Women. Eau De Parfum Spray 3.4 Ounces</p><p>$35.00 ($10.29 / Fl Oz)</p><a href="https://www.amazon.com/dp/B000C1Z5AW?tag=eloabder-20&linkCode=osi&th=1&psc=1">View Product</a></div><div class="product"><a href="https://www.amazon.com/dp/B000P22TIY?tag=eloabder-20&linkCode=osi&th=1&psc=1"><img src="https://m.media-amazon.com/images/I/31h9AoIGn3L._SL500_.jpg" alt="Product Image"></a><p>Nautica Voyage Eau De Toilette for Men - Fresh, Romantic, Fruity Scent Woody, Aquatic Notes of Apple, Water Lotus, Cedarwood, and Musk Ideal Day Wear 3.3 Fl Oz</p><p>$18.90 ($5.73 / Fl Oz)</p><a href="https://www.amazon.com/dp/B000P22TIY?tag=eloabder-20&linkCode=osi&th=1&psc=1">View Product</a></div><div class="product"><a href="https://www.amazon.com/dp/B00GZP041Y?tag=eloabder-20&linkCode=osi&th=1&psc=1"><img src="https://m.media-amazon.com/images/I/41-2Bb4gj+L._SL500_.jpg" alt="Product Image"></a><p>Versace Bright Crystal Absolu Eau de Perfume Spray, 3.0 Ounce</p><p>$52.67 ($17.56 / Fl Oz)</p><a href="https://www.amazon.com/dp/B00GZP041Y?tag=eloabder-20&linkCode=osi&th=1&psc=1">View Product</a></div>





<div class="product"><a href="https://www.amazon.com/dp/B0B2RM68G2?tag=eloabder-20&linkCode=osi&th=1&psc=1"><img src="https://m.media-amazon.com/images/I/41VafG53fjL._SL500_.jpg" alt="Product Image"></a><p>BIODANCE Bio-Collagen Real Deep Mask, Hydrating Overnight Hydrogel Mask, Pore Minimizing, Elasticity Improvement, 34g x4ea</p><p>$19.00 ($4.75 / Count)</p><a href="https://www.amazon.com/dp/B0B2RM68G2?tag=eloabder-20&linkCode=osi&th=1&psc=1">View Product</a></div><div class="product"><a href="https://www.amazon.com/dp/B00BAM7F8C?tag=eloabder-20&linkCode=osi&th=1&psc=1"><img src="https://m.media-amazon.com/images/I/51jsS9SDHeL._SL500_.jpg" alt="Product Image"></a><p>DERMAL 16 Combo Pack A Collagen Essencce Korean Face Mask - Hydrating & Soothing Facial Mask with Panthenol - Hypoallergenic Self Care Sheet Mask for All Skin Types - Natural Home Spa Treatment Masks</p><p>$11.99</p><a href="https://www.amazon.com/dp/B00BAM7F8C?tag=eloabder-20&linkCode=osi&th=1&psc=1">View Product</a></div><div class="product"><a href="https://www.amazon.com/dp/B07FPJHPX1?tag=eloabder-20&linkCode=osi&th=1&psc=1"><img src="https://m.media-amazon.com/images/I/51uNOnTpxTL._SL500_.jpg" alt="Product Image"></a><p>Celavi Essence Facial Sheet Face Mask Variety Set Classic Authentic Korean Moisturizing Skincare (12-Packs)</p><p>$9.40 ($0.78 / Count)</p><a href="https://www.amazon.com/dp/B07FPJHPX1?tag=eloabder-20&linkCode=osi&th=1&psc=1">View Product</a></div><div class="product"><a href="https://www.amazon.com/dp/B0722LVW3B?tag=eloabder-20&linkCode=osi&th=1&psc=1"><img src="https://m.media-amazon.com/images/I/51Vm0lozSIL._SL500_.jpg" alt="Product Image"></a><p>DERMAL 24 Combo Pack A Collagen Essence Korean Face Mask - Hydrating & Soothing Facial Mask with Panthenol - Hypoallergenic Self Care Sheet Mask for All Skin Types - Natural Home Spa Treatment Mask</p><p>$16.99 ($0.71 / Count)</p><a href="https://www.amazon.com/dp/B0722LVW3B?tag=eloabder-20&linkCode=osi&th=1&psc=1">View Product</a></div><div class="product"><a href="https://www.amazon.com/dp/B0D7LXSSS5?tag=eloabder-20&linkCode=osi&th=1&psc=1"><img src="https://m.media-amazon.com/images/I/41N5HKnGTtL._SL500_.jpg" alt="Product Image"></a><p>SOYUB Collagen Face Mask - Hydrating Overnight Collagen Face Mask Deep Collagen Anti Wrinkle Lifting Mask - Pure Collagen Films for Improve Elasticity Firming And Moisturizing (4pcs/1 Box)</p><p>$13.79 ($3.45 / Count)</p><a href="https://www.amazon.com/dp/B0D7LXSSS5?tag=eloabder-20&linkCode=osi&th=1&psc=1">View Product</a></div><div class="product"><a href="https://www.amazon.com/dp/B007CY2C76?tag=eloabder-20&linkCode=osi&th=1&psc=1"><img src="https://m.media-amazon.com/images/I/31-131ZWvEL._SL500_.jpg" alt="Product Image"></a><p>Freeman Dead Sea Minerals Anti-Stress Clay Facial Mask, Hydrating & Clarifying, Clears Pores, Face Mask With Lavender & Bergamot For Radiant Skin, For All Skin Types, 6 fl. oz./175 mL Tube, 1 Count</p><p>$3.86 ($0.64 / Ounce)</p><a href="https://www.amazon.com/dp/B007CY2C76?tag=eloabder-20&linkCode=osi&th=1&psc=1">View Product</a></div>



<div class="product"><a href="https://www.amazon.com/dp/B0CZXG68J4?tag=eloabder-20&linkCode=osi&th=1&psc=1"><img src="https://m.media-amazon.com/images/I/41Xkis0092L._SL500_.jpg" alt="Product Image"></a><p>CNP Honey Lip Butter (0.5 fl.oz / 15ml) - Propolis Lipcerin™, Hydrating Overnight Manuka Lip Balm & Mask, 12hrs Long-lasting Moisture, Gentle Exfoliation, Hygienic Twist Dispenser, Korean Skin Care</p><p>$17.80 ($35.60 / Fl Oz)</p><a href="https://www.amazon.com/dp/B0CZXG68J4?tag=eloabder-20&linkCode=osi&th=1&psc=1">View Product</a></div><div class="product"><a href="https://www.amazon.com/dp/B08GJH4RZV?tag=eloabder-20&linkCode=osi&th=1&psc=1"><img src="https://m.media-amazon.com/images/I/41PXqEpAI1L._SL500_.jpg" alt="Product Image"></a><p>2PCS Lip Mask Overnight, Honey&Sakura Day and Night Repair Sleeping Lip Balm, Fade Lip Lines Bee Balm, Hydrating &Prevention Dry and Crack Lip Scrubs Exfoliator</p><p>$6.49</p><a href="https://www.amazon.com/dp/B08GJH4RZV?tag=eloabder-20&linkCode=osi&th=1&psc=1">View Product</a></div><div class="product"><a href="https://www.amazon.com/dp/B07XXPHQZK?tag=eloabder-20&linkCode=osi&th=1&psc=1"><img src="https://m.media-amazon.com/images/I/31mJBoxFgQL._SL500_.jpg" alt="Product Image"></a><p>LANEIGE Lip Sleeping Mask Berry: Nourish, Hydrate, Vitamin C, Murumuru & Shea Butter, Antioxidants, Flaky, Dry Lips</p><p>$24.00 ($34.29 / Ounce)</p><a href="https://www.amazon.com/dp/B07XXPHQZK?tag=eloabder-20&linkCode=osi&th=1&psc=1">View Product</a></div><div class="product"><a href="https://www.amazon.com/dp/B07Y91BMSK?tag=eloabder-20&linkCode=osi&th=1&psc=1"><img src="https://m.media-amazon.com/images/I/51P5ul4ewsL._SL500_.jpg" alt="Product Image"></a><p>NIVEA Lip Care, Fruity Tinted Lip Balm Variety Pack, Includes Cherry, Strawberry, Blackberry and Watermelon Scents, 0.17 Oz, Pack of 4</p><p>$9.69</p><a href="https://www.amazon.com/dp/B07Y91BMSK?tag=eloabder-20&linkCode=osi&th=1&psc=1">View Product</a></div><div class="product"><a href="https://www.amazon.com/dp/B082JJ4D98?tag=eloabder-20&linkCode=osi&th=1&psc=1"><img src="https://m.media-amazon.com/images/I/41zIrQdHI5L._SL500_.jpg" alt="Product Image"></a><p>NIVEA Smoothness Lip Care, Lip Balm SPF 15, Mineral Oil Free Lip Moisturizer with Shea Butter, Jojoba Oil and Avocado Oil, 0.17 Oz, Pack of 4</p><p>$8.40</p><a href="https://www.amazon.com/dp/B082JJ4D98?tag=eloabder-20&linkCode=osi&th=1&psc=1">View Product</a></div><div class="product"><a href="https://www.amazon.com/dp/B07MBHRYTJ?tag=eloabder-20&linkCode=osi&th=1&psc=1"><img src="https://m.media-amazon.com/images/I/410u8zP2pDL._SL500_.jpg" alt="Product Image"></a><p>Palmer's Coconut Oil Formula Lip Balm Duo, All-Day Moisturization, Lip Balm Easter Basket Stuffers, Hydrates Dry, Cracked Lips (Pack of 2)</p><p>$3.10 ($1.94 / Ounce)</p><a href="https://www.amazon.com/dp/B07MBHRYTJ?tag=eloabder-20&linkCode=osi&th=1&psc=1">View Product</a></div><div class="product"><a href="https://www.amazon.com/dp/B07YG8YVQW?tag=eloabder-20&linkCode=osi&th=1&psc=1"><img src="https://m.media-amazon.com/images/I/41tKxZOfwPL._SL500_.jpg" alt="Product Image"></a><p>NIVEA Moisture Lip Care, Lip Balm Stick with Shea Butter, Jojoba Oil and Avocado Oil, 0.17 Oz, Pack of 4</p><p>$9.98</p><a href="https://www.amazon.com/dp/B07YG8YVQW?tag=eloabder-20&linkCode=osi&th=1&psc=1">View Product</a></div><div class="product"><a href="https://www.amazon.com/dp/B08C8WMPMR?tag=eloabder-20&linkCode=osi&th=1&psc=1"><img src="https://m.media-amazon.com/images/I/410NuIkftlL._SL500_.jpg" alt="Product Image"></a><p>eos Medicated Lip Balm - The Fixer | Lip Care to Repair and Protect Chapped and Dry Lips | Instant Cooling and Pain Relief with Natural Ingredients | 0.35 oz</p><p>$3.97 ($11.34 / Fl Oz)</p><a href="https://www.amazon.com/dp/B08C8WMPMR?tag=eloabder-20&linkCode=osi&th=1&psc=1">View Product</a></div>

<div class="product"><a href="https://www.amazon.com/dp/B08GSTPT8Y?tag=eloabder-20&linkCode=osi&th=1&psc=1"><img src="https://m.media-amazon.com/images/I/41sX+hKcbML._SL500_.jpg" alt="Product Image"></a><p>AOA Studio Collection makeup Sponge Set Latex Free and High-definition Set of 6 makeup Wonder blender For Powder Cream and Liquid, Super Soft Wonder Beauty Cosmetic</p><p>$9.95 ($1.66 / Count)</p><a href="https://www.amazon.com/dp/B08GSTPT8Y?tag=eloabder-20&linkCode=osi&th=1&psc=1">View Product</a></div><div class="product"><a href="https://www.amazon.com/dp/B0CJFFR574?tag=eloabder-20&linkCode=osi&th=1&psc=1"><img src="https://m.media-amazon.com/images/I/41nkQ05yLcL._SL500_.jpg" alt="Product Image"></a><p>SUNGBOON EDITOR Deep Collagen Overnight Mask 37gx4ea | The real collagen 2,160,000ppb | Facial Hydrogel Masks with low molecular weight collagen for elasticity, firming, and moisturizing</p><p>$19.00 ($4.75 / Count)</p><a href="https://www.amazon.com/dp/B0CJFFR574?tag=eloabder-20&linkCode=osi&th=1&psc=1">View Product</a></div><div class="product"><a href="https://www.amazon.com/dp/B0B45LL4DD?tag=eloabder-20&linkCode=osi&th=1&psc=1"><img src="https://m.media-amazon.com/images/I/31ZNIWikbtL._SL500_.jpg" alt="Product Image"></a><p>Beauty of Joseon Revive Eye Serum with Retinal Niacinamide Correction for Puffy Eye Bags Fine Lines Dark Circles Wrinkles, Korean Skin Care 30ml, 1 fl.oz</p><p>$14.50 ($14.50 / Fl Oz)</p><a href="https://www.amazon.com/dp/B0B45LL4DD?tag=eloabder-20&linkCode=osi&th=1&psc=1">View Product</a></div><div class="product"><a href="https://www.amazon.com/dp/B0C4H1GPG1?tag=eloabder-20&linkCode=osi&th=1&psc=1"><img src="https://m.media-amazon.com/images/I/41jyzyKyY2L._SL500_.jpg" alt="Product Image"></a><p>BEAKEY Latex Free Blender Makeup Sponge for Blending, Pink Makeup Sponge Set, Soft Beauty Sponge, for Flawless Application of Liquid, Cream, and Powder Cosmetics, Pink Makeup Gifts</p><p>$6.99 ($1.40 / Count)</p><a href="https://www.amazon.com/dp/B0C4H1GPG1?tag=eloabder-20&linkCode=osi&th=1&psc=1">View Product</a></div><div class="product"><a href="https://www.amazon.com/dp/B00QPNVC0I?tag=eloabder-20&linkCode=osi&th=1&psc=1"><img src="https://m.media-amazon.com/images/I/31wV3gYUEpL._SL500_.jpg" alt="Product Image"></a><p>Real Techniques Miracle Complexion Sponge Set Duo, 2 Makeup Sponges For Liquid & Cream Makeup, Makeup Blender Sponge For Buildable Coverage, Foundation Sponge For Natural, Dewy Base, Latex-Free Foam</p><p>$7.69 ($3.84 / Count)</p><a href="https://www.amazon.com/dp/B00QPNVC0I?tag=eloabder-20&linkCode=osi&th=1&psc=1">View Product</a></div><div class="product"><a href="https://www.amazon.com/dp/B0CZYJYX4Q?tag=eloabder-20&linkCode=osi&th=1&psc=1"><img src="https://m.media-amazon.com/images/I/31hNatkE-9L._SL500_.jpg" alt="Product Image"></a><p>LANEIGE Lip Glowy Balm Mango: Hydrate, Glossy, Lightweight, Moisturize & Tint with Shea Butter</p><p>$19.00 ($54.29 / Ounce)</p><a href="https://www.amazon.com/dp/B0CZYJYX4Q?tag=eloabder-20&linkCode=osi&th=1&psc=1">View Product</a></div><div class="product"><a href="https://www.amazon.com/dp/B0CXQR14J3?tag=eloabder-20&linkCode=osi&th=1&psc=1"><img src="https://m.media-amazon.com/images/I/31RRaB6c+JL._SL500_.jpg" alt="Product Image"></a><p>e.l.f. Power Grip Dewy Setting Spray, Ultra Fine Mist Made With Hyaluronic Acid, Grips Makeup For A Hydrated, Dewy Finish, Vegan & Cruelty-Free</p><p>$10.00 ($3.70 / Fl Oz)</p><a href="https://www.amazon.com/dp/B0CXQR14J3?tag=eloabder-20&linkCode=osi&th=1&psc=1">View Product</a></div>
<div class="product"><a href="https://www.amazon.com/dp/B0057X7S7I?tag=eloabder-20&linkCode=osi&th=1&psc=1"><img src="https://m.media-amazon.com/images/I/31EGxy1hPjL._SL500_.jpg" alt="Product Image"></a><p>Rimmel Stay Glossy Lip Gloss - Non-Sticky and Lightweight Formula for Lip Color and Shine - 120 Non-Stop Glamour, .18oz</p><p>$3.97</p><a href="https://www.amazon.com/dp/B0057X7S7I?tag=eloabder-20&linkCode=osi&th=1&psc=1">View Product</a></div><div class="product"><a href="https://www.amazon.com/dp/B07MWTH3BY?tag=eloabder-20&linkCode=osi&th=1&psc=1"><img src="https://m.media-amazon.com/images/I/31xb-X48IBL._SL500_.jpg" alt="Product Image"></a><p>e.l.f. Monochromatic Multi Stick, Luxuriously Creamy & Blendable Color, For Eyes, Lips & Cheeks, Glistening Peach, 0.17 oz (5g)</p><p>$5.00</p><a href="https://www.amazon.com/dp/B07MWTH3BY?tag=eloabder-20&linkCode=osi&th=1&psc=1">View Product</a></div><div class="product"><a href="https://www.amazon.com/dp/B0CPFXMMBH?tag=eloabder-20&linkCode=osi&th=1&psc=1"><img src="https://m.media-amazon.com/images/I/21poCyHDdxL._SL500_.jpg" alt="Product Image"></a><p>e.l.f. Instant Lift Waterproof Brow Pencil, Long-Lasting Eyebrow Pencil For Grooming & Shaping Eyebrows, Vegan & Cruelty-free, Taupe</p><p>$3.00</p><a href="https://www.amazon.com/dp/B0CPFXMMBH?tag=eloabder-20&linkCode=osi&th=1&psc=1">View Product</a></div><div class="product"><a href="https://www.amazon.com/dp/B082YQ4QWW?tag=eloabder-20&linkCode=osi&th=1&psc=1"><img src="https://m.media-amazon.com/images/I/31S+aqgvx6L._SL500_.jpg" alt="Product Image"></a><p>wet n wild Mega Last High-Shine Lipstick Lip Color, Infused with Seed Oils For a Nourishing High-Shine, Buildable & Blendable Creamy Color, Cruelty-Free & Vegan - Pinky Ring</p><p>$2.28</p><a href="https://www.amazon.com/dp/B082YQ4QWW?tag=eloabder-20&linkCode=osi&th=1&psc=1">View Product</a></div><div class="product"><a href="https://www.amazon.com/dp/B0BDD7D34M?tag=eloabder-20&linkCode=osi&th=1&psc=1"><img src="https://m.media-amazon.com/images/I/51O5AVRXcUL._SL500_.jpg" alt="Product Image"></a><p>Maskiss 24k Gold Under Eye Patches (25 Pairs), eye mask, Collagen Skin Care Products, Eye Patches for Puffy Eyes, eye masks for dark circles and puffiness</p><p>$14.99 ($0.60 / Count)</p><a href="https://www.amazon.com/dp/B0BDD7D34M?tag=eloabder-20&linkCode=osi&th=1&psc=1">View Product</a></div><div class="product"><a href="https://www.amazon.com/dp/B004BCXEF6?tag=eloabder-20&linkCode=osi&th=1&psc=1"><img src="https://m.media-amazon.com/images/I/31t3gAw-N7L._SL500_.jpg" alt="Product Image"></a><p>L’Oreal Paris Makeup Voluminous Original Volume Building Waterproof Mascara, Carbon Black, 0.23 Fl Oz</p><p>$8.98</p><a href="https://www.amazon.com/dp/B004BCXEF6?tag=eloabder-20&linkCode=osi&th=1&psc=1">View Product</a></div>
<div class="product"><a href="https://www.amazon.com/dp/B0BSZ23FTF?tag=eloabder-20&linkCode=osi&th=1&psc=1"><img src="https://m.media-amazon.com/images/I/31GRN7P2p8L._SL500_.jpg" alt="Product Image"></a><p>Bubble Skincare Slam Dunk Face Moisturizer - Hydrating Face Cream for Dry Skin Made with Vitamin E + Aloe Vera Juice for a Glowing Complexion - Skin Care with Blue Light Protection (50ml)</p><p>$14.98 ($8.81 / Ounce)</p><a href="https://www.amazon.com/dp/B0BSZ23FTF?tag=eloabder-20&linkCode=osi&th=1&psc=1">View Product</a></div><div class="product"><a href="https://www.amazon.com/dp/B08T7DSZYD?tag=eloabder-20&linkCode=osi&th=1&psc=1"><img src="https://m.media-amazon.com/images/I/41WwUSxcyGL._SL500_.jpg" alt="Product Image"></a><p>e.l.f. SKIN Hydrated Ever After Skincare Mini Kit, Cleanser, Makeup Remover, Moisturiser & Eye Cream For Hydrating Skin, Airplane-Friendly Sizes</p><p>$19.99</p><a href="https://www.amazon.com/dp/B08T7DSZYD?tag=eloabder-20&linkCode=osi&th=1&psc=1">View Product</a></div><div class="product"><a href="https://www.amazon.com/dp/B0BSYX57T2?tag=eloabder-20&linkCode=osi&th=1&psc=1"><img src="https://m.media-amazon.com/images/I/31ssRlEo5QL._SL500_.jpg" alt="Product Image"></a><p>Bubble Skincare Bounce Back Balancing Facial Toner Mist - Hydrating Toner Spray + Pore Minimizer Made with Sea Water and Niacinamide to Help Improve Texture & Radiance (55ml)</p><p>$12.99 ($7.22 / Fl Oz)</p><a href="https://www.amazon.com/dp/B0BSYX57T2?tag=eloabder-20&linkCode=osi&th=1&psc=1">View Product</a></div><div class="product"><a href="https://www.amazon.com/dp/B000VPPUEA?tag=eloabder-20&linkCode=osi&th=1&psc=1"><img src="https://m.media-amazon.com/images/I/31e4JzjWhkL._SL500_.jpg" alt="Product Image"></a><p>Bio-Oil Skincare Body Oil, Vitamin E, Serum for Scars & Stretchmarks, Face & Body Moisturizer, 2 oz, All Skin Types</p><p>$11.12 ($5.56 / Fl Oz)</p><a href="https://www.amazon.com/dp/B000VPPUEA?tag=eloabder-20&linkCode=osi&th=1&psc=1">View Product</a></div><div class="product"><a href="https://www.amazon.com/dp/B0C2JPBNFX?tag=eloabder-20&linkCode=osi&th=1&psc=1"><img src="https://m.media-amazon.com/images/I/51LF1OXoo0L._SL500_.jpg" alt="Product Image"></a><p>Celavi K-Beauty Skincare Essence Facial Face Mask Korea Skin Care Moisturizing B Set 12 Pack</p><p>$9.99 ($0.83 / Count)</p><a href="https://www.amazon.com/dp/B0C2JPBNFX?tag=eloabder-20&linkCode=osi&th=1&psc=1">View Product</a></div><div class="product"><a href="https://www.amazon.com/dp/B0BSYJYQY2?tag=eloabder-20&linkCode=osi&th=1&psc=1"><img src="https://m.media-amazon.com/images/I/31aQkQwjJYL._SL500_.jpg" alt="Product Image"></a><p>Bubble Skincare Level Up Balancing Face Moisturizer - Hydrating Gel Moisturizer Formulated with Zinc PCA + Niacinamide for Improved Texture & Radiance - Skin Care for Oily or Combination Skin (50ml)</p><p>$14.99 ($8.87 / Fl Oz)</p><a href="https://www.amazon.com/dp/B0BSYJYQY2?tag=eloabder-20&linkCode=osi&th=1&psc=1">View Product</a></div><div class="product"><a href="https://www.amazon.com/dp/B0B826XRPH?tag=eloabder-20&linkCode=osi&th=1&psc=1"><img src="https://m.media-amazon.com/images/I/516nsOEA-mL._SL500_.jpg" alt="Product Image"></a><p>AURUZA Ice Face Roller and Gua Sha Set, Ice Roller for Face & Eye Puffiness Relief Beauty Facial Rollers Mold Icing Massage Skin Care Tools for Brighten Lubricate Shrink Pores Remove Fine Lines</p><p>$5.49</p><a href="https://www.amazon.com/dp/B0B826XRPH?tag=eloabder-20&linkCode=osi&th=1&psc=1">View Product</a></div><div class="product"><a href="https://www.amazon.com/dp/B0BS8Y2FLK?tag=eloabder-20&linkCode=osi&th=1&psc=1"><img src="https://m.media-amazon.com/images/I/41CX-bGjaRL._SL500_.jpg" alt="Product Image"></a><p>PEAUAMIE Under Eye Patches (30 Pairs) Gold Eye Mask and Hyaluronic Acid Eye Patches for puffy eyes,Rose Eye Masks for Dark Circles and Puffiness under eye skin care Smooth Wrinkles products</p><p>$9.99 ($0.33 / Count)</p><a href="https://www.amazon.com/dp/B0BS8Y2FLK?tag=eloabder-20&linkCode=osi&th=1&psc=1">View Product</a></div><div class="product"><a href="https://www.amazon.com/dp/B09NXS395V?tag=eloabder-20&linkCode=osi&th=1&psc=1"><img src="https://m.media-amazon.com/images/I/41ZHn0qwWwL._SL500_.jpg" alt="Product Image"></a><p>NAZANO Under Eye Patches - 60 Pcs - 24K Gold Eye Mask- Puffy Eyes & Dark Circles Treatments,Reduce Under Eye Bags and Smooth Wrinkles,Eye Skin Care Pads With Collagen,Hyaluronic Acid & Castor Oil</p><p>$8.99 ($0.30 / Count)</p><a href="https://www.amazon.com/dp/B09NXS395V?tag=eloabder-20&linkCode=osi&th=1&psc=1">View Product</a></div>
<div class="product"><a href="https://www.amazon.com/dp/B01N9SPQHQ?tag=eloabder-20&linkCode=osi&th=1&psc=1"><img src="https://m.media-amazon.com/images/I/41NHgWAaYAL._SL500_.jpg" alt="Product Image"></a><p>La Roche-Posay Toleriane Double Repair Face Moisturizer, Daily Moisturizer Face Cream with Ceramide and Niacinamide for All Skin Types, Oil Free, Fragrance Free</p><p>$23.99 ($7.10 / Fl Oz)</p><a href="https://www.amazon.com/dp/B01N9SPQHQ?tag=eloabder-20&linkCode=osi&th=1&psc=1">View Product</a></div><div class="product"><a href="https://www.amazon.com/dp/B00TTD9BRC?tag=eloabder-20&linkCode=osi&th=1&psc=1"><img src="https://m.media-amazon.com/images/I/41Kc6H7fboL._SL500_.jpg" alt="Product Image"></a><p>CeraVe Moisturizing Cream | Body and Face Moisturizer for Dry Skin | Body Cream with Hyaluronic Acid and Ceramides | Daily Moisturizer | Oil-Free | Fragrance Free | Non-Comedogenic | 19 Ounce</p><p>$17.78 ($0.94 / Ounce)</p><a href="https://www.amazon.com/dp/B00TTD9BRC?tag=eloabder-20&linkCode=osi&th=1&psc=1">View Product</a></div><div class="product"><a href="https://www.amazon.com/dp/B00NR1YQHM?tag=eloabder-20&linkCode=osi&th=1&psc=1"><img src="https://m.media-amazon.com/images/I/41yzZFTW63L._SL500_.jpg" alt="Product Image"></a><p>Neutrogena Hydro Boost Face Moisturizer with Hyaluronic Acid for Dry Skin, Oil-Free and Non-Comedogenic Water Gel Face Lotion, 1.7 oz</p><p>$13.31 ($7.83 / Ounce)</p><a href="https://www.amazon.com/dp/B00NR1YQHM?tag=eloabder-20&linkCode=osi&th=1&psc=1">View Product</a></div><div class="product"><a href="https://www.amazon.com/dp/B00HNSSPHC?tag=eloabder-20&linkCode=osi&th=1&psc=1"><img src="https://m.media-amazon.com/images/I/41rWFzQZdOL._SL500_.jpg" alt="Product Image"></a><p>Neutrogena Triple Age Repair Anti-Aging Daily Facial Moisturizer with SPF 25 Sunscreen & Vitamin C, Firming Anti-Wrinkle Face & Neck Cream for Dark Spots, Glycerin & Shea Butter, 1.7 oz</p><p>$19.56 ($11.51 / Ounce)</p><a href="https://www.amazon.com/dp/B00HNSSPHC?tag=eloabder-20&linkCode=osi&th=1&psc=1">View Product</a></div><div class="product"><a href="https://www.amazon.com/dp/B000YJ2SLG?tag=eloabder-20&linkCode=osi&th=1&psc=1"><img src="https://m.media-amazon.com/images/I/31J9bWXnQ+L._SL500_.jpg" alt="Product Image"></a><p>CeraVe Daily Moisturizing Lotion for Dry Skin | Body Lotion & Face Moisturizer with Hyaluronic Acid and Ceramides | Daily Moisturizer | Fragrance Free | Oil-Free | 12 Ounce</p><p>$13.68 ($1.14 / Fl Oz)</p><a href="https://www.amazon.com/dp/B000YJ2SLG?tag=eloabder-20&linkCode=osi&th=1&psc=1">View Product</a></div><div class="product"><a href="https://www.amazon.com/dp/B099N1LC4R?tag=eloabder-20&linkCode=osi&th=1&psc=1"><img src="https://m.media-amazon.com/images/I/41lZIG8wQNL._SL500_.jpg" alt="Product Image"></a><p>Cetaphil Face & Body Moisturizer, Hydrating Moisturizing Cream For Dry To Very Dry, Sensitive Skin, NEW 20 Oz, Fragrance Free, Non-Comedogenic, Non-Greasy (Packaging May Vary)</p><p>$15.97 ($0.80 / Ounce)</p><a href="https://www.amazon.com/dp/B099N1LC4R?tag=eloabder-20&linkCode=osi&th=1&psc=1">View Product</a></div><div class="product"><a href="https://www.amazon.com/dp/B01H20MA62?tag=eloabder-20&linkCode=osi&th=1&psc=1"><img src="https://m.media-amazon.com/images/I/41xuvNUpUML._SL500_.jpg" alt="Product Image"></a><p>Cetaphil Face & Body Moisturizer, Hydrating Moisturizing Cream for Dry to Very Dry, Sensitive Skin, NEW 16 Oz 2 Pack, Fragrance Free, Non-Comedogenic, Non-Greasy</p><p>$19.48 ($0.61 / Ounce)</p><a href="https://www.amazon.com/dp/B01H20MA62?tag=eloabder-20&linkCode=osi&th=1&psc=1">View Product</a></div><div class="product"><a href="https://www.amazon.com/dp/B01NCWV3KM?tag=eloabder-20&linkCode=osi&th=1&psc=1"><img src="https://m.media-amazon.com/images/I/41Q1ESUhSeL._SL500_.jpg" alt="Product Image"></a><p>La Roche-Posay Toleriane Double Repair UV SPF Moisturizer for Face, Daily Facial Moisturizer with Sunscreen SPF 30, Niacinamide and Glycerin, Oil Free, Moisturizing Sun Protection</p><p>$24.99 ($10.00 / Fl Oz)</p><a href="https://www.amazon.com/dp/B01NCWV3KM?tag=eloabder-20&linkCode=osi&th=1&psc=1">View Product</a></div>
<div class="product"><a href="https://www.amazon.com/dp/B07P5TMHD9?tag=eloabder-20&linkCode=osi&th=1&psc=1"><img src="https://m.media-amazon.com/images/I/51xr2lw0Y7L._SL500_.jpg" alt="Product Image"></a><p>Vitamin C Face Serum - Dark Spot Remover Facial Serum, Vit C Serum with Hyaluronic Acid, Ferulic Acid, & Vit E - Anti Aging and Skin Brightening Serum, Pure Vitamin C Serum Skin Care</p><p>$9.98</p><a href="https://www.amazon.com/dp/B07P5TMHD9?tag=eloabder-20&linkCode=osi&th=1&psc=1">View Product</a></div><div class="product"><a href="https://www.amazon.com/dp/B014PGEEO2?tag=eloabder-20&linkCode=osi&th=1&psc=1"><img src="https://m.media-amazon.com/images/I/51v+djIfQGL._SL500_.jpg" alt="Product Image"></a><p>Tree of Life Facial Serum Set for Face, Brightening, Firming, Hydrating, Dry Skin, Dermatologist Tested - Trio Power Skin Care Set, Vitamin C, Retinol and Hyaluronic Acid, 3 count of 1 Fl Oz</p><p>$19.99 ($6.66 / Fl Oz)</p><a href="https://www.amazon.com/dp/B014PGEEO2?tag=eloabder-20&linkCode=osi&th=1&psc=1">View Product</a></div><div class="product"><a href="https://www.amazon.com/dp/B08R994Q1L?tag=eloabder-20&linkCode=osi&th=1&psc=1"><img src="https://m.media-amazon.com/images/I/418KUv8uVkL._SL500_.jpg" alt="Product Image"></a><p>Good Molecules Niacinamide Serum - 10% Niacinamide Balancing B3 Facial Serum for Acne, Tone, Texture - Brightening and Hydrating Skincare for Face</p><p>$6.00</p><a href="https://www.amazon.com/dp/B08R994Q1L?tag=eloabder-20&linkCode=osi&th=1&psc=1">View Product</a></div><div class="product"><a href="https://www.amazon.com/dp/B07VWSN95S?tag=eloabder-20&linkCode=osi&th=1&psc=1"><img src="https://m.media-amazon.com/images/I/411Y0nzh9zL._SL500_.jpg" alt="Product Image"></a><p>CeraVe Retinol Serum for Post-Acne Marks and Skin Texture | Pore Refining, Resurfacing, Brightening Facial Serum with Retinol and Niacinamide | Fragrance Free, Paraben Free & Non-Comedogenic| 1 Oz</p><p>$18.68</p><a href="https://www.amazon.com/dp/B07VWSN95S?tag=eloabder-20&linkCode=osi&th=1&psc=1">View Product</a></div><div class="product"><a href="https://www.amazon.com/dp/B08L8B5JR2?tag=eloabder-20&linkCode=osi&th=1&psc=1"><img src="https://m.media-amazon.com/images/I/51Ee0RzYONL._SL500_.jpg" alt="Product Image"></a><p>Vibriance Super C Serum for Mature Skin, Made in USA, All-In-One Formula Hydrates, Firms, Lifts, Smooths, Targets Age Spots, Wrinkles, Vitamin C Serum; 1 fl oz</p><p>$32.90</p><a href="https://www.amazon.com/dp/B08L8B5JR2?tag=eloabder-20&linkCode=osi&th=1&psc=1">View Product</a></div><div class="product"><a href="https://www.amazon.com/dp/B0CLLV2T1P?tag=eloabder-20&linkCode=osi&th=1&psc=1"><img src="https://m.media-amazon.com/images/I/31ZBa-zgbjL._SL500_.jpg" alt="Product Image"></a><p>Anua 10% Niacinamide+ 4% Tranexamic Acid Serum, Ceramide, Hyaluronic Acid, Vitamin B12 natural color, for Sensitive skin, Korean Glass Skin, Fragrance-Free (30ml /1.01 fl.oz.)</p><p>$19.00 ($18.81 / Fl Oz)</p><a href="https://www.amazon.com/dp/B0CLLV2T1P?tag=eloabder-20&linkCode=osi&th=1&psc=1">View Product</a></div><div class="product"><a href="https://www.amazon.com/dp/B08TM8DLFJ?tag=eloabder-20&linkCode=osi&th=1&psc=1"><img src="https://m.media-amazon.com/images/I/41g0Mg7pRIL._SL500_.jpg" alt="Product Image"></a><p>Good Molecules Hyaluronic Acid Serum - Hydrating, Non-greasy formula to Moisturize, Plump - 1% HA, Anti-aging, Water-Based Skincare for Face</p><p>$6.00 ($6.00 / Fl Oz)</p><a href="https://www.amazon.com/dp/B08TM8DLFJ?tag=eloabder-20&linkCode=osi&th=1&psc=1">View Product</a></div><div class="product"><a href="https://www.amazon.com/dp/B01B5G45R6?tag=eloabder-20&linkCode=osi&th=1&psc=1"><img src="https://m.media-amazon.com/images/I/51JgyVg967L._SL500_.jpg" alt="Product Image"></a><p>artnaturals Anti-Aging-Set with Vitamin-C Retinol and Hyaluronic-Acid - (3 x 1 Fl Oz / 30ml) Serum for Anti Wrinkle and Dark Circle Remover – All Natural and Moisturizing</p><p>$24.95 ($8.32 / Fl Oz)</p><a href="https://www.amazon.com/dp/B01B5G45R6?tag=eloabder-20&linkCode=osi&th=1&psc=1">View Product</a></div><div class="product"><a href="https://www.amazon.com/dp/B086VKZZZY?tag=eloabder-20&linkCode=osi&th=1&psc=1"><img src="https://m.media-amazon.com/images/I/31l7jUL7jOL._SL500_.jpg" alt="Product Image"></a><p>Beauty of Joseon Glow Serum Propolis and Niacinamide Hydrating Facial Soothing Moisturizer for Irritated Uneven Skin Tone, Korean Skin Care 30ml, 1 fl.oz</p><p>$13.60 ($13.47 / Fl Oz)</p><a href="https://www.amazon.com/dp/B086VKZZZY?tag=eloabder-20&linkCode=osi&th=1&psc=1">View Product</a></div>
<div class="product"><a href="https://www.amazon.com/dp/B0CYGT3CR4?tag=eloabder-20&linkCode=osi&th=1&psc=1"><img src="https://m.media-amazon.com/images/I/51LbfzrqiUL._SL500_.jpg" alt="Product Image"></a><p>KONEUK 14 Pack Sheet Face Masks Skincare for All Skin Types, Hydrating Face Masks Suitable for Sensitive Skin, Bulk Facial Mask Set for Women Skin Care, Face Mask Gifts Set for Face Spa</p><p>$8.99 ($0.64 / Count)</p><a href="https://www.amazon.com/dp/B0CYGT3CR4?tag=eloabder-20&linkCode=osi&th=1&psc=1">View Product</a></div><div class="product"><a href="https://www.amazon.com/dp/B01N37AK8V?tag=eloabder-20&linkCode=osi&th=1&psc=1"><img src="https://m.media-amazon.com/images/I/41zyExDkGCL._SL500_.jpg" alt="Product Image"></a><p>Ebanel 10 Pack Collagen Face Mask, Instant Brightening & Hydrating Face Sheet Mask with Aloe Vera, Hyaluronic Acid, Vitamin C and E, Chamomile, Anti Aging Face Mask with Hydrolyzed Collagen, Peptide</p><p>$13.99 ($1.40 / Count)</p><a href="https://www.amazon.com/dp/B01N37AK8V?tag=eloabder-20&linkCode=osi&th=1&psc=1">View Product</a></div><div class="product"><a href="https://www.amazon.com/dp/B07C3NBJ33?tag=eloabder-20&linkCode=osi&th=1&psc=1"><img src="https://m.media-amazon.com/images/I/51DMM9KU+AL._SL500_.jpg" alt="Product Image"></a><p>GLAM UP Premium Facial Sheet Mask 12 Combo (Pack of 12) | Clean Face Masks Skincare, Hydrating Face Masks, Moisturizing, Soothing, Beauty Mask For All Skin Type Variety Beauty Mask Set</p><p>$13.20 ($1.10 / Count)</p><a href="https://www.amazon.com/dp/B07C3NBJ33?tag=eloabder-20&linkCode=osi&th=1&psc=1">View Product</a></div><div class="product"><a href="https://www.amazon.com/dp/B0B5XTMJMJ?tag=eloabder-20&linkCode=osi&th=1&psc=1"><img src="https://m.media-amazon.com/images/I/61voysA0eEL._SL500_.jpg" alt="Product Image"></a><p>Meleell Collagen Sheet Face Masks Skincare Bulk Pack,Hydrating Spa Face Mask For Sensitive Skin,Anti Aging Facial Masks Sets For Women/Teen Girls(40 Combo Pack)</p><p>$25.99 ($0.65 / Count)</p><a href="https://www.amazon.com/dp/B0B5XTMJMJ?tag=eloabder-20&linkCode=osi&th=1&psc=1">View Product</a></div><div class="product"><a href="https://www.amazon.com/dp/B0CR6NHHVL?tag=eloabder-20&linkCode=osi&th=1&psc=1"><img src="https://m.media-amazon.com/images/I/514yWBJNkFL._SL500_.jpg" alt="Product Image"></a><p>Kaely 10 Pack Variety Sheet Masks,Spa Face Masks for Kids Skin Care,Facial Mask Skincare Set Korean,Moisturize,Brighten,Nourish for All Skin Types,Birthday Gifts for Women Men Boys Girls,Set01</p><p>$8.99 ($0.90 / Count)</p><a href="https://www.amazon.com/dp/B0CR6NHHVL?tag=eloabder-20&linkCode=osi&th=1&psc=1">View Product</a></div><div class="product"><a href="https://www.amazon.com/dp/B086V843R8?tag=eloabder-20&linkCode=osi&th=1&psc=1"><img src="https://m.media-amazon.com/images/I/410evC+SQHL._SL500_.jpg" alt="Product Image"></a><p>ANAI RUI Turmeric Clay Mask - Green Tea Clay Mask - Dead Sea Minerals Mud Mask, Spa Facial Mask Set, Face Mask Gift Set 2.5 oz each</p><p>$22.99</p><a href="https://www.amazon.com/dp/B086V843R8?tag=eloabder-20&linkCode=osi&th=1&psc=1">View Product</a></div><div class="product"><a href="https://www.amazon.com/dp/B07JMTMHGS?tag=eloabder-20&linkCode=osi&th=1&psc=1"><img src="https://m.media-amazon.com/images/I/41PeKCZ7NtL._SL500_.jpg" alt="Product Image"></a><p>LAPCOS Aloe Sheet Mask, Daily Face Mask with Cucumber and Aloe Gel to Calm and Moisturize Skin, Korean Beauty Favorite, 5-Pack</p><p>$20.00 ($4.00 / count)</p><a href="https://www.amazon.com/dp/B07JMTMHGS?tag=eloabder-20&linkCode=osi&th=1&psc=1">View Product</a></div><div class="product"><a href="https://www.amazon.com/dp/B0CMQKTJDQ?tag=eloabder-20&linkCode=osi&th=1&psc=1"><img src="https://m.media-amazon.com/images/I/51oosdS4y8L._SL500_.jpg" alt="Product Image"></a><p>VESPRO 100 Pack Collagen Essence Sheet Facial Masks, Bulk Face Masks Skincare, Hydrating Face Masks for All Skin Types, Moisturizing and Soothing, Natural Skin Care Spa Face Mask</p><p>$45.99 ($0.46 / Count)</p><a href="https://www.amazon.com/dp/B0CMQKTJDQ?tag=eloabder-20&linkCode=osi&th=1&psc=1">View Product</a></div><div class="product"><a href="https://www.amazon.com/dp/B0B41LVMJ3?tag=eloabder-20&linkCode=osi&th=1&psc=1"><img src="https://m.media-amazon.com/images/I/51xduFirI6L._SL500_.jpg" alt="Product Image"></a><p>#OOTD Collagen Hydrating Sheet Masks for Face Korean Anti Aging Mask Sheet for Dry Skin & Sensitive Skin, EVE Vegan, Not Tested on Animals, No Parabens, No Sulfates, Hyaluronic Acid, Witch Hazel 10EA</p><p>$18.00 ($1.80 / Count)</p><a href="https://www.amazon.com/dp/B0B41LVMJ3?tag=eloabder-20&linkCode=osi&th=1&psc=1">View Product</a></div>
<div class="product"><a href="https://www.amazon.com/dp/B01N34XW93?tag=eloabder-20&linkCode=osi&th=1&psc=1"><img src="https://m.media-amazon.com/images/I/31OMOTCxlmL._SL500_.jpg" alt="Product Image"></a><p>La Roche-Posay Toleriane Purifying Foaming Facial Cleanser, Oil Free Face Wash for Oily Skin and for Sensitive Skin with Niacinamide, Pore Cleanser Won’t Dry Out Skin, Unscented</p><p>$17.99 ($1.33 / Fl Oz)</p><a href="https://www.amazon.com/dp/B01N34XW93?tag=eloabder-20&linkCode=osi&th=1&psc=1">View Product</a></div><div class="product"><a href="https://www.amazon.com/dp/B01MSSDEPK?tag=eloabder-20&linkCode=osi&th=1&psc=1"><img src="https://m.media-amazon.com/images/I/41YuSwjJUIL._SL500_.jpg" alt="Product Image"></a><p>CeraVe Hydrating Facial Cleanser | Moisturizing Face Wash For Dry Skin | Hyaluronic Acid + Ceramides + Glycerin | Hydrating Cleanser For Normal To Dry Skin | National Eczema Assosiation Certified</p><p>$15.48 ($0.97 / Fl Oz)</p><a href="https://www.amazon.com/dp/B01MSSDEPK?tag=eloabder-20&linkCode=osi&th=1&psc=1">View Product</a></div><div class="product"><a href="https://www.amazon.com/dp/B01N7T7JKJ?tag=eloabder-20&linkCode=osi&th=1&psc=1"><img src="https://m.media-amazon.com/images/I/31VXK3y1KYL._SL500_.jpg" alt="Product Image"></a><p>La Roche-Posay Toleriane Hydrating Gentle Face Cleanser, Daily Facial Cleanser with Niacinamide and Ceramides for Sensitive Skin, Moisturizing Face Wash for Normal to Dry Skin, Fragrance Free</p><p>$17.99 ($1.33 / Fl Oz)</p><a href="https://www.amazon.com/dp/B01N7T7JKJ?tag=eloabder-20&linkCode=osi&th=1&psc=1">View Product</a></div><div class="product"><a href="https://www.amazon.com/dp/B01N1LL62W?tag=eloabder-20&linkCode=osi&th=1&psc=1"><img src="https://m.media-amazon.com/images/I/41kwN8dWWzL._SL500_.jpg" alt="Product Image"></a><p>CeraVe Foaming Facial Cleanser | Daily Face Wash for Oily Skin with Hyaluronic Acid, Ceramides, and Niacinamide| Fragrance Free | 16 Fluid Ounce</p><p>$15.19 ($0.95 / Fl Oz)</p><a href="https://www.amazon.com/dp/B01N1LL62W?tag=eloabder-20&linkCode=osi&th=1&psc=1">View Product</a></div><div class="product"><a href="https://www.amazon.com/dp/B00U1YCRD8?tag=eloabder-20&linkCode=osi&th=1&psc=1"><img src="https://m.media-amazon.com/images/I/31LVb8KvKwL._SL500_.jpg" alt="Product Image"></a><p>CeraVe SA Cleanser | Salicylic Acid Cleanser with Hyaluronic Acid, Niacinamide & Ceramides| BHA Exfoliant for Face | Fragrance Free Non-Comedogenic | 8 Ounce</p><p>$12.37 ($1.55 / Ounce)</p><a href="https://www.amazon.com/dp/B00U1YCRD8?tag=eloabder-20&linkCode=osi&th=1&psc=1">View Product</a></div><div class="product"><a href="https://www.amazon.com/dp/B0BVV8BNYJ?tag=eloabder-20&linkCode=osi&th=1&psc=1"><img src="https://m.media-amazon.com/images/I/31tSZvBReoL._SL500_.jpg" alt="Product Image"></a><p>ANUA Heartleaf Quercetinol Pore Deep Cleansing Foam, Facial Cleanser, for Double Cleansing, BHA, Hyaluronic Acid, Glycerin, Face Wash, Blackhead Remover, Korean Skincare (150ml/5.07 fl.oz.)</p><p>$13.00 ($2.56 / Fl Oz)</p><a href="https://www.amazon.com/dp/B0BVV8BNYJ?tag=eloabder-20&linkCode=osi&th=1&psc=1">View Product</a></div><div class="product"><a href="https://www.amazon.com/dp/B00QY1XZ4W?tag=eloabder-20&linkCode=osi&th=1&psc=1"><img src="https://m.media-amazon.com/images/I/319pG+OQZxL._SL500_.jpg" alt="Product Image"></a><p>Vanicream Gentle Facial Cleanser with Pump Dispenser - 8 fl oz - Formulated Without Common Irritants for Those with Sensitive Skin</p><p>$8.86 ($1.11 / Fl Oz)</p><a href="https://www.amazon.com/dp/B00QY1XZ4W?tag=eloabder-20&linkCode=osi&th=1&psc=1">View Product</a></div><div class="product"><a href="https://www.amazon.com/dp/B016NRXO06?tag=eloabder-20&linkCode=osi&th=1&psc=1"><img src="https://m.media-amazon.com/images/I/31jSFIvh2TS._SL500_.jpg" alt="Product Image"></a><p>COSRX Low pH Good Morning Gel Cleanser, Daily Mild Face Cleanser for Sensitive Skin with BHA & Tea-Tree Oil, PH Balancing, Korean Skincare (5.07fl.oz/150ml)</p><p>$11.49 ($2.27 / Fl Oz)</p><a href="https://www.amazon.com/dp/B016NRXO06?tag=eloabder-20&linkCode=osi&th=1&psc=1">View Product</a></div><div class="product"><a href="https://www.amazon.com/dp/B09Y4HHY1P?tag=eloabder-20&linkCode=osi&th=1&psc=1"><img src="https://m.media-amazon.com/images/I/41Crw80Q3yL._SL500_.jpg" alt="Product Image"></a><p>Cetaphil Face Wash, Daily Facial Cleanser for Sensitive, Combination to Oily Skin, NEW 16 oz, Fragrance Free, Gentle Foaming, Soap Free, Hypoallergenic (Packaging May Vary)</p><p>$11.97 ($0.75 / Fl Oz)</p><a href="https://www.amazon.com/dp/B09Y4HHY1P?tag=eloabder-20&linkCode=osi&th=1&psc=1">View Product</a></div><div class="product"><a href="https://www.amazon.com/dp/B0BN2PX8V3?tag=eloabder-20&linkCode=osi&th=1&psc=1"><img src="https://m.media-amazon.com/images/I/31n4TECLwuL._SL500_.jpg" alt="Product Image"></a><p>ANUA Heartleaf Pore Control Cleansing Oil, Oil Cleanser for Face, Makeup Blackhead Remover, Korean Skin Care 6.76 fl oz(200ml) (original)</p><p>$17.69 ($2.64 / Fl Oz)</p><a href="https://www.amazon.com/dp/B0BN2PX8V3?tag=eloabder-20&linkCode=osi&th=1&psc=1">View Product</a></div>
<div class="product"><a href="https://www.amazon.com/dp/B08CMS8P67?tag=eloabder-20&linkCode=osi&th=1&psc=1"><img src="https://m.media-amazon.com/images/I/31LVyuSsJEL._SL500_.jpg" alt="Product Image"></a><p>Anua Heartleaf 77 Soothing Toner I pH 5.5 Trouble Care, Calming Skin, Refreshing, Hydrating, Purifying, Cruelty Free, Vegan,(250ml / 8.45 fl.oz.)</p><p>$19.69 ($2.33 / Fl Oz)</p><a href="https://www.amazon.com/dp/B08CMS8P67?tag=eloabder-20&linkCode=osi&th=1&psc=1">View Product</a></div><div class="product"><a href="https://www.amazon.com/dp/B09LKXR62L?tag=eloabder-20&linkCode=osi&th=1&psc=1"><img src="https://m.media-amazon.com/images/I/31D6ydy59dL._SL500_.jpg" alt="Product Image"></a><p>CeraVe Hydrating Toner for Face Non-Alcoholic with Hyaluronic Acid, Niacinamide, and Ceramides for Sensitive Dry Skin, Fragrance-Free Non Comedogenic, Full Size, 6.8 Fl Oz</p><p>$9.86 ($1.45 / Ounce)</p><a href="https://www.amazon.com/dp/B09LKXR62L?tag=eloabder-20&linkCode=osi&th=1&psc=1">View Product</a></div><div class="product"><a href="https://www.amazon.com/dp/B0CG1H8YRS?tag=eloabder-20&linkCode=osi&th=1&psc=1"><img src="https://m.media-amazon.com/images/I/31OZES5j9LL._SL500_.jpg" alt="Product Image"></a><p>TIRTIR Milk Skin Rice Toner | Deep Moisturizing, Instant Glow, 2% Niacinamide, Rice Bran Extract, Ceramide, Panthenol, Cruelty-Free, Fungal Acne Friendly, Vegan, 5.07 fl.oz.</p><p>$24.99 ($4.93 / Fl Oz)</p><a href="https://www.amazon.com/dp/B0CG1H8YRS?tag=eloabder-20&linkCode=osi&th=1&psc=1">View Product</a></div><div class="product"><a href="https://www.amazon.com/dp/B007HD570Q?tag=eloabder-20&linkCode=osi&th=1&psc=1"><img src="https://m.media-amazon.com/images/I/31uC8ENEVqL._SL500_.jpg" alt="Product Image"></a><p>Thayers Alcohol-Free, Hydrating Rose Petal Witch Hazel Facial Toner with Aloe Vera Formula, Vegan, Dermatologist Tested and Recommended, 12 Oz</p><p>$10.53 ($0.88 / Fl Oz)</p><a href="https://www.amazon.com/dp/B007HD570Q?tag=eloabder-20&linkCode=osi&th=1&psc=1">View Product</a></div><div class="product"><a href="https://www.amazon.com/dp/B01LZK411L?tag=eloabder-20&linkCode=osi&th=1&psc=1"><img src="https://m.media-amazon.com/images/I/31la+He5vRL._SL500_.jpg" alt="Product Image"></a><p>ACWELL Licorice pH Balancing Korean Toner for Cleansing 5.07 fl.oz. - Alcohol-Free PH5.5 Hydrating Facial Astringent - Skin Clarifying & Hydration Boosting Toner</p><p>$16.00 ($3.14 / Fl Oz)</p><a href="https://www.amazon.com/dp/B01LZK411L?tag=eloabder-20&linkCode=osi&th=1&psc=1">View Product</a></div><div class="product"><a href="https://www.amazon.com/dp/B07BYJF7L7?tag=eloabder-20&linkCode=osi&th=1&psc=1"><img src="https://m.media-amazon.com/images/I/31+G3Xc+J7L._SL500_.jpg" alt="Product Image"></a><p>SOME BY MI AHA BHA PHA 30 Days Miracle Toner - 5.07Oz, 150ml - Made from Tea Tree Water for Sensitive Skin - Mild Exfoliating Daily Face Toner - Skin Wastes, Sebum and Oiliness Care - Korean Skin Care</p><p>$12.00 ($2.37 / Fl Oz)</p><a href="https://www.amazon.com/dp/B07BYJF7L7?tag=eloabder-20&linkCode=osi&th=1&psc=1">View Product</a></div><div class="product"><a href="https://www.amazon.com/dp/B00LO2RO7K?tag=eloabder-20&linkCode=osi&th=1&psc=1"><img src="https://m.media-amazon.com/images/I/31Wb52+KYzL._SL500_.jpg" alt="Product Image"></a><p>La Roche-Posay Effaclar Clarifying Solution Acne Toner with Salicylic Acid and Glycolic Acid, Pore Refining Oily Skin Toner, Gentle Exfoliant to Unclog Pores and Remove Dead Skin Cells</p><p>$16.99 ($2.51 / Fl Oz)</p><a href="https://www.amazon.com/dp/B00LO2RO7K?tag=eloabder-20&linkCode=osi&th=1&psc=1">View Product</a></div><div class="product"><a href="https://www.amazon.com/dp/B008EPPIQ4?tag=eloabder-20&linkCode=osi&th=1&psc=1"><img src="https://m.media-amazon.com/images/I/31-lQL0AkZL._SL500_.jpg" alt="Product Image"></a><p>Paula's Choice Skin Balancing Pore-Reducing Toner for Combination and Oily Skin, Minimizes Large Pores, 6.4 Fluid Ounce Bottle</p><p>$26.00 ($4.06 / Fl Oz)</p><a href="https://www.amazon.com/dp/B008EPPIQ4?tag=eloabder-20&linkCode=osi&th=1&psc=1">View Product</a></div><div class="product"><a href="https://www.amazon.com/dp/B073P6BPF5?tag=eloabder-20&linkCode=osi&th=1&psc=1"><img src="https://m.media-amazon.com/images/I/31hqlVDLizL._SL500_.jpg" alt="Product Image"></a><p>COSRX AHA/BHA Clarifying Treatment Toner, 5.07 fl.oz / 150ml | Exfoliating Facial Spray | Korean Skin Care, Hydrating, Mild Exfoliation, Vegan, Animal Testing Free, Paraben Free</p><p>$10.75 ($2.11 / Fl Oz)</p><a href="https://www.amazon.com/dp/B073P6BPF5?tag=eloabder-20&linkCode=osi&th=1&psc=1">View Product</a></div>
<div class="product"><a href="https://www.amazon.com/dp/B07C5SS6YD?tag=eloabder-20&linkCode=osi&th=1&psc=1"><img src="https://m.media-amazon.com/images/I/31tzIszvgAL._SL500_.jpg" alt="Product Image"></a><p>Paula's Choice Skin Perfecting 2% BHA Liquid Salicylic Acid Exfoliant, Gentle Facial Exfoliator for Blackheads, Large Pores, Wrinkles & Fine Lines, Travel Size, 1 Fluid Ounce</p><p>$14.00</p><a href="https://www.amazon.com/dp/B07C5SS6YD?tag=eloabder-20&linkCode=osi&th=1&psc=1">View Product</a></div><div class="product"><a href="https://www.amazon.com/dp/B07VW3YSWH?tag=eloabder-20&linkCode=osi&th=1&psc=1"><img src="https://m.media-amazon.com/images/I/410j9ZFktHL._SL500_.jpg" alt="Product Image"></a><p>Tree Hut Vitamin C Shea Sugar Scrub, 18 oz, Ultra Hydrating and Exfoliating Scrub for Nourishing Essential Body Care</p><p>$8.94 ($0.50 / Ounce)</p><a href="https://www.amazon.com/dp/B07VW3YSWH?tag=eloabder-20&linkCode=osi&th=1&psc=1">View Product</a></div><div class="product"><a href="https://www.amazon.com/dp/B07NHZP4FW?tag=eloabder-20&linkCode=osi&th=1&psc=1"><img src="https://m.media-amazon.com/images/I/41znKaYV17L._SL500_.jpg" alt="Product Image"></a><p>Seraphic Skincare (Original) Premium Exfoliating Mitt for Body (2pc) – 100% Vegan Viscose Traditional Body Scrub Glove Kessa Korean Washcloth – Body Exfoliator for Self-Tan Removal & Keratosis Pilaris</p><p>$12.99 ($6.50 / Count)</p><a href="https://www.amazon.com/dp/B07NHZP4FW?tag=eloabder-20&linkCode=osi&th=1&psc=1">View Product</a></div><div class="product"><a href="https://www.amazon.com/dp/B001VMJSCW?tag=eloabder-20&linkCode=osi&th=1&psc=1"><img src="https://m.media-amazon.com/images/I/31N7x4-aJAL._SL500_.jpg" alt="Product Image"></a><p>Dermalogica Daily Microfoliant, Face Exfoliator Scrub Powder with Salicylic Acid and Papaya Enzyme, Achieve Brighter, Smoother Skin Daily, 0.45 Oz</p><p>$19.00 ($42.22 / Ounce)</p><a href="https://www.amazon.com/dp/B001VMJSCW?tag=eloabder-20&linkCode=osi&th=1&psc=1">View Product</a></div><div class="product"><a href="https://www.amazon.com/dp/B09Q88TVGJ?tag=eloabder-20&linkCode=osi&th=1&psc=1"><img src="https://m.media-amazon.com/images/I/31jQFJt0t7L._SL500_.jpg" alt="Product Image"></a><p>tingl Face and Body Exfoliator Pads - Anti Aging Acne Treatment with Glycolic Acid, Lactic Acid, and Salicylic Acid - Pore Minimizer, Oil Cleanser, Blackhead Remover and Skin Exfoliator in One</p><p>$38.00 ($38.00 / Count)</p><a href="https://www.amazon.com/dp/B09Q88TVGJ?tag=eloabder-20&linkCode=osi&th=1&psc=1">View Product</a></div><div class="product"><a href="https://www.amazon.com/dp/B0BNWXFH3P?tag=eloabder-20&linkCode=osi&th=1&psc=1"><img src="https://m.media-amazon.com/images/I/51HkdST1FCL._SL500_.jpg" alt="Product Image"></a><p>Dermasuri Deep Exfoliating Glove for Shower - Exfoliating Mitt Body Scrubber - Skin Exfoliator & Dead Skin Remover - Keratosis Pilaris Scrub - Spray Tan Remover - Korean Skincare for Body (2 Pack)</p><p>$19.99 ($10.00 / Count)</p><a href="https://www.amazon.com/dp/B0BNWXFH3P?tag=eloabder-20&linkCode=osi&th=1&psc=1">View Product</a></div><div class="product"><a href="https://www.amazon.com/dp/B076DSRB6B?tag=eloabder-20&linkCode=osi&th=1&psc=1"><img src="https://m.media-amazon.com/images/I/51lTK55c5UL._SL500_.jpg" alt="Product Image"></a><p>Himalayan Salt Scrub Face Foot & Body Exfoliator Infused with Collagen and Stem Cell Natural Exfoliating Salt Body Scrub for Toning Cellulite Skin Care by M3 Naturals</p><p>$25.81 ($2.15 / Ounce)</p><a href="https://www.amazon.com/dp/B076DSRB6B?tag=eloabder-20&linkCode=osi&th=1&psc=1">View Product</a></div><div class="product"><a href="https://www.amazon.com/dp/B004GEV9JW?tag=eloabder-20&linkCode=osi&th=1&psc=1"><img src="https://m.media-amazon.com/images/I/41MgyDfHXfL._SL500_.jpg" alt="Product Image"></a><p>Buf-Puf Gentle Facial Sponge, Dermatologist Developed, Removes Deep Down Dirt & Makeup That Causes Breakouts and Blackheads, Reusable, Exfoliating, 1 Count</p><p>$8.71</p><a href="https://www.amazon.com/dp/B004GEV9JW?tag=eloabder-20&linkCode=osi&th=1&psc=1">View Product</a></div><div class="product"><a href="https://www.amazon.com/dp/B0000632EN?tag=eloabder-20&linkCode=osi&th=1&psc=1"><img src="https://m.media-amazon.com/images/I/314AH1Zo0lL._SL500_.jpg" alt="Product Image"></a><p>Aveeno Positively Radiant Exfoliating Facial Scrub, Brightening Face Scrub with Soy Extract to Visibly Improve Skin Tone and Texture, Oil-Free, Soap-Free, Hypoallergenic Formula, 5 FL OZ</p><p>$7.97 ($1.59 / Ounce)</p><a href="https://www.amazon.com/dp/B0000632EN?tag=eloabder-20&linkCode=osi&th=1&psc=1">View Product</a></div>
<div class="product"><a href="https://www.amazon.com/dp/B005IHT94S?tag=eloabder-20&linkCode=osi&th=1&psc=1"><img src="https://m.media-amazon.com/images/I/31YAXVCRMAL._SL500_.jpg" alt="Product Image"></a><p>Neutrogena Ultra Sheer Dry-Touch Water Resistant and Non-Greasy Sunscreen Lotion with Broad Spectrum SPF 70, 3 Fl Oz (Pack of 1)</p><p>$9.88 ($3.29 / Fl Oz)</p><a href="https://www.amazon.com/dp/B005IHT94S?tag=eloabder-20&linkCode=osi&th=1&psc=1">View Product</a></div><div class="product"><a href="https://www.amazon.com/dp/B078BC1NJ6?tag=eloabder-20&linkCode=osi&th=1&psc=1"><img src="https://m.media-amazon.com/images/I/51V4LMN2zEL._SL500_.jpg" alt="Product Image"></a><p>Coppertone Sport Sunscreen Spray SPF 50, Water Resistant Spray Sunscreen, Broad Spectrum SPF 50 Sunscreen, Bulk Sunscreen Pack, 5.5 Oz Bottle, Pack of 3</p><p>$20.63 ($1.25 / Ounce)</p><a href="https://www.amazon.com/dp/B078BC1NJ6?tag=eloabder-20&linkCode=osi&th=1&psc=1">View Product</a></div><div class="product"><a href="https://www.amazon.com/dp/B01MQXX9US?tag=eloabder-20&linkCode=osi&th=1&psc=1"><img src="https://m.media-amazon.com/images/I/41Zi7BP15NL._SL500_.jpg" alt="Product Image"></a><p>Banana Boat Sport Ultra SPF 50 Sunscreen Spray Twin Pack | Banana Boat Sunscreen Spray SPF 50, Spray On Sunscreen, Water Resistant Sunscreen, Oxybenzone Free Sunscreen Pack, 6oz each</p><p>$13.97 ($1.16 / Ounce)</p><a href="https://www.amazon.com/dp/B01MQXX9US?tag=eloabder-20&linkCode=osi&th=1&psc=1">View Product</a></div><div class="product"><a href="https://www.amazon.com/dp/B00AEN4QZ8?tag=eloabder-20&linkCode=osi&th=1&psc=1"><img src="https://m.media-amazon.com/images/I/31QMrCJPoeL._SL500_.jpg" alt="Product Image"></a><p>Neutrogena Beach Defense Water-Resistant Face & Body SPF 70 Sunscreen Lotion with Broad Spectrum UVA/UVB Protection, Oil-Free Fast-Absorbing Sunscreen Lotion, Oxybenzone-Free, 6.7 oz</p><p>$9.60 ($1.43 / Fl Oz)</p><a href="https://www.amazon.com/dp/B00AEN4QZ8?tag=eloabder-20&linkCode=osi&th=1&psc=1">View Product</a></div><div class="product"><a href="https://www.amazon.com/dp/B076GZX3KL?tag=eloabder-20&linkCode=osi&th=1&psc=1"><img src="https://m.media-amazon.com/images/I/41BQoEZMuTL._SL500_.jpg" alt="Product Image"></a><p>Neutrogena Sunscreen Spray, Ultra Sheer ® Body Mist, Broad Spectrum SPF 70, Non-Greasy Water Resistant Body Sunscreen Mist, Non-Comedogenic, 5 oz (Pack of 3)</p><p>$22.60 ($1.51 / Ounce)</p><a href="https://www.amazon.com/dp/B076GZX3KL?tag=eloabder-20&linkCode=osi&th=1&psc=1">View Product</a></div><div class="product"><a href="https://www.amazon.com/dp/B004D2DR0Q?tag=eloabder-20&linkCode=osi&th=1&psc=1"><img src="https://m.media-amazon.com/images/I/41QwzCWNnFL._SL500_.jpg" alt="Product Image"></a><p>Neutrogena Ultra Sheer Dry-Touch Water Resistant and Non-Greasy Sunscreen Lotion with Broad Spectrum SPF 45, TSA-Compliant travel Size, 3 Fl Oz, Pack of 2, 6 Fl Oz</p><p>$13.99 ($2.33 / Fl Oz)</p><a href="https://www.amazon.com/dp/B004D2DR0Q?tag=eloabder-20&linkCode=osi&th=1&psc=1">View Product</a></div><div class="product"><a href="https://www.amazon.com/dp/B002CML1VG?tag=eloabder-20&linkCode=osi&th=1&psc=1"><img src="https://m.media-amazon.com/images/I/41ufC4L5QQL._SL500_.jpg" alt="Product Image"></a><p>La Roche-Posay Anthelios Melt-In Milk Sunscreen SPF 60 | Sunscreen For Body & Face | Broad Spectrum SPF + Antioxidants | Oil Free Sunscreen Lotion | Lightweight & Fast Absorbing | Oxybenzone Free</p><p>$37.99 ($7.60 / Fl Oz)</p><a href="https://www.amazon.com/dp/B002CML1VG?tag=eloabder-20&linkCode=osi&th=1&psc=1">View Product</a></div><div class="product"><a href="https://www.amazon.com/dp/B00B81XR1Y?tag=eloabder-20&linkCode=osi&th=1&psc=1"><img src="https://m.media-amazon.com/images/I/41NtDXr-dML._SL500_.jpg" alt="Product Image"></a><p>Banana Boat Sport Ultra SPF 30 Sunscreen Spray Twin Pack | Banana Boat Sunscreen Spray SPF 30, Spray On Sunscreen, Water Resistant Sunscreen, Oxybenzone Free Sunscreen Pack, 6oz each</p><p>$13.47 ($1.12 / Ounce)</p><a href="https://www.amazon.com/dp/B00B81XR1Y?tag=eloabder-20&linkCode=osi&th=1&psc=1">View Product</a></div><div class="product"><a href="https://www.amazon.com/dp/B07X1YDGSF?tag=eloabder-20&linkCode=osi&th=1&psc=1"><img src="https://m.media-amazon.com/images/I/31PSmI7nKIL._SL500_.jpg" alt="Product Image"></a><p>Neutrogena Beach Defense Sunscreen Spray SPF 50 Water-Resistant Body Spray with Broad Spectrum , PABA-Free, Oxybenzone-Free & Fast-Drying, Superior Sun Protection, 6.5 oz, Transparent</p><p>$9.88 ($1.52 / Ounce)</p><a href="https://www.amazon.com/dp/B07X1YDGSF?tag=eloabder-20&linkCode=osi&th=1&psc=1">View Product</a></div>
<div class="product"><a href="https://www.amazon.com/dp/B00JJPMXDO?tag=eloabder-20&linkCode=osi&th=1&psc=1"><img src="https://m.media-amazon.com/images/I/41xUbY21ojL._SL500_.jpg" alt="Product Image"></a><p>CeraVe Eye Repair Cream | Under Eye Cream For Puffiness And Bags Under Eyes | Hyaluronic Acid + Niacinamide + Marine Botanical Complex | Hydrating Eye Cream | Oil Free & Opthalmologist Tested</p><p>$13.43 ($26.86 / Ounce)</p><a href="https://www.amazon.com/dp/B00JJPMXDO?tag=eloabder-20&linkCode=osi&th=1&psc=1">View Product</a></div><div class="product"><a href="https://www.amazon.com/dp/B0B3GCCRVH?tag=eloabder-20&linkCode=osi&th=1&psc=1"><img src="https://m.media-amazon.com/images/I/41EdCdrw-AL._SL500_.jpg" alt="Product Image"></a><p>CeraVe Skin Renewing Eye Cream For Wrinkles | Under Eye Cream With Peptides + Caffeine + Niacinamide | Anti Aging Eye Cream For Wrinkles & Crows Feet | Paraben Free & Opthalmologist Tested</p><p>$18.49 ($36.98 / Ounce)</p><a href="https://www.amazon.com/dp/B0B3GCCRVH?tag=eloabder-20&linkCode=osi&th=1&psc=1">View Product</a></div><div class="product"><a href="https://www.amazon.com/dp/B00005333I?tag=eloabder-20&linkCode=osi&th=1&psc=1"><img src="https://m.media-amazon.com/images/I/31webfO63dL._SL500_.jpg" alt="Product Image"></a><p>L'Oreal Paris Dermo-Expertise Eye Defense Eye Cream with Caffeine and Hyaluronic Acid 0.5 oz</p><p>$12.27 ($24.54 / Ounce)</p><a href="https://www.amazon.com/dp/B00005333I?tag=eloabder-20&linkCode=osi&th=1&psc=1">View Product</a></div><div class="product"><a href="https://www.amazon.com/dp/B0CZJ8N83D?tag=eloabder-20&linkCode=osi&th=1&psc=1"><img src="https://m.media-amazon.com/images/I/31fQO3OHiML._SL500_.jpg" alt="Product Image"></a><p>PRIME PROMETICS PrimeEyes Hydrate Under Eye Cream for Mature Women – Hydrating Eye Cream for Dark Circles and Wrinkle Repair – Soft, Glowing & Healthy Under Eyes</p><p>$62.00</p><a href="https://www.amazon.com/dp/B0CZJ8N83D?tag=eloabder-20&linkCode=osi&th=1&psc=1">View Product</a></div><div class="product"><a href="https://www.amazon.com/dp/B0009RFB76?tag=eloabder-20&linkCode=osi&th=1&psc=1"><img src="https://m.media-amazon.com/images/I/31M2iQDNDOL._SL500_.jpg" alt="Product Image"></a><p>RoC Retinol Correxion Under Eye Cream for Dark Circles & Puffiness, Daily Wrinkle Cream, Anti Aging Line Smoothing Skin Care Treatment for Women and Men, 0.5 oz (Packaging May Vary)</p><p>$19.77 ($39.54 / Fl Oz)</p><a href="https://www.amazon.com/dp/B0009RFB76?tag=eloabder-20&linkCode=osi&th=1&psc=1">View Product</a></div><div class="product"><a href="https://www.amazon.com/dp/B0D3TG6MN3?tag=eloabder-20&linkCode=osi&th=1&psc=1"><img src="https://m.media-amazon.com/images/I/21-DQIJf5xL._SL500_.jpg" alt="Product Image"></a><p>Dr.Melaxin Eyephalt Eyebag Cream for Puffiness, Dark Circles&Fine Lines | EGF Anti-Aging Under Eye Moisturizer with Niacinamide&Ceramide 0.33 fl.oz.</p><p>$59.00 ($178.79 / Fl Oz)</p><a href="https://www.amazon.com/dp/B0D3TG6MN3?tag=eloabder-20&linkCode=osi&th=1&psc=1">View Product</a></div><div class="product"><a href="https://www.amazon.com/dp/B07CKJRJXB?tag=eloabder-20&linkCode=osi&th=1&psc=1"><img src="https://m.media-amazon.com/images/I/31pJCzbhXrL._SL500_.jpg" alt="Product Image"></a><p>No7 Lift & Luminate Triple Action Eye Cream - Anti-Aging Under Eye Cream for Dark Circles, Puffiness & Wrinkles - Formulated with Vitamin C to Brighten and Refresh Tired Eyes (0.5 Fl Oz)</p><p>$15.99</p><a href="https://www.amazon.com/dp/B07CKJRJXB?tag=eloabder-20&linkCode=osi&th=1&psc=1">View Product</a></div>
<div class="product"><a href="https://www.amazon.com/dp/B0BBSP2JNQ?tag=eloabder-20&linkCode=osi&th=1&psc=1"><img src="https://m.media-amazon.com/images/I/51qb7tiAJgL._SL500_.jpg" alt="Product Image"></a><p>SimplyVital Face Moisturizer Collagen Cream - Anti Aging Neck and Décolleté - Made in USA Day & Night Face Cream - Moisturizing, Lifting & Recovery – 1.7oz</p><p>$22.89 ($13.46 / Fl Oz)</p><a href="https://www.amazon.com/dp/B0BBSP2JNQ?tag=eloabder-20&linkCode=osi&th=1&psc=1">View Product</a></div><div class="product"><a href="https://www.amazon.com/dp/B008EKY8VK?tag=eloabder-20&linkCode=osi&th=1&psc=1"><img src="https://m.media-amazon.com/images/I/419EZkaOOIL._SL500_.jpg" alt="Product Image"></a><p>L'Oreal Paris Revitalift Triple Power Anti-Aging Face Moisturizer, Pro Retinol, Hyaluronic Acid & Vitamin C to Reduce Wrinkles, Firm & Brighten Skin, 1.7 Oz</p><p>$17.86 ($10.51 / Ounce)</p><a href="https://www.amazon.com/dp/B008EKY8VK?tag=eloabder-20&linkCode=osi&th=1&psc=1">View Product</a></div><div class="product"><a href="https://www.amazon.com/dp/B00HNSSPDG?tag=eloabder-20&linkCode=osi&th=1&psc=1"><img src="https://m.media-amazon.com/images/I/41zARcUorbL._SL500_.jpg" alt="Product Image"></a><p>Neutrogena Triple Age Repair Anti-Aging Night Cream with Vitamin C; Fights Wrinkles & Evens Tone, Firming Anti-Wrinkle Face & Neck Cream; Glycerin & Shea Butter, 1.7 oz</p><p>$19.19 ($11.29 / Ounce)</p><a href="https://www.amazon.com/dp/B00HNSSPDG?tag=eloabder-20&linkCode=osi&th=1&psc=1">View Product</a></div><div class="product"><a href="https://www.amazon.com/dp/B0C9H6PD9B?tag=eloabder-20&linkCode=osi&th=1&psc=1"><img src="https://m.media-amazon.com/images/I/51MQp9qtYZL._SL500_.jpg" alt="Product Image"></a><p>Collagen Face Moisturizer with Airless Pump - Collagen Botanical Stem Cells Cream for Skin with Retinol, Niacinamide, Hyaluronic Acid - Anti-Aging Day & Night Cream - Made in USA (1.7 Oz)</p><p>$14.99 ($8.82 / Ounce)</p><a href="https://www.amazon.com/dp/B0C9H6PD9B?tag=eloabder-20&linkCode=osi&th=1&psc=1">View Product</a></div><div class="product"><a href="https://www.amazon.com/dp/B01ES349CY?tag=eloabder-20&linkCode=osi&th=1&psc=1"><img src="https://m.media-amazon.com/images/I/51C9olHbYgL._SL500_.jpg" alt="Product Image"></a><p>LilyAna Naturals Retinol Cream - Made in USA, Anti Aging Moisturizer for Face and Neck,Wrinkle, Retinol Complex - 1.7oz</p><p>$18.16 ($10.68 / Ounce)</p><a href="https://www.amazon.com/dp/B01ES349CY?tag=eloabder-20&linkCode=osi&th=1&psc=1">View Product</a></div><div class="product"><a href="https://www.amazon.com/dp/B00QSHEN0M?tag=eloabder-20&linkCode=osi&th=1&psc=1"><img src="https://m.media-amazon.com/images/I/41XiN2SLyrL._SL500_.jpg" alt="Product Image"></a><p>Burt's Bees Renewal Firming Face Cream, Anti-Aging Retinol Alternative, Moisturizing Natural Origin Skin Care, 1.8 Ounce (Packaging May Vary)</p><p>$9.75 ($5.42 / Ounce)</p><a href="https://www.amazon.com/dp/B00QSHEN0M?tag=eloabder-20&linkCode=osi&th=1&psc=1">View Product</a></div><div class="product"><a href="https://www.amazon.com/dp/B0744JV661?tag=eloabder-20&linkCode=osi&th=1&psc=1"><img src="https://m.media-amazon.com/images/I/41uJ0OhvRuL._SL500_.jpg" alt="Product Image"></a><p>RoC Retinol Correxion Max Daily Hydration Anti-Aging Face Moisturizer with Hyaluronic Acid, Oil Free Skin Care Cream for Fine Lines, Dark Spots, Post-Acne Scars, 1.7 Ounces (Packaging May Vary)</p><p>$21.53 ($12.66 / Ounce)</p><a href="https://www.amazon.com/dp/B0744JV661?tag=eloabder-20&linkCode=osi&th=1&psc=1">View Product</a></div><div class="product"><a href="https://www.amazon.com/dp/B004D2C57M?tag=eloabder-20&linkCode=osi&th=1&psc=1"><img src="https://m.media-amazon.com/images/I/4106jzuxtsL._SL500_.jpg" alt="Product Image"></a><p>Neutrogena Retinol Face Moisturizer, Rapid Wrinkle Repair with SPF 30 Sunscreen, Daily Anti-Aging Face Cream with Retinol & Hyaluronic Acid to Fight Fine Lines, Wrinkles, & Dark Spots, 1 fl. oz</p><p>$17.14</p><a href="https://www.amazon.com/dp/B004D2C57M?tag=eloabder-20&linkCode=osi&th=1&psc=1">View Product</a></div><div class="product"><a href="https://www.amazon.com/dp/B0B5TBVX6C?tag=eloabder-20&linkCode=osi&th=1&psc=1"><img src="https://m.media-amazon.com/images/I/51nRJsctWHL._SL500_.jpg" alt="Product Image"></a><p>Retinol Cream for Face - Facial Moisturizer with Collagen and Hyaluronic Acid, Anti-Wrinkle Reduce Fine Lines Vitamin C+E Natural-Ingredient Day Night Anti-Aging For Women Men</p><p>$14.99 ($8.82 / Fl Oz)</p><a href="https://www.amazon.com/dp/B0B5TBVX6C?tag=eloabder-20&linkCode=osi&th=1&psc=1">View Product</a></div>
<div class="product"><a href="https://www.amazon.com/dp/B00DG8F02Q?tag=eloabder-20&linkCode=osi&th=1&psc=1"><img src="https://m.media-amazon.com/images/I/31+WLRw2Y6L._SL500_.jpg" alt="Product Image"></a><p>NIVEA Shea Nourish Body Lotion, 48-Hour Moisturizing Shea Butter Lotion for Dry Skin with Deep Nourishing Serum, 16.9 Fl Oz Pump Bottle</p><p>$6.29 ($0.37 / Fl Oz)</p><a href="https://www.amazon.com/dp/B00DG8F02Q?tag=eloabder-20&linkCode=osi&th=1&psc=1">View Product</a></div><div class="product"><a href="https://www.amazon.com/dp/B076G2XGY3?tag=eloabder-20&linkCode=osi&th=1&psc=1"><img src="https://m.media-amazon.com/images/I/41jIXvha20L._SL500_.jpg" alt="Product Image"></a><p>NIVEA Essentially Enriched Body Lotion for Dry Skin, Pack of 2, 16.9 Fl Oz Pump Bottles</p><p>$10.98 ($0.32 / Fl Oz)</p><a href="https://www.amazon.com/dp/B076G2XGY3?tag=eloabder-20&linkCode=osi&th=1&psc=1">View Product</a></div><div class="product"><a href="https://www.amazon.com/dp/B00DG8EZKO?tag=eloabder-20&linkCode=osi&th=1&psc=1"><img src="https://m.media-amazon.com/images/I/31DT3ghuyXL._SL500_.jpg" alt="Product Image"></a><p>NIVEA Intense Healing Body Lotion for Dry Skin, 72-Hour Moisturizing Lotion with Deep Nourishing Serum and Provitamin B5, 16.9 Fl Oz Pump Bottle</p><p>$6.29 ($0.37 / Fl Oz)</p><a href="https://www.amazon.com/dp/B00DG8EZKO?tag=eloabder-20&linkCode=osi&th=1&psc=1">View Product</a></div><div class="product"><a href="https://www.amazon.com/dp/B08KT5HM98?tag=eloabder-20&linkCode=osi&th=1&psc=1"><img src="https://m.media-amazon.com/images/I/311EVJ1x7tL._SL500_.jpg" alt="Product Image"></a><p>eos Shea Better Body Lotion- Coconut Waters, 24-Hour Moisture Skin Care, Lightweight & Non-Greasy, Made with Natural Shea, Vegan, 16 fl oz</p><p>$8.98 ($0.56 / Fl Oz)</p><a href="https://www.amazon.com/dp/B08KT5HM98?tag=eloabder-20&linkCode=osi&th=1&psc=1">View Product</a></div><div class="product"><a href="https://www.amazon.com/dp/B0034F9K36?tag=eloabder-20&linkCode=osi&th=1&psc=1"><img src="https://m.media-amazon.com/images/I/319i3EFVPvL._SL500_.jpg" alt="Product Image"></a><p>Jergens Ultra Healing Dry Skin Moisturizer, Body and Hand Lotion for Dry Skin, for Quick Absorption into Extra Dry Skin, with HYDRALUCENCE blend, Vitamins C, E, and B5, 32 Ounce</p><p>$8.17 ($0.26 / Fl Oz)</p><a href="https://www.amazon.com/dp/B0034F9K36?tag=eloabder-20&linkCode=osi&th=1&psc=1">View Product</a></div><div class="product"><a href="https://www.amazon.com/dp/B003JT8PKQ?tag=eloabder-20&linkCode=osi&th=1&psc=1"><img src="https://m.media-amazon.com/images/I/31TFisQDpKL._SL500_.jpg" alt="Product Image"></a><p>Lubriderm Daily Moisture Lotion + Pro-Ceramide with Shea Butter & Glycerin Helps Moisturize Dry Skin, Hydrating Face, Hand & Body Lotion is Lightly Scented & Non-Greasy, 24 fl. oz</p><p>$10.12 ($0.42 / Fl Oz)</p><a href="https://www.amazon.com/dp/B003JT8PKQ?tag=eloabder-20&linkCode=osi&th=1&psc=1">View Product</a></div><div class="product"><a href="https://www.amazon.com/dp/B07RK4HST7?tag=eloabder-20&linkCode=osi&th=1&psc=1"><img src="https://m.media-amazon.com/images/I/412DGoW35mL._SL500_.jpg" alt="Product Image"></a><p>CeraVe Daily Moisturizing Lotion for Dry Skin | Body Lotion & Face Moisturizer with Hyaluronic Acid and Ceramides | Daily Moisturizer | Fragrance Free | Oil-Free | 19 Ounce</p><p>$18.50 ($0.97 / Fl Oz)</p><a href="https://www.amazon.com/dp/B07RK4HST7?tag=eloabder-20&linkCode=osi&th=1&psc=1">View Product</a></div><div class="product"><a href="https://www.amazon.com/dp/B0D484X4RL?tag=eloabder-20&linkCode=osi&th=1&psc=1"><img src="https://m.media-amazon.com/images/I/31rZLOx+KEL._SL500_.jpg" alt="Product Image"></a><p>Native Body Lotion Contains Naturally Derived Plant-Based Moisturizers for Women and Men | Restores Dry Skin, Coconut & Vanilla, 16.5 fl oz</p><p>$13.97 ($0.85 / Fl Oz)</p><a href="https://www.amazon.com/dp/B0D484X4RL?tag=eloabder-20&linkCode=osi&th=1&psc=1">View Product</a></div><div class="product"><a href="https://www.amazon.com/dp/B073CXZ8KR?tag=eloabder-20&linkCode=osi&th=1&psc=1"><img src="https://m.media-amazon.com/images/I/31r1ImnqoOL._SL500_.jpg" alt="Product Image"></a><p>Nivea Oil Infused Cherry Blossom and Jojoba Oil Body Lotion, Non-Greasy Cherry Blossom Scented Lotion Moisturizes for 24+ Hours, 16.9 Fl Oz Pump Bottle</p><p>$6.29 ($0.37 / Fl Oz)</p><a href="https://www.amazon.com/dp/B073CXZ8KR?tag=eloabder-20&linkCode=osi&th=1&psc=1">View Product</a></div><div class="product"><a href="https://www.amazon.com/dp/B09HHBKK15?tag=eloabder-20&linkCode=osi&th=1&psc=1"><img src="https://m.media-amazon.com/images/I/31gFI+hSGmL._SL500_.jpg" alt="Product Image"></a><p>Amazon Basics Cocoa Butter Body Lotion, Lightly scented, 20.3 fl oz</p><p>$4.89 ($0.24 / Fl Oz)</p><a href="https://www.amazon.com/dp/B09HHBKK15?tag=eloabder-20&linkCode=osi&th=1&psc=1">View Product</a></div>
<div class="product"><a href="https://www.amazon.com/dp/B0BVBZPX9B?tag=eloabder-20&linkCode=osi&th=1&psc=1"><img src="https://m.media-amazon.com/images/I/61Y09jlKZkL._SL500_.jpg" alt="Product Image"></a><p>Dove Deep Moisture Body Wash 30.6 Fl Oz Pack of 3 with Pump, Luxurious Hydration for Dry Skin, Cleanser with 24hr Renewing MicroMoisture</p><p>$23.22 ($0.25 / Fl Oz)</p><a href="https://www.amazon.com/dp/B0BVBZPX9B?tag=eloabder-20&linkCode=osi&th=1&psc=1">View Product</a></div><div class="product"><a href="https://www.amazon.com/dp/B0BT1VXDGD?tag=eloabder-20&linkCode=osi&th=1&psc=1"><img src="https://m.media-amazon.com/images/I/217eAv7yKyL._SL500_.jpg" alt="Product Image"></a><p>Method Body Wash, Pure Peace, Paraben and Phthalate Free, Biodegradable Formula, 28 oz (Pack of 1)</p><p>$11.48 ($0.41 / Fl Oz)</p><a href="https://www.amazon.com/dp/B0BT1VXDGD?tag=eloabder-20&linkCode=osi&th=1&psc=1">View Product</a></div><div class="product"><a href="https://www.amazon.com/dp/B0BVBYQGTW?tag=eloabder-20&linkCode=osi&th=1&psc=1"><img src="https://m.media-amazon.com/images/I/61En44WjwPL._SL500_.jpg" alt="Product Image"></a><p>Dove Body Wash with Pump Sensitive Skin 3 Count Hypoallergenic, Paraben-Free, Sulfate-Free, Cruelty-Free, Moisturizing Skin Cleanser Effectively Washes Away Bacteria While Nourishing Skin 30.6 oz</p><p>$23.22 ($0.25 / Fl Oz)</p><a href="https://www.amazon.com/dp/B0BVBYQGTW?tag=eloabder-20&linkCode=osi&th=1&psc=1">View Product</a></div><div class="product"><a href="https://www.amazon.com/dp/B0CGY5BLBW?tag=eloabder-20&linkCode=osi&th=1&psc=1"><img src="https://m.media-amazon.com/images/I/61X7MjVU6uL._SL500_.jpg" alt="Product Image"></a><p>Dove Exfoliating Body Wash Glow Recharge Energizes & illuminates skin 3% brightening serum with vitamin C 18.5 oz</p><p>$9.79 ($0.53 / Fl Oz)</p><a href="https://www.amazon.com/dp/B0CGY5BLBW?tag=eloabder-20&linkCode=osi&th=1&psc=1">View Product</a></div><div class="product"><a href="https://www.amazon.com/dp/B082QB23YG?tag=eloabder-20&linkCode=osi&th=1&psc=1"><img src="https://m.media-amazon.com/images/I/31QPAuuaLwL._SL500_.jpg" alt="Product Image"></a><p>NIVEA Refreshing White Peach and Jasmine Body Wash, Scented Body Wash with Nourishing Serum, Plant-Derived Oils, Essential Skin Lipids and Vitamins, 20 Fl Oz Bottle</p><p>$4.89 ($0.24 / Fl Oz)</p><a href="https://www.amazon.com/dp/B082QB23YG?tag=eloabder-20&linkCode=osi&th=1&psc=1">View Product</a></div><div class="product"><a href="https://www.amazon.com/dp/B0BHH1LBX2?tag=eloabder-20&linkCode=osi&th=1&psc=1"><img src="https://m.media-amazon.com/images/I/41aG-jLyOqL._SL500_.jpg" alt="Product Image"></a><p>Olay Ultra Rich Moisture Body Wash for Women, Deeply Nourishes, Vitamin B3 Complex, Clinically Proven, Shea Butter Scent, 22 fl oz (Pack of 4)</p><p>$27.96 ($0.32 / Fl Oz)</p><a href="https://www.amazon.com/dp/B0BHH1LBX2?tag=eloabder-20&linkCode=osi&th=1&psc=1">View Product</a></div><div class="product"><a href="https://www.amazon.com/dp/B07FD24RTR?tag=eloabder-20&linkCode=osi&th=1&psc=1"><img src="https://m.media-amazon.com/images/I/31klAgInvXL._SL500_.jpg" alt="Product Image"></a><p>Aveeno Stress Relief Body Wash with Soothing Oat for Sensitive Skin, Lavender Body Wash to help you feel Calm and Relaxed, Sulfate-Free, 33 FL OZ</p><p>$13.48 ($0.41 / Fl Oz)</p><a href="https://www.amazon.com/dp/B07FD24RTR?tag=eloabder-20&linkCode=osi&th=1&psc=1">View Product</a></div><div class="product"><a href="https://www.amazon.com/dp/B082QC2MCX?tag=eloabder-20&linkCode=osi&th=1&psc=1"><img src="https://m.media-amazon.com/images/I/31ohT5XH1TS._SL500_.jpg" alt="Product Image"></a><p>NIVEA Shea Butter Nourishing Body Wash, Moisturizing Body Wash with Nourishing Serum, Plant-Derived Oils, Essential Skin Lipids and Vitamins, 20 Fl Oz Bottle</p><p>$5.29 ($0.26 / Fl Oz)</p><a href="https://www.amazon.com/dp/B082QC2MCX?tag=eloabder-20&linkCode=osi&th=1&psc=1">View Product</a></div><div class="product"><a href="https://www.amazon.com/dp/B0BVBYDTZ6?tag=eloabder-20&linkCode=osi&th=1&psc=1"><img src="https://m.media-amazon.com/images/I/61UbJzK8yIL._SL500_.jpg" alt="Product Image"></a><p>Dove Body Wash with Pump Refreshing Cucumber and Green Tea 3 Count Refreshes Skin Cleanser That Effectively Washes Away Bacteria While Nourishing Your Skin 30.6 oz</p><p>$29.91 ($0.33 / Fl Oz)</p><a href="https://www.amazon.com/dp/B0BVBYDTZ6?tag=eloabder-20&linkCode=osi&th=1&psc=1">View Product</a></div><div class="product"><a href="https://www.amazon.com/dp/B082QBPDJC?tag=eloabder-20&linkCode=osi&th=1&psc=1"><img src="https://m.media-amazon.com/images/I/31tC4JDwHQL._SL500_.jpg" alt="Product Image"></a><p>NIVEA Coconut and Almond Milk Pampering Body Wash, Moisturizing Body Wash with Nourishing Serum, Plant-Derived Oils, Essential Skin Lipids and Vitamins, 20 Fl Oz Bottle</p><p>$4.99 ($0.25 / Fl Oz)</p><a href="https://www.amazon.com/dp/B082QBPDJC?tag=eloabder-20&linkCode=osi&th=1&psc=1">View Product</a></div>
<div class="product"><a href="https://www.amazon.com/dp/B07N7MWX72?tag=eloabder-20&linkCode=osi&th=1&psc=1"><img src="https://m.media-amazon.com/images/I/414aNTDFuRL._SL500_.jpg" alt="Product Image"></a><p>Mielle Organics Rosemary Mint Strengthening Shampoo Infused with Biotin, Cleanses and Helps Strengthen Weak and Brittle Hair, 12 Ounces</p><p>$9.97 ($0.83 / Fl Oz)</p><a href="https://www.amazon.com/dp/B07N7MWX72?tag=eloabder-20&linkCode=osi&th=1&psc=1">View Product</a></div><div class="product"><a href="https://www.amazon.com/dp/B01N97PCBH?tag=eloabder-20&linkCode=osi&th=1&psc=1"><img src="https://m.media-amazon.com/images/I/41KYNMCTIPL._SL500_.jpg" alt="Product Image"></a><p>Garnier Fructis Pure Clean Purifying Shampoo, Silicone-Free, 12.5 Fl Oz, 1 Count (Packaging May Vary)</p><p>$3.97 ($0.32 / Fl Oz)</p><a href="https://www.amazon.com/dp/B01N97PCBH?tag=eloabder-20&linkCode=osi&th=1&psc=1">View Product</a></div><div class="product"><a href="https://www.amazon.com/dp/B07D37PQGL?tag=eloabder-20&linkCode=osi&th=1&psc=1"><img src="https://m.media-amazon.com/images/I/31+tZhs5TNL._SL500_.jpg" alt="Product Image"></a><p>Olaplex No. 4 Bond Maintenance Shampoo, Repairs, Strengthens, & Nourishes All Hair Types, Adds Shine & Leaves Hair Feeling Soft, 8.5 fl oz</p><p>$30.00 ($3.53 / Fl Oz)</p><a href="https://www.amazon.com/dp/B07D37PQGL?tag=eloabder-20&linkCode=osi&th=1&psc=1">View Product</a></div><div class="product"><a href="https://www.amazon.com/dp/B084LHV2M1?tag=eloabder-20&linkCode=osi&th=1&psc=1"><img src="https://m.media-amazon.com/images/I/4174ry43L0L._SL500_.jpg" alt="Product Image"></a><p>Herbal Essences Hello hydration shampoo shampooing for hair 29.2 FL OZ</p><p>$7.97 ($0.27 / Fl Oz)</p><a href="https://www.amazon.com/dp/B084LHV2M1?tag=eloabder-20&linkCode=osi&th=1&psc=1">View Product</a></div><div class="product"><a href="https://www.amazon.com/dp/B08SSM21R4?tag=eloabder-20&linkCode=osi&th=1&psc=1"><img src="https://m.media-amazon.com/images/I/31WbRm+ZKEL._SL500_.jpg" alt="Product Image"></a><p>Redken All Soft Shampoo | Deeply Moisturizes and Hydrates | Softens, Smooths, and Adds Shine | Safe for Color-Treated Hair | Nourishing Shampoo for Dry Hair | With Argan Oil</p><p>$26.00 ($2.57 / Fl Oz)</p><a href="https://www.amazon.com/dp/B08SSM21R4?tag=eloabder-20&linkCode=osi&th=1&psc=1">View Product</a></div><div class="product"><a href="https://www.amazon.com/dp/B0D4SBLLRJ?tag=eloabder-20&linkCode=osi&th=1&psc=1"><img src="https://m.media-amazon.com/images/I/41uWwx+mKwL._SL500_.jpg" alt="Product Image"></a><p>Olaplex Wash and Shine Kit</p><p>$57.00</p><a href="https://www.amazon.com/dp/B0D4SBLLRJ?tag=eloabder-20&linkCode=osi&th=1&psc=1">View Product</a></div><div class="product"><a href="https://www.amazon.com/dp/B086S4Q7JH?tag=eloabder-20&linkCode=osi&th=1&psc=1"><img src="https://m.media-amazon.com/images/I/51i3YLQncNL._SL500_.jpg" alt="Product Image"></a><p>Herbal Essences Shampoo and Conditioner Set, Vitamin E, Rose Hips and Jojoba Extract, Smooth Collection, Bundle</p><p>$13.81 ($0.24 / Fl Oz)</p><a href="https://www.amazon.com/dp/B086S4Q7JH?tag=eloabder-20&linkCode=osi&th=1&psc=1">View Product</a></div><div class="product"><a href="https://www.amazon.com/dp/B01ENCBOA0?tag=eloabder-20&linkCode=osi&th=1&psc=1"><img src="https://m.media-amazon.com/images/I/41wcbs9bSAL._SL500_.jpg" alt="Product Image"></a><p>Rosemary and Biotin Shampoo for Thinning Hair - Vegan Volumizing Shampoo for Fine Hair with Argan and Tea Tree Oil - Paraben Silicone and Sulfate Free Shampoo for Dry Damaged Weak and Thin Hair Care</p><p>$12.95 ($1.62 / Fl Oz)</p><a href="https://www.amazon.com/dp/B01ENCBOA0?tag=eloabder-20&linkCode=osi&th=1&psc=1">View Product</a></div><div class="product"><a href="https://www.amazon.com/dp/B07NQ69L7P?tag=eloabder-20&linkCode=osi&th=1&psc=1"><img src="https://m.media-amazon.com/images/I/51c83KZZLJL._SL500_.jpg" alt="Product Image"></a><p>Herbal Essences Argan Oil of Morocco Shampoo & Conditioner Set, Repair & Smooth, Kew Endorsed, Fizzy Citrus Scent, Paraben-Free, Safe for Color-Treated Hair, pH-Balanced, 20.2 Fl Oz Each, 2 Pack</p><p>$24.99</p><a href="https://www.amazon.com/dp/B07NQ69L7P?tag=eloabder-20&linkCode=osi&th=1&psc=1">View Product</a></div>
<div class="product"><a href="https://www.amazon.com/dp/B0891BBRHW?tag=eloabder-20&linkCode=osi&th=1&psc=1"><img src="https://m.media-amazon.com/images/I/31ndDwe7VSL._SL500_.jpg" alt="Product Image"></a><p>Pureology Hydrate Moisturizing Conditioner | Softens and Deeply Hydrates Dry Hair | For Medium to Thick Color Treated or Natural Hair | Sulfate Free Conditioner | Vegan</p><p>$37.00 ($4.11 / Fl Oz)</p><a href="https://www.amazon.com/dp/B0891BBRHW?tag=eloabder-20&linkCode=osi&th=1&psc=1">View Product</a></div><div class="product"><a href="https://www.amazon.com/dp/B07D37SBHF?tag=eloabder-20&linkCode=osi&th=1&psc=1"><img src="https://m.media-amazon.com/images/I/31ivDW-ouZL._SL500_.jpg" alt="Product Image"></a><p>Olaplex No. 5 Bond Maintenance Conditioner, Repairs, Strengthens, & Nourishes All Hair Types, Leaving Hair Feeling Soft & Adds Shine, 8.5 fl oz"</p><p>$30.00 ($3.53 / Fl Oz)</p><a href="https://www.amazon.com/dp/B07D37SBHF?tag=eloabder-20&linkCode=osi&th=1&psc=1">View Product</a></div><div class="product"><a href="https://www.amazon.com/dp/B07CLD17F5?tag=eloabder-20&linkCode=osi&th=1&psc=1"><img src="https://m.media-amazon.com/images/I/61hTHQjDOkL._SL500_.jpg" alt="Product Image"></a><p>Dove Ultra Care Conditioner Coconut & Hydration for Dry Hair Conditioner with Coconut Oil, Jojoba Oil & Sweet Almond Oil 25.4 oz</p><p>$7.49 ($0.29 / Fl Oz)</p><a href="https://www.amazon.com/dp/B07CLD17F5?tag=eloabder-20&linkCode=osi&th=1&psc=1">View Product</a></div><div class="product"><a href="https://www.amazon.com/dp/B0752CBW5T?tag=eloabder-20&linkCode=osi&th=1&psc=1"><img src="https://m.media-amazon.com/images/I/31-KMa7LAlS._SL500_.jpg" alt="Product Image"></a><p>L'Oreal Paris Elvive Total Repair 5 Repairing Conditioner for Damaged Hair Conditioner with Protein and Ceramide for Strong Silky Shiny Healthy Renewed Hair 28 Fl Oz</p><p>$8.49 ($0.30 / Fl Oz)</p><a href="https://www.amazon.com/dp/B0752CBW5T?tag=eloabder-20&linkCode=osi&th=1&psc=1">View Product</a></div><div class="product"><a href="https://www.amazon.com/dp/B00L01DEII?tag=eloabder-20&linkCode=osi&th=1&psc=1"><img src="https://m.media-amazon.com/images/I/31EJqWmmSNL._SL500_.jpg" alt="Product Image"></a><p>Biolage Ultra Hydra Source Conditioning Balm | Deep Hydrating Conditioner | Renews Hair's Moisture | For Very Dry Hair | Silicone-Free | Vegan | Salon Conditioner | 33.8 Fl. Oz</p><p>$42.00 ($1.24 / Fl Oz)</p><a href="https://www.amazon.com/dp/B00L01DEII?tag=eloabder-20&linkCode=osi&th=1&psc=1">View Product</a></div><div class="product"><a href="https://www.amazon.com/dp/B08SSCQH77?tag=eloabder-20&linkCode=osi&th=1&psc=1"><img src="https://m.media-amazon.com/images/I/31P8RgJeqwL._SL500_.jpg" alt="Product Image"></a><p>Redken All Soft Conditioner | For Dry / Brittle Hair | Moisturizes & Provides Intense Softness | With Argan Oil | 10.1 Fl Oz</p><p>$26.00 ($2.57 / Fl Oz)</p><a href="https://www.amazon.com/dp/B08SSCQH77?tag=eloabder-20&linkCode=osi&th=1&psc=1">View Product</a></div><div class="product"><a href="https://www.amazon.com/dp/B074VLNPSG?tag=eloabder-20&linkCode=osi&th=1&psc=1"><img src="https://m.media-amazon.com/images/I/319FOowuSkL._SL500_.jpg" alt="Product Image"></a><p>Garnier Fructis Grow Strong Conditioner, 33.8 Fl Oz, 1 Count (Packaging May Vary)</p><p>$8.49 ($0.25 / Fl Oz)</p><a href="https://www.amazon.com/dp/B074VLNPSG?tag=eloabder-20&linkCode=osi&th=1&psc=1">View Product</a></div><div class="product"><a href="https://www.amazon.com/dp/B00JAI4FGI?tag=eloabder-20&linkCode=osi&th=1&psc=1"><img src="https://m.media-amazon.com/images/I/212rXWGPu1L._SL500_.jpg" alt="Product Image"></a><p>Biolage Color Last Conditioner | Helps Protect Hair & Maintain Vibrant Color | For Color-Treated and Natural Hair | Paraben & Silicone-Free | Vegan | Cruelty Free | Color Protecting Salon Conditioner</p><p>$24.00 ($1.78 / Fl Oz)</p><a href="https://www.amazon.com/dp/B00JAI4FGI?tag=eloabder-20&linkCode=osi&th=1&psc=1">View Product</a></div>
<div class="product"><a href="https://www.amazon.com/dp/B00I32AN4K?tag=eloabder-20&linkCode=osi&th=1&psc=1"><img src="https://m.media-amazon.com/images/I/51KpmxinYYL._SL500_.jpg" alt="Product Image"></a><p>Arvazallia Hydrating Argan Oil Hair Mask and Deep Conditioner for Dry or Damaged Hair - 8.45 Oz</p><p>$12.95 ($1.53 / Fl Oz)</p><a href="https://www.amazon.com/dp/B00I32AN4K?tag=eloabder-20&linkCode=osi&th=1&psc=1">View Product</a></div><div class="product"><a href="https://www.amazon.com/dp/B07H3GBSC3?tag=eloabder-20&linkCode=osi&th=1&psc=1"><img src="https://m.media-amazon.com/images/I/41I862UzKRL._SL500_.jpg" alt="Product Image"></a><p>amika soulfood nourishing Mask, 8 Fl oz</p><p>$34.00 ($4.25 / Fl Oz)</p><a href="https://www.amazon.com/dp/B07H3GBSC3?tag=eloabder-20&linkCode=osi&th=1&psc=1">View Product</a></div><div class="product"><a href="https://www.amazon.com/dp/B075L6BL61?tag=eloabder-20&linkCode=osi&th=1&psc=1"><img src="https://m.media-amazon.com/images/I/41zCFV7oGTL._SL500_.jpg" alt="Product Image"></a><p>Karseell Collagen Hair Treatment Deep Repair Conditioning Argan Oil Collagen Hair Mask Essence for Dry Damaged Hair All Hair Types 16.90 oz 500ml</p><p>$23.33 ($1.38 / Fl Oz)</p><a href="https://www.amazon.com/dp/B075L6BL61?tag=eloabder-20&linkCode=osi&th=1&psc=1">View Product</a></div><div class="product"><a href="https://www.amazon.com/dp/B0BQ54DQNM?tag=eloabder-20&linkCode=osi&th=1&psc=1"><img src="https://m.media-amazon.com/images/I/41uhtWPJeuL._SL500_.jpg" alt="Product Image"></a><p>Eva NYC Therapy Session Hair Mask, Deep Conditioning Hair Mask Infused with Argan Oil and Plant Protein, 16.9 fl oz</p><p>$19.00 ($1.12 / Fl Oz)</p><a href="https://www.amazon.com/dp/B0BQ54DQNM?tag=eloabder-20&linkCode=osi&th=1&psc=1">View Product</a></div><div class="product"><a href="https://www.amazon.com/dp/B01I2ZQJSG?tag=eloabder-20&linkCode=osi&th=1&psc=1"><img src="https://m.media-amazon.com/images/I/41ctrFUeQAL._SL500_.jpg" alt="Product Image"></a><p>Elizavecca cer-100 collagen coating hair protein treatment 100ml</p><p>$7.40 ($2.19 / Fl Oz)</p><a href="https://www.amazon.com/dp/B01I2ZQJSG?tag=eloabder-20&linkCode=osi&th=1&psc=1">View Product</a></div><div class="product"><a href="https://www.amazon.com/dp/B07N7NBYSP?tag=eloabder-20&linkCode=osi&th=1&psc=1"><img src="https://m.media-amazon.com/images/I/515lD0OXQ+L._SL500_.jpg" alt="Product Image"></a><p>Mielle Organics Rosemary Mint Strengthening Hair Masque, Essential Oil & Biotin Deep Treatment, Miracle Repair for Dry, Damaged, & Frizzy Hair, 12 Ounces</p><p>$9.97 ($0.83 / Ounce)</p><a href="https://www.amazon.com/dp/B07N7NBYSP?tag=eloabder-20&linkCode=osi&th=1&psc=1">View Product</a></div><div class="product"><a href="https://www.amazon.com/dp/B002N5MKMG?tag=eloabder-20&linkCode=osi&th=1&psc=1"><img src="https://m.media-amazon.com/images/I/41NxqnExYnL._SL500_.jpg" alt="Product Image"></a><p>Moroccanoil Intense Hydrating Mask, 8.5 Fl. Oz.</p><p>$42.00 ($4.94 / Fl Oz)</p><a href="https://www.amazon.com/dp/B002N5MKMG?tag=eloabder-20&linkCode=osi&th=1&psc=1">View Product</a></div><div class="product"><a href="https://www.amazon.com/dp/B07M7PP9KX?tag=eloabder-20&linkCode=osi&th=1&psc=1"><img src="https://m.media-amazon.com/images/I/41Mpv3wIxEL._SL500_.jpg" alt="Product Image"></a><p>Marc Anthony Grow Long Hair Anti-Breakage Mask, 10.4 OZ</p><p>$8.99 ($0.90 / Fl Oz)</p><a href="https://www.amazon.com/dp/B07M7PP9KX?tag=eloabder-20&linkCode=osi&th=1&psc=1">View Product</a></div><div class="product"><a href="https://www.amazon.com/dp/B09HR5KSR8?tag=eloabder-20&linkCode=osi&th=1&psc=1"><img src="https://m.media-amazon.com/images/I/51aIw6AhsXL._SL500_.jpg" alt="Product Image"></a><p>K18 Mini Leave-In Molecular Hair Mask, Repairs Dry or Damaged Hair, Reverse Hair Damage from Bleach, Color, Chemical Services & Heat, 0.51 Fl Oz</p><p>$29.00 ($56.86 / Fl Oz)</p><a href="https://www.amazon.com/dp/B09HR5KSR8?tag=eloabder-20&linkCode=osi&th=1&psc=1">View Product</a></div>
<div class="product"><a href="https://www.amazon.com/dp/B004J1MNII?tag=eloabder-20&linkCode=osi&th=1&psc=1"><img src="https://m.media-amazon.com/images/I/31nFgivW0gL._SL500_.jpg" alt="Product Image"></a><p>Moroccanoil Hydrating Styling Cream, Travel Size, 2.53 Fl Oz</p><p>$16.00 ($6.40 / Fl Oz)</p><a href="https://www.amazon.com/dp/B004J1MNII?tag=eloabder-20&linkCode=osi&th=1&psc=1">View Product</a></div><div class="product"><a href="https://www.amazon.com/dp/B00G187CP6?tag=eloabder-20&linkCode=osi&th=1&psc=1"><img src="https://m.media-amazon.com/images/I/31belqXvyyL._SL500_.jpg" alt="Product Image"></a><p>COLOR WOW One Minute Transformation – Instant frizz fix| Nourishing styling cream smooths, tames + defrizzes on the spot| Avocado oil + Omega 3’s hydrate, repair for silkier, smoother texture</p><p>$24.00</p><a href="https://www.amazon.com/dp/B00G187CP6?tag=eloabder-20&linkCode=osi&th=1&psc=1">View Product</a></div><div class="product"><a href="https://www.amazon.com/dp/B073CWSQ51?tag=eloabder-20&linkCode=osi&th=1&psc=1"><img src="https://m.media-amazon.com/images/I/41lIHxirIkL._SL500_.jpg" alt="Product Image"></a><p>COLOR WOW Dream Coat Supernatural Spray, 6.7 Fl Oz – Keep Your Hair Frizz-Free and Shiny No Matter the Weather with Award-Winning Anti-Humidity Treatment</p><p>$28.00 ($4.18 / Fl Oz)</p><a href="https://www.amazon.com/dp/B073CWSQ51?tag=eloabder-20&linkCode=osi&th=1&psc=1">View Product</a></div><div class="product"><a href="https://www.amazon.com/dp/B075RGHQVF?tag=eloabder-20&linkCode=osi&th=1&psc=1"><img src="https://m.media-amazon.com/images/I/21TgD3HaqbL._SL500_.jpg" alt="Product Image"></a><p>American Crew Men's Fiber Cream, Like Hair Gel with Medium Hold & Natural Shine, 3.3 Fl Oz</p><p>$9.94 ($3.01 / Ounce)</p><a href="https://www.amazon.com/dp/B075RGHQVF?tag=eloabder-20&linkCode=osi&th=1&psc=1">View Product</a></div><div class="product"><a href="https://www.amazon.com/dp/B0BLWTQ7JC?tag=eloabder-20&linkCode=osi&th=1&psc=1"><img src="https://m.media-amazon.com/images/I/31jMkcol7VL._SL500_.jpg" alt="Product Image"></a><p>DAE Cactus Fruit 3-In-1 Styling Cream - Smooth Styles, Prep Shiny Blowouts, Defines Curls (5 oz.)</p><p>$30.00 ($6.00 / Ounce)</p><a href="https://www.amazon.com/dp/B0BLWTQ7JC?tag=eloabder-20&linkCode=osi&th=1&psc=1">View Product</a></div><div class="product"><a href="https://www.amazon.com/dp/B00H3DOSPU?tag=eloabder-20&linkCode=osi&th=1&psc=1"><img src="https://m.media-amazon.com/images/I/317clPmAyiL._SL500_.jpg" alt="Product Image"></a><p>Biolage Styling Gelée | Firm Hold That Adds Body, Shine & Control | For All Hair Types | Paraben-Free | Vegan | 16.9 fl. oz. | 16.9 Fl. Oz</p><p>$24.00 ($1.42 / Fl Oz)</p><a href="https://www.amazon.com/dp/B00H3DOSPU?tag=eloabder-20&linkCode=osi&th=1&psc=1">View Product</a></div><div class="product"><a href="https://www.amazon.com/dp/B08SNSSTPZ?tag=eloabder-20&linkCode=osi&th=1&psc=1"><img src="https://m.media-amazon.com/images/I/31KrkpMat6L._SL500_.jpg" alt="Product Image"></a><p>L3 Level 3 Styling Powder - Natural Look Mens Powder - Easy to Apply with No Oil or Greasy Residue (Small - 30 Grams)</p><p>$9.99 ($9.51 / Fl Oz)</p><a href="https://www.amazon.com/dp/B08SNSSTPZ?tag=eloabder-20&linkCode=osi&th=1&psc=1">View Product</a></div><div class="product"><a href="https://www.amazon.com/dp/B09MZS3D3K?tag=eloabder-20&linkCode=osi&th=1&psc=1"><img src="https://m.media-amazon.com/images/I/31CADZzpR7L._SL500_.jpg" alt="Product Image"></a><p>Marc Anthony Biotin Styling Hair Cream, Instantly Thick - Biotin & Vitamin E Hair Thickening Cream, Lightweight Hold for Thicker & Fuller Hair - Volumizing Hair Product for Thin, Flat Hair</p><p>$8.99 ($1.82 / Ounce)</p><a href="https://www.amazon.com/dp/B09MZS3D3K?tag=eloabder-20&linkCode=osi&th=1&psc=1">View Product</a></div><div class="product"><a href="https://www.amazon.com/dp/B0009OMNQQ?tag=eloabder-20&linkCode=osi&th=1&psc=1"><img src="https://m.media-amazon.com/images/I/21BMUFOie3L._SL500_.jpg" alt="Product Image"></a><p>Paul Mitchell Extra-Body Sculpting Foam, Thickens + Builds Body, For Fine Hair, 6.7 oz.</p><p>$16.50 ($2.46 / Fl Oz)</p><a href="https://www.amazon.com/dp/B0009OMNQQ?tag=eloabder-20&linkCode=osi&th=1&psc=1">View Product</a></div>
<div class="product"><a href="https://www.amazon.com/dp/B09LXMXSMN?tag=eloabder-20&linkCode=osi&th=1&psc=1"><img src="https://m.media-amazon.com/images/I/51Sly6w-y7L._SL500_.jpg" alt="Product Image"></a><p>Revlon ColorSilk Beautiful Color Permanent Hair Color, Long-Lasting High-Definition Color, Shine & Silky Softness with 100% Gray Coverage, Ammonia Free, 41 Medium Brown, 3 Pack</p><p>$11.91 ($0.90 / Fl Oz)</p><a href="https://www.amazon.com/dp/B09LXMXSMN?tag=eloabder-20&linkCode=osi&th=1&psc=1">View Product</a></div><div class="product"><a href="https://www.amazon.com/dp/B004INIW1Y?tag=eloabder-20&linkCode=osi&th=1&psc=1"><img src="https://m.media-amazon.com/images/I/51QXVxOgEkL._SL500_.jpg" alt="Product Image"></a><p>L'Oreal Paris Excellence Creme Permanent Hair Color, 4 Dark Brown, 100 percent Gray Coverage Hair Dye, Pack of 1</p><p>$10.97</p><a href="https://www.amazon.com/dp/B004INIW1Y?tag=eloabder-20&linkCode=osi&th=1&psc=1">View Product</a></div><div class="product"><a href="https://www.amazon.com/dp/B00TUM6QUC?tag=eloabder-20&linkCode=osi&th=1&psc=1"><img src="https://m.media-amazon.com/images/I/511vRRkzayL._SL500_.jpg" alt="Product Image"></a><p>Schwarzkopf Keratin Color Permanent Hair Color, 6.0 Delicate Praline, 1 Application - Salon Inspired Permanent Hair Dye, for up to 80% Less Breakage vs Untreated Hair and up to 100% Gray Coverage</p><p>$11.97</p><a href="https://www.amazon.com/dp/B00TUM6QUC?tag=eloabder-20&linkCode=osi&th=1&psc=1">View Product</a></div><div class="product"><a href="https://www.amazon.com/dp/B00006JN4M?tag=eloabder-20&linkCode=osi&th=1&psc=1"><img src="https://m.media-amazon.com/images/I/41YBT6aEgWL._SL500_.jpg" alt="Product Image"></a><p>L'Oreal Paris Superior Preference Fade-Defying + Shine Permanent Hair Color, 6 Light Brown, Pack of 1, Hair Dye</p><p>$11.97</p><a href="https://www.amazon.com/dp/B00006JN4M?tag=eloabder-20&linkCode=osi&th=1&psc=1">View Product</a></div><div class="product"><a href="https://www.amazon.com/dp/B07HXH48TF?tag=eloabder-20&linkCode=osi&th=1&psc=1"><img src="https://m.media-amazon.com/images/I/51VP1hHWq9L._SL500_.jpg" alt="Product Image"></a><p>Garnier Hair Color Nutrisse Nourishing Creme, 50 Medium Natural Brown (Truffle) Permanent Hair Dye, 2 Count (Packaging May Vary)</p><p>$16.98 ($8.49 / Count)</p><a href="https://www.amazon.com/dp/B07HXH48TF?tag=eloabder-20&linkCode=osi&th=1&psc=1">View Product</a></div><div class="product"><a href="https://www.amazon.com/dp/B001UMV18M?tag=eloabder-20&linkCode=osi&th=1&psc=1"><img src="https://m.media-amazon.com/images/I/51h21IlxAhL._SL500_.jpg" alt="Product Image"></a><p>Garnier Hair Color Nutrisse Nourishing Creme, 415 Soft Mahogany Brown (Raspberry Truffle) Permanent Hair Dye, 1 Count (Packaging May Vary)</p><p>$8.47</p><a href="https://www.amazon.com/dp/B001UMV18M?tag=eloabder-20&linkCode=osi&th=1&psc=1">View Product</a></div><div class="product"><a href="https://www.amazon.com/dp/B0B3KWJ242?tag=eloabder-20&linkCode=osi&th=1&psc=1"><img src="https://m.media-amazon.com/images/I/41fqsQmb0VL._SL500_.jpg" alt="Product Image"></a><p>COLORCHARM Demi Permanent Hair Color, 3N Medium Neutral Brown 2 oz</p><p>$9.99 ($5.00 / Fl Oz)</p><a href="https://www.amazon.com/dp/B0B3KWJ242?tag=eloabder-20&linkCode=osi&th=1&psc=1">View Product</a></div>
<div class="product"><a href="https://www.amazon.com/dp/B01ACPW1SG?tag=eloabder-20&linkCode=osi&th=1&psc=1"><img src="https://m.media-amazon.com/images/I/41aIRzbHxNL._SL500_.jpg" alt="Product Image"></a><p>CoverGirl & Olay Simply Ageless 3-in-1 Liquid Foundation, Matte Finish, Hyaluronic & Vitamin C Formula, Cruelty Free, Classic Ivory, 1 Count</p><p>$10.49</p><a href="https://www.amazon.com/dp/B01ACPW1SG?tag=eloabder-20&linkCode=osi&th=1&psc=1">View Product</a></div><div class="product"><a href="https://www.amazon.com/dp/B07MWSP8SG?tag=eloabder-20&linkCode=osi&th=1&psc=1"><img src="https://m.media-amazon.com/images/I/31B37fmqI7L._SL500_.jpg" alt="Product Image"></a><p>e.l.f. Flawless Finish Foundation, Improves Uneven Skin Tone, Lightweight, Medium Coverage & Semi-Matte, Vegan & Cruelty-Free, Beige 0.67 Fl Oz</p><p>$6.00</p><a href="https://www.amazon.com/dp/B07MWSP8SG?tag=eloabder-20&linkCode=osi&th=1&psc=1">View Product</a></div><div class="product"><a href="https://www.amazon.com/dp/B00PFCSUNC?tag=eloabder-20&linkCode=osi&th=1&psc=1"><img src="https://m.media-amazon.com/images/I/41FK6ukLnvL._SL500_.jpg" alt="Product Image"></a><p>Maybelline Fit Me Matte + Poreless Liquid Oil-Free Foundation Makeup, Natural Ivory, 1 Count (Packaging May Vary)</p><p>$7.10</p><a href="https://www.amazon.com/dp/B00PFCSUNC?tag=eloabder-20&linkCode=osi&th=1&psc=1">View Product</a></div><div class="product"><a href="https://www.amazon.com/dp/B0BCGZMTSY?tag=eloabder-20&linkCode=osi&th=1&psc=1"><img src="https://m.media-amazon.com/images/I/31Qa6QbmaiL._SL500_.jpg" alt="Product Image"></a><p>L'Oreal Paris True Match Super-Blendable Foundation, Medium Coverage Liquid Foundation Makeup, N3, Light Medium, 1 Fl Oz</p><p>$9.97</p><a href="https://www.amazon.com/dp/B0BCGZMTSY?tag=eloabder-20&linkCode=osi&th=1&psc=1">View Product</a></div><div class="product"><a href="https://www.amazon.com/dp/B000IEMGGE?tag=eloabder-20&linkCode=osi&th=1&psc=1"><img src="https://m.media-amazon.com/images/I/41RtSkNmHSL._SL500_.jpg" alt="Product Image"></a><p>LAURA GELLER NEW YORK Award-Winning Baked Balance-n-Brighten Color Correcting Powder Foundation - Fair - Buildable Light to Medium Coverage - Demi-Matte Natural Finish</p><p>$22.13</p><a href="https://www.amazon.com/dp/B000IEMGGE?tag=eloabder-20&linkCode=osi&th=1&psc=1">View Product</a></div><div class="product"><a href="https://www.amazon.com/dp/B01LMMZY6O?tag=eloabder-20&linkCode=osi&th=1&psc=1"><img src="https://m.media-amazon.com/images/I/41WWjJXCsFL._SL500_.jpg" alt="Product Image"></a><p>IT Cosmetics Your Skin But Better CC+ Cream, Medium (W) - Color Correcting Cream, Full-Coverage Foundation, Hydrating Serum & SPF 50+ Sunscreen - Natural Finish - 1.08 fl oz</p><p>$47.00 ($43.52 / Fl Oz)</p><a href="https://www.amazon.com/dp/B01LMMZY6O?tag=eloabder-20&linkCode=osi&th=1&psc=1">View Product</a></div><div class="product"><a href="https://www.amazon.com/dp/B07CVFY5PQ?tag=eloabder-20&linkCode=osi&th=1&psc=1"><img src="https://m.media-amazon.com/images/I/416VSGy4SKL._SL500_.jpg" alt="Product Image"></a><p>MagicMinerals AirBrush Foundation by Jerome Alexander – 2pc Set with Airbrush Foundation and Kabuki Brush - Spray Makeup with Anti-aging Ingredients for Smooth Radiant Skin - Medium</p><p>$19.99 ($11.11 / Fl Oz)</p><a href="https://www.amazon.com/dp/B07CVFY5PQ?tag=eloabder-20&linkCode=osi&th=1&psc=1">View Product</a></div><div class="product"><a href="https://www.amazon.com/dp/B0039UTUZE?tag=eloabder-20&linkCode=osi&th=1&psc=1"><img src="https://m.media-amazon.com/images/I/41eXDpZ835L._SL500_.jpg" alt="Product Image"></a><p>Revlon Liquid Foundation, ColorStay Face Makeup for Combination & Oily Skin, SPF 15, Medium-Full Coverage with Matte Finish, Natural Beige ((220), 1.0 oz</p><p>$9.70</p><a href="https://www.amazon.com/dp/B0039UTUZE?tag=eloabder-20&linkCode=osi&th=1&psc=1">View Product</a></div><div class="product"><a href="https://www.amazon.com/dp/B00I52QPAE?tag=eloabder-20&linkCode=osi&th=1&psc=1"><img src="https://m.media-amazon.com/images/I/317EDqzSg+L._SL500_.jpg" alt="Product Image"></a><p>Revlon Liquid Foundation, Age Defying 3XFace Makeup, Anti-Aging and Firming Formula, SPF 30, Longwear Medium Buildable Coverage with Natural Finish, 035 Natural Beige, 1 Fl Oz</p><p>$13.48</p><a href="https://www.amazon.com/dp/B00I52QPAE?tag=eloabder-20&linkCode=osi&th=1&psc=1">View Product</a></div><div class="product"><a href="https://www.amazon.com/dp/B07H621Q3H?tag=eloabder-20&linkCode=osi&th=1&psc=1"><img src="https://m.media-amazon.com/images/I/31JtVpLZ4FL._SL500_.jpg" alt="Product Image"></a><p>L'Oreal Paris Makeup Infallible Up to 32 Hour Fresh Wear Lightweight Foundation, 420 True Beige, 1 Fl Oz, Packaging May Vary</p><p>$11.98</p><a href="https://www.amazon.com/dp/B07H621Q3H?tag=eloabder-20&linkCode=osi&th=1&psc=1">View Product</a></div>
<div class="product"><a href="https://www.amazon.com/dp/B07Q9V4KMJ?tag=eloabder-20&linkCode=osi&th=1&psc=1"><img src="https://m.media-amazon.com/images/I/31pro1JWTCL._SL500_.jpg" alt="Product Image"></a><p>Maybelline Instant Age Rewind Eraser Dark Circles Treatment Multi-Use Concealer, 115, 1 Count (Packaging May Vary)</p><p>$8.42</p><a href="https://www.amazon.com/dp/B07Q9V4KMJ?tag=eloabder-20&linkCode=osi&th=1&psc=1">View Product</a></div><div class="product"><a href="https://www.amazon.com/dp/B07ZR14WBZ?tag=eloabder-20&linkCode=osi&th=1&psc=1"><img src="https://m.media-amazon.com/images/I/313ljymBVaL._SL500_.jpg" alt="Product Image"></a><p>e.l.f. Hydrating Camo Concealer, Lightweight, Full Coverage, Long Lasting, Conceals, Corrects, Covers, Hydrates, Highlights, Light Sand, Satin Finish, 25 Shades, All-Day Wear, 0.20 Fl Oz</p><p>$7.00</p><a href="https://www.amazon.com/dp/B07ZR14WBZ?tag=eloabder-20&linkCode=osi&th=1&psc=1">View Product</a></div><div class="product"><a href="https://www.amazon.com/dp/B0046VJV36?tag=eloabder-20&linkCode=osi&th=1&psc=1"><img src="https://m.media-amazon.com/images/I/31-ZFCLgLcL._SL500_.jpg" alt="Product Image"></a><p>Maybelline New York Fit Me Liquid Concealer Makeup, Natural Coverage, Lightweight, Conceals, Covers Oil-Free, Fair, 1 Count (Packaging May Vary)</p><p>$6.31</p><a href="https://www.amazon.com/dp/B0046VJV36?tag=eloabder-20&linkCode=osi&th=1&psc=1">View Product</a></div><div class="product"><a href="https://www.amazon.com/dp/B07ZR1CQHS?tag=eloabder-20&linkCode=osi&th=1&psc=1"><img src="https://m.media-amazon.com/images/I/31s0zWRX+4L._SL500_.jpg" alt="Product Image"></a><p>e.l.f. 16HR Camo Concealer, Full Coverage, Highly Pigmented Concealer With Matte Finish, Crease-proof, Vegan & Cruelty-Free, Light Ivory, 0.203 Fl Oz</p><p>$7.00</p><a href="https://www.amazon.com/dp/B07ZR1CQHS?tag=eloabder-20&linkCode=osi&th=1&psc=1">View Product</a></div><div class="product"><a href="https://www.amazon.com/dp/B009WI05BU?tag=eloabder-20&linkCode=osi&th=1&psc=1"><img src="https://m.media-amazon.com/images/I/312BFbzGKlL._SL500_.jpg" alt="Product Image"></a><p>L.A. Girl Pro Concealer, Fawn, 0.28 Oz (LAX-GC983-A)</p><p>$4.99</p><a href="https://www.amazon.com/dp/B009WI05BU?tag=eloabder-20&linkCode=osi&th=1&psc=1">View Product</a></div><div class="product"><a href="https://www.amazon.com/dp/B0814SLHQH?tag=eloabder-20&linkCode=osi&th=1&psc=1"><img src="https://m.media-amazon.com/images/I/312GW4aGnRL._SL500_.jpg" alt="Product Image"></a><p>Neutrogena Healthy Skin Radiant Brightening Cream Concealer with Peptides & Vitamin E Antioxidant,Lightweight Perfecting Concealer,Non-Comedogenic,Bisque Light/Medium 02 neutral undertones,0.24 oz</p><p>$5.62</p><a href="https://www.amazon.com/dp/B0814SLHQH?tag=eloabder-20&linkCode=osi&th=1&psc=1">View Product</a></div><div class="product"><a href="https://www.amazon.com/dp/B06XQWS1N9?tag=eloabder-20&linkCode=osi&th=1&psc=1"><img src="https://m.media-amazon.com/images/I/31rKumTg1GL._SL500_.jpg" alt="Product Image"></a><p>COVERGIRL Smoothers Concealer, Medium 715, 0.14 ounce (packaging may vary)</p><p>$7.28</p><a href="https://www.amazon.com/dp/B06XQWS1N9?tag=eloabder-20&linkCode=osi&th=1&psc=1">View Product</a></div><div class="product"><a href="https://www.amazon.com/dp/B07GWH2GDP?tag=eloabder-20&linkCode=osi&th=1&psc=1"><img src="https://m.media-amazon.com/images/I/41U+lbOEtuL._SL500_.jpg" alt="Product Image"></a><p>IT Cosmetics Bye Bye Under Eye Full Coverage Concealer - for Dark Circles, Fine Lines, Redness & Discoloration – Waterproof - Anti-Aging - Natural Finish – 0.4 fl oz</p><p>$17.40 ($43.50 / Fl Oz)</p><a href="https://www.amazon.com/dp/B07GWH2GDP?tag=eloabder-20&linkCode=osi&th=1&psc=1">View Product</a></div><div class="product"><a href="https://www.amazon.com/dp/B07H67H5LH?tag=eloabder-20&linkCode=osi&th=1&psc=1"><img src="https://m.media-amazon.com/images/I/31bWoYCj-nL._SL500_.jpg" alt="Product Image"></a><p>L'Oreal Paris Makeup Infallible Full Wear Waterproof Matte Concealer, Full Coverage, Ivory, 0.33 fl. oz.</p><p>$10.82</p><a href="https://www.amazon.com/dp/B07H67H5LH?tag=eloabder-20&linkCode=osi&th=1&psc=1">View Product</a></div><div class="product"><a href="https://www.amazon.com/dp/B0B51NLJWQ?tag=eloabder-20&linkCode=osi&th=1&psc=1"><img src="https://m.media-amazon.com/images/I/31GXqccxM0L._SL500_.jpg" alt="Product Image"></a><p>Fièra Luxury Concealer with Anti-Aging - All Day Coverage for Dark Circles, Fine Lines, Wrinkles & Spots - Neutral Beige, 0.5 Ounce</p><p>$27.00</p><a href="https://www.amazon.com/dp/B0B51NLJWQ?tag=eloabder-20&linkCode=osi&th=1&psc=1">View Product</a></div>
<div class="product"><a href="https://www.amazon.com/dp/B092JQ23N5?tag=eloabder-20&linkCode=osi&th=1&psc=1"><img src="https://m.media-amazon.com/images/I/51OUufwItlL._SL500_.jpg" alt="Product Image"></a><p>URBAN DECAY 24/7 Longwear Eyeshadow Single (Sin - Champagne Shimmer), High-Pigment Eye Shadow Compact, Smooth & Blendable Colors, Crease-free, Vegan - 0.06 oz</p><p>$22.00</p><a href="https://www.amazon.com/dp/B092JQ23N5?tag=eloabder-20&linkCode=osi&th=1&psc=1">View Product</a></div><div class="product"><a href="https://www.amazon.com/dp/B01IW02HX2?tag=eloabder-20&linkCode=osi&th=1&psc=1"><img src="https://m.media-amazon.com/images/I/510F-WOAL4L._SL500_.jpg" alt="Product Image"></a><p>NYX PROFESSIONAL MAKEUP Ultimate Shadow Palette, Eyeshadow Palette - Warm Neutrals</p><p>$12.40</p><a href="https://www.amazon.com/dp/B01IW02HX2?tag=eloabder-20&linkCode=osi&th=1&psc=1">View Product</a></div><div class="product"><a href="https://www.amazon.com/dp/B085WR3YDT?tag=eloabder-20&linkCode=osi&th=1&psc=1"><img src="https://m.media-amazon.com/images/I/41cuO8PyoTL._SL500_.jpg" alt="Product Image"></a><p>wet n wild Color Icon Cream Eyeshadow Multi-Stick, Moisturizing, Nourishing Velvety Cream-to-Powder Buildable & Blendable Formula, Cruelty-Free & Vegan - Champagne Room</p><p>$3.28</p><a href="https://www.amazon.com/dp/B085WR3YDT?tag=eloabder-20&linkCode=osi&th=1&psc=1">View Product</a></div><div class="product"><a href="https://www.amazon.com/dp/B00L5SMFJU?tag=eloabder-20&linkCode=osi&th=1&psc=1"><img src="https://m.media-amazon.com/images/I/41-WaM3A3tL._SL500_.jpg" alt="Product Image"></a><p>Covergirl Eye Enhancers Eye Shadow Palette, Natural Nudes, 0.19 Ounce</p><p>$4.97</p><a href="https://www.amazon.com/dp/B00L5SMFJU?tag=eloabder-20&linkCode=osi&th=1&psc=1">View Product</a></div><div class="product"><a href="https://www.amazon.com/dp/B01LW1983J?tag=eloabder-20&linkCode=osi&th=1&psc=1"><img src="https://m.media-amazon.com/images/I/51EsPf59XBL._SL500_.jpg" alt="Product Image"></a><p>Julep Eyeshadow 101 Crème to Powder Waterproof Eyeshadow Stick, Champagne Shimmer</p><p>$18.00</p><a href="https://www.amazon.com/dp/B01LW1983J?tag=eloabder-20&linkCode=osi&th=1&psc=1">View Product</a></div><div class="product"><a href="https://www.amazon.com/dp/B00UKP1M2K?tag=eloabder-20&linkCode=osi&th=1&psc=1"><img src="https://m.media-amazon.com/images/I/41hSsvPHKxL._SL500_.jpg" alt="Product Image"></a><p>Maybelline The Blushed Nudes Eyeshadow Palette Makeup, 12 Pigmented Matte & Shimmer Shades, Blendable Powder, 1 Count</p><p>$9.32</p><a href="https://www.amazon.com/dp/B00UKP1M2K?tag=eloabder-20&linkCode=osi&th=1&psc=1">View Product</a></div><div class="product"><a href="https://www.amazon.com/dp/B073ZBGLJF?tag=eloabder-20&linkCode=osi&th=1&psc=1"><img src="https://m.media-amazon.com/images/I/41go9Ug8AOL._SL500_.jpg" alt="Product Image"></a><p>BestLand 2 Pack 12 Colors Makeup Nude Colors Eyeshadow Palette Natural Nude Matte Shimmer Glitter Pigment Eye Shadow Pallete Set Waterproof Smokey Professional Beauty Makeup Kit (2 PCS)</p><p>$9.99</p><a href="https://www.amazon.com/dp/B073ZBGLJF?tag=eloabder-20&linkCode=osi&th=1&psc=1">View Product</a></div><div class="product"><a href="https://www.amazon.com/dp/B08RS6WNX7?tag=eloabder-20&linkCode=osi&th=1&psc=1"><img src="https://m.media-amazon.com/images/I/51qCii788PL._SL500_.jpg" alt="Product Image"></a><p>wet n wild Color Icon 5-Pan Palette Brown Walking On Eggshells</p><p>$3.19</p><a href="https://www.amazon.com/dp/B08RS6WNX7?tag=eloabder-20&linkCode=osi&th=1&psc=1">View Product</a></div><div class="product"><a href="https://www.amazon.com/dp/B0CV5ZTFCR?tag=eloabder-20&linkCode=osi&th=1&psc=1"><img src="https://m.media-amazon.com/images/I/21inptU-eJL._SL500_.jpg" alt="Product Image"></a><p>Covergirl Clean Eye Color, French Violet, Eyeshadow Sticks, Ultra Creamy Formula, Lightweight, Buildable Formula, Lasts All Day, Smudge-Proof, 0.05oz</p><p>$8.98</p><a href="https://www.amazon.com/dp/B0CV5ZTFCR?tag=eloabder-20&linkCode=osi&th=1&psc=1">View Product</a></div><div class="product"><a href="https://www.amazon.com/dp/B0CXF99TNQ?tag=eloabder-20&linkCode=osi&th=1&psc=1"><img src="https://m.media-amazon.com/images/I/31kCYsLvwwL._SL500_.jpg" alt="Product Image"></a><p>L'Oreal Paris Makeup Paradise Le Shadow Stick Eyeshadow, Blendable, Smudge-Resistant, Cream Eyeshadow, 120 Magnetic Mauve (Shimmering Lavender Mauve), 0.05 Oz</p><p>$9.98</p><a href="https://www.amazon.com/dp/B0CXF99TNQ?tag=eloabder-20&linkCode=osi&th=1&psc=1">View Product</a></div>
<div class="product"><a href="https://www.amazon.com/dp/B0BG7MWNNN?tag=eloabder-20&linkCode=osi&th=1&psc=1"><img src="https://m.media-amazon.com/images/I/41E8W4N+FkL._SL500_.jpg" alt="Product Image"></a><p>Prime Prometics PrimeLash Mascara for Older Women – Volumizing, Incredible Length in 2 Coats – Long-Stay, Zero Clumps, Hypoallergenic (Brown)</p><p>$28.00</p><a href="https://www.amazon.com/dp/B0BG7MWNNN?tag=eloabder-20&linkCode=osi&th=1&psc=1">View Product</a></div><div class="product"><a href="https://www.amazon.com/dp/B00T0C9XRK?tag=eloabder-20&linkCode=osi&th=1&psc=1"><img src="https://m.media-amazon.com/images/I/41IP2ZEXFNL._SL500_.jpg" alt="Product Image"></a><p>essence | Lash Princess False Lash Effect Mascara | Volumizing & Lengthening | Cruelty Free & Paraben Free</p><p>$4.99 ($12.17 / Fl Oz )</p><a href="https://www.amazon.com/dp/B00T0C9XRK?tag=eloabder-20&linkCode=osi&th=1&psc=1">View Product</a></div><div class="product"><a href="https://www.amazon.com/dp/B01DPA6OHO?tag=eloabder-20&linkCode=osi&th=1&psc=1"><img src="https://m.media-amazon.com/images/I/31xGLWu4IKL._SL500_.jpg" alt="Product Image"></a><p>L'Oreal Paris Makeup Voluminous Lash Boosting Conditioning Primer Mascara, White Primer, 0.24 fl; oz.</p><p>$8.98</p><a href="https://www.amazon.com/dp/B01DPA6OHO?tag=eloabder-20&linkCode=osi&th=1&psc=1">View Product</a></div><div class="product"><a href="https://www.amazon.com/dp/B004BD107O?tag=eloabder-20&linkCode=osi&th=1&psc=1"><img src="https://m.media-amazon.com/images/I/31OWqsdljyL._SL500_.jpg" alt="Product Image"></a><p>L'Oreal Paris Makeup Telescopic Original Lengthening Mascara, Blackest Black, 0.27 Fl Oz (1 Count)</p><p>$10.99</p><a href="https://www.amazon.com/dp/B004BD107O?tag=eloabder-20&linkCode=osi&th=1&psc=1">View Product</a></div><div class="product"><a href="https://www.amazon.com/dp/B06XF2TR11?tag=eloabder-20&linkCode=osi&th=1&psc=1"><img src="https://m.media-amazon.com/images/I/31B6RR270IL._SL500_.jpg" alt="Product Image"></a><p>L'Oreal Paris Voluminous Makeup Lash Paradise Mascara, Voluptuous Volume, Intense Length, Feathery Soft Full Lashes, No Flaking, No Smudging, No Clumping, Blackest Black, 1 Count</p><p>$9.97</p><a href="https://www.amazon.com/dp/B06XF2TR11?tag=eloabder-20&linkCode=osi&th=1&psc=1">View Product</a></div><div class="product"><a href="https://www.amazon.com/dp/B00PFCT2R0?tag=eloabder-20&linkCode=osi&th=1&psc=1"><img src="https://m.media-amazon.com/images/I/31RyE6ZtDIL._SL500_.jpg" alt="Product Image"></a><p>Maybelline Lash Sensational Washable Mascara, Lengthening and Volumizing for a Full Fan Effect, Blackest Black, 1 Count</p><p>$9.09</p><a href="https://www.amazon.com/dp/B00PFCT2R0?tag=eloabder-20&linkCode=osi&th=1&psc=1">View Product</a></div><div class="product"><a href="https://www.amazon.com/dp/B08TPCHYLW?tag=eloabder-20&linkCode=osi&th=1&psc=1"><img src="https://m.media-amazon.com/images/I/31EWIaihEwL._SL500_.jpg" alt="Product Image"></a><p>Lancôme Lash Idôle Lash-Lifting & Volumizing Mascara - Black Mascara for Instant Volume, Length & Lift - Smudge Proof & Up To 24H Wear - Black</p><p>$30.00 ($111.11 / Fl Oz)</p><a href="https://www.amazon.com/dp/B08TPCHYLW?tag=eloabder-20&linkCode=osi&th=1&psc=1">View Product</a></div><div class="product"><a href="https://www.amazon.com/dp/B08M96YZN1?tag=eloabder-20&linkCode=osi&th=1&psc=1"><img src="https://m.media-amazon.com/images/I/31ByMmFi-qL._SL500_.jpg" alt="Product Image"></a><p>CoverGirl Lash Blast Clean Volume Mascara, Vegan Formula, Volumizing, Smudge-Proof, Cruelty Free, Very Black, 1 Count</p><p>$9.37</p><a href="https://www.amazon.com/dp/B08M96YZN1?tag=eloabder-20&linkCode=osi&th=1&psc=1">View Product</a></div>
<div class="product"><a href="https://www.amazon.com/dp/B0C9TXLWLY?tag=eloabder-20&linkCode=osi&th=1&psc=1"><img src="https://m.media-amazon.com/images/I/31-5KVw5KDL._SL500_.jpg" alt="Product Image"></a><p>PRIME PROMETICS PrimeEyes Glide Eyeliner for Mature Women – Water-Resistant, Long-Stay and Mess-Proof – Gel Cream Texture, Discreet Sharpener and Effective Smudger (Black)</p><p>$28.00 ($28.00 / Count)</p><a href="https://www.amazon.com/dp/B0C9TXLWLY?tag=eloabder-20&linkCode=osi&th=1&psc=1">View Product</a></div><div class="product"><a href="https://www.amazon.com/dp/B07MWSXPT1?tag=eloabder-20&linkCode=osi&th=1&psc=1"><img src="https://m.media-amazon.com/images/I/315xthaPi6L._SL500_.jpg" alt="Product Image"></a><p>e.l.f. No Budge Retractable Eyeliner, Creamy, Ultra-Pigmented & Waterproof, Creates Bold & Defined Lines, Vegan & Cruelty-Free, Black 0.006 Oz</p><p>$4.00</p><a href="https://www.amazon.com/dp/B07MWSXPT1?tag=eloabder-20&linkCode=osi&th=1&psc=1">View Product</a></div><div class="product"><a href="https://www.amazon.com/dp/B074Y8LM6T?tag=eloabder-20&linkCode=osi&th=1&psc=1"><img src="https://m.media-amazon.com/images/I/316blXt1KxL._SL500_.jpg" alt="Product Image"></a><p>NYX PROFESSIONAL MAKEUP Epic Ink Liner, Waterproof Liquid Eyeliner - Black, Vegan Formula</p><p>$8.06</p><a href="https://www.amazon.com/dp/B074Y8LM6T?tag=eloabder-20&linkCode=osi&th=1&psc=1">View Product</a></div><div class="product"><a href="https://www.amazon.com/dp/B01J1A3TFW?tag=eloabder-20&linkCode=osi&th=1&psc=1"><img src="https://m.media-amazon.com/images/I/51z42sdOArL._SL500_.jpg" alt="Product Image"></a><p>Revlon Pencil Eyeliner, ColorStay Eye Makeup with Built-in Sharpener, Waterproof, Smudge-proof, Longwearing with Ultra-Fine Tip, 201 Black, 2 count (Pack of 1)</p><p>$11.38</p><a href="https://www.amazon.com/dp/B01J1A3TFW?tag=eloabder-20&linkCode=osi&th=1&psc=1">View Product</a></div><div class="product"><a href="https://www.amazon.com/dp/B07W8JJ61X?tag=eloabder-20&linkCode=osi&th=1&psc=1"><img src="https://m.media-amazon.com/images/I/31wj5vRROwL._SL500_.jpg" alt="Product Image"></a><p>Maybelline Hyper Easy Liquid Pen No-Skip Eyeliner, Satin Finish, Waterproof Formula, Pitch Black, 0.018 Fl Oz</p><p>$8.38</p><a href="https://www.amazon.com/dp/B07W8JJ61X?tag=eloabder-20&linkCode=osi&th=1&psc=1">View Product</a></div><div class="product"><a href="https://www.amazon.com/dp/B005G9E9FW?tag=eloabder-20&linkCode=osi&th=1&psc=1"><img src="https://m.media-amazon.com/images/I/51poZdEojrL._SL500_.jpg" alt="Product Image"></a><p>NYX PROFESSIONAL MAKEUP Vivid Rich Mechanical Eye Pencil, Vivid Rich Mechanical, Creamy Retractable Eyeliner - Smokin Topaz, Brown Eyeliner</p><p>$6.00</p><a href="https://www.amazon.com/dp/B005G9E9FW?tag=eloabder-20&linkCode=osi&th=1&psc=1">View Product</a></div><div class="product"><a href="https://www.amazon.com/dp/B07NX61ZHN?tag=eloabder-20&linkCode=osi&th=1&psc=1"><img src="https://m.media-amazon.com/images/I/31kQNTwJazL._SL500_.jpg" alt="Product Image"></a><p>Rimmel London exaggerate auto waterproof eye definer in blackest black, 2 Count</p><p>$6.97</p><a href="https://www.amazon.com/dp/B07NX61ZHN?tag=eloabder-20&linkCode=osi&th=1&psc=1">View Product</a></div><div class="product"><a href="https://www.amazon.com/dp/B0BQWT8R9K?tag=eloabder-20&linkCode=osi&th=1&psc=1"><img src="https://m.media-amazon.com/images/I/31F1asQuosL._SL500_.jpg" alt="Product Image"></a><p>wet n wild Breakup Proof Liquid Eyeliner - Ultra-Fine Brush, Waterproof, Long-Lasting - Cruelty-Free & Vegan - Ultra Black</p><p>$4.04</p><a href="https://www.amazon.com/dp/B0BQWT8R9K?tag=eloabder-20&linkCode=osi&th=1&psc=1">View Product</a></div><div class="product"><a href="https://www.amazon.com/dp/B082YPRCMM?tag=eloabder-20&linkCode=osi&th=1&psc=1"><img src="https://m.media-amazon.com/images/I/317ubI9GTBL._SL500_.jpg" alt="Product Image"></a><p>wet n wild Mega Last Breakup Proof Eyeliner, Quick Drying, Waterproof, 16-Hour Wear - Cruelty-Free & Vegan - Blackest Black</p><p>$2.28</p><a href="https://www.amazon.com/dp/B082YPRCMM?tag=eloabder-20&linkCode=osi&th=1&psc=1">View Product</a></div><div class="product"><a href="https://www.amazon.com/dp/B07GX832KD?tag=eloabder-20&linkCode=osi&th=1&psc=1"><img src="https://m.media-amazon.com/images/I/315wR2F58-L._SL500_.jpg" alt="Product Image"></a><p>Maybelline TattooStudio Long-Lasting Sharpenable Eyeliner Pencil, Glide on Smooth Gel Pigments with 36 Hour Wear, Waterproof, Deep Onyx, 1 Count</p><p>$6.66</p><a href="https://www.amazon.com/dp/B07GX832KD?tag=eloabder-20&linkCode=osi&th=1&psc=1">View Product</a></div>
<div class="product"><a href="https://www.amazon.com/dp/B09T8DQ1SG?tag=eloabder-20&linkCode=osi&th=1&psc=1"><img src="https://m.media-amazon.com/images/I/41gpuwrIhOL._SL500_.jpg" alt="Product Image"></a><p>Maybelline Super Stay Vinyl Ink Longwear No-Budge Liquid Lipcolor Makeup, Highly Pigmented Color and Instant Shine, Royal, Deep Wine Red Lipstick, 0.14 fl oz, 1 Count</p><p>$9.82</p><a href="https://www.amazon.com/dp/B09T8DQ1SG?tag=eloabder-20&linkCode=osi&th=1&psc=1">View Product</a></div><div class="product"><a href="https://www.amazon.com/dp/B004BCTEF0?tag=eloabder-20&linkCode=osi&th=1&psc=1"><img src="https://m.media-amazon.com/images/I/31G9f-P8tML._SL500_.jpg" alt="Product Image"></a><p>L’Oréal Paris Colour Riche Original Creamy, Hydrating Satin Lipstick with Argan Oil and Vitamin E, Saucy Mauve , 1 Count</p><p>$6.71</p><a href="https://www.amazon.com/dp/B004BCTEF0?tag=eloabder-20&linkCode=osi&th=1&psc=1">View Product</a></div><div class="product"><a href="https://www.amazon.com/dp/B08H4FSGDX?tag=eloabder-20&linkCode=osi&th=1&psc=1"><img src="https://m.media-amazon.com/images/I/31OAiyoloML._SL500_.jpg" alt="Product Image"></a><p>Maybelline Super Stay Matte Ink Liquid Lipstick Makeup, Long Lasting High Impact Color, Up to 16H Wear, Exhilarator, Ruby Red, 1 Count</p><p>$9.18</p><a href="https://www.amazon.com/dp/B08H4FSGDX?tag=eloabder-20&linkCode=osi&th=1&psc=1">View Product</a></div><div class="product"><a href="https://www.amazon.com/dp/B07XTTDTWR?tag=eloabder-20&linkCode=osi&th=1&psc=1"><img src="https://m.media-amazon.com/images/I/31M4QldCq3L._SL500_.jpg" alt="Product Image"></a><p>REVLON Lipstick, Super Lustrous Lipstick, Creamy Formula For Soft, Fuller-Looking Lips, Moisturized Feel in Nudes & Browns, Bare It All (755) 0.15 oz</p><p>$6.48</p><a href="https://www.amazon.com/dp/B07XTTDTWR?tag=eloabder-20&linkCode=osi&th=1&psc=1">View Product</a></div><div class="product"><a href="https://www.amazon.com/dp/B079KFP7NT?tag=eloabder-20&linkCode=osi&th=1&psc=1"><img src="https://m.media-amazon.com/images/I/41Ih8G0FSmL._SL500_.jpg" alt="Product Image"></a><p>wet n wild Silk Finish Lipstick, Hydrating Rich Buildable Lip Color, Formulated with Vitamins A,E, & Macadamia for Ultimate Hydration, Cruelty-Free & Vegan - Raging Red</p><p>$1.29</p><a href="https://www.amazon.com/dp/B079KFP7NT?tag=eloabder-20&linkCode=osi&th=1&psc=1">View Product</a></div><div class="product"><a href="https://www.amazon.com/dp/B002F3R44K?tag=eloabder-20&linkCode=osi&th=1&psc=1"><img src="https://m.media-amazon.com/images/I/41-gXIE96GL._SL500_.jpg" alt="Product Image"></a><p>Revlon Lipstick, Super Lustrous Lipstick, Creamy Formula For Soft, Fuller-Looking Lips, Moisturized Feel in Pinks, Pink In The Afternoon (415) 0.15 oz</p><p>$6.48</p><a href="https://www.amazon.com/dp/B002F3R44K?tag=eloabder-20&linkCode=osi&th=1&psc=1">View Product</a></div><div class="product"><a href="https://www.amazon.com/dp/B001LFER98?tag=eloabder-20&linkCode=osi&th=1&psc=1"><img src="https://m.media-amazon.com/images/I/41wezVKuIoL._SL500_.jpg" alt="Product Image"></a><p>REVLON Lipstick, Super Lustrous Lipstick, Creamy Formula For Soft, Fuller-Looking Lips, Moisturized Feel in Reds & Corals, Peach Me (628) 0.15 oz</p><p>$4.99</p><a href="https://www.amazon.com/dp/B001LFER98?tag=eloabder-20&linkCode=osi&th=1&psc=1">View Product</a></div><div class="product"><a href="https://www.amazon.com/dp/B082YQ2978?tag=eloabder-20&linkCode=osi&th=1&psc=1"><img src="https://m.media-amazon.com/images/I/31QsMhXUSeL._SL500_.jpg" alt="Product Image"></a><p>wet n wild Mega Last High-Shine Lipstick Lip Color, Infused with Seed Oils For a Nourishing High-Shine, Buildable & Blendable Creamy Color, Cruelty-Free & Vegan - Mad for Mauve</p><p>$2.28</p><a href="https://www.amazon.com/dp/B082YQ2978?tag=eloabder-20&linkCode=osi&th=1&psc=1">View Product</a></div>
<div class="product"><a href="https://www.amazon.com/dp/B09SP2XHKT?tag=eloabder-20&linkCode=osi&th=1&psc=1"><img src="https://m.media-amazon.com/images/I/31KGrScgA8L._SL500_.jpg" alt="Product Image"></a><p>NYX PROFESSIONAL MAKEUP Butter Gloss, Non-Sticky Lip Gloss - Sugar Glass (Clear)</p><p>$5.99</p><a href="https://www.amazon.com/dp/B09SP2XHKT?tag=eloabder-20&linkCode=osi&th=1&psc=1">View Product</a></div><div class="product"><a href="https://www.amazon.com/dp/B08GSTZ7ZW?tag=eloabder-20&linkCode=osi&th=1&psc=1"><img src="https://m.media-amazon.com/images/I/41nPuTtXVgL._SL500_.jpg" alt="Product Image"></a><p>Ruby Kisses Broadway Vita-Lip Clear Lip Gloss - Moisturizing, Hydrating, Nourishing with Mint, Rosehip, Coconut, Mango, Argan, Honey & Shea</p><p>$7.99 ($2.12 / Ounce)</p><a href="https://www.amazon.com/dp/B08GSTZ7ZW?tag=eloabder-20&linkCode=osi&th=1&psc=1">View Product</a></div><div class="product"><a href="https://www.amazon.com/dp/B015RPE14S?tag=eloabder-20&linkCode=osi&th=1&psc=1"><img src="https://m.media-amazon.com/images/I/31FRC3fz7EL._SL500_.jpg" alt="Product Image"></a><p>L.A. Colors High Shine Shea Butter Lip Gloss, Clear, 0.14 Ounce</p><p>$1.98</p><a href="https://www.amazon.com/dp/B015RPE14S?tag=eloabder-20&linkCode=osi&th=1&psc=1">View Product</a></div><div class="product"><a href="https://www.amazon.com/dp/B00Q26VWZI?tag=eloabder-20&linkCode=osi&th=1&psc=1"><img src="https://m.media-amazon.com/images/I/31Bqig96T0L._SL500_.jpg" alt="Product Image"></a><p>Rimmel Stay Glossy Lip Gloss - Non-Sticky and Lightweight Formula for Lip Color and Shine - 130 Blushing Belgraves, .18oz</p><p>$4.32</p><a href="https://www.amazon.com/dp/B00Q26VWZI?tag=eloabder-20&linkCode=osi&th=1&psc=1">View Product</a></div><div class="product"><a href="https://www.amazon.com/dp/B0C1MH8R2M?tag=eloabder-20&linkCode=osi&th=1&psc=1"><img src="https://m.media-amazon.com/images/I/31adT7DtBYL._SL500_.jpg" alt="Product Image"></a><p>Maybelline New York Lifter Gloss Hydrating Lip Gloss with Hyaluronic Acid, Gummy Bear, Sheer Light Pink, 1 Count</p><p>$8.98</p><a href="https://www.amazon.com/dp/B0C1MH8R2M?tag=eloabder-20&linkCode=osi&th=1&psc=1">View Product</a></div><div class="product"><a href="https://www.amazon.com/dp/B01N1ZC8JZ?tag=eloabder-20&linkCode=osi&th=1&psc=1"><img src="https://m.media-amazon.com/images/I/41fsaqWz6SL._SL500_.jpg" alt="Product Image"></a><p>Broadway Vita-Lip Clear Lip Gloss 0.47oz/14ml (5PCS Mint & Coconut & Rosehip & Mango Butter & Argan Oil) (5 PCS SET)</p><p>$5.99</p><a href="https://www.amazon.com/dp/B01N1ZC8JZ?tag=eloabder-20&linkCode=osi&th=1&psc=1">View Product</a></div><div class="product"><a href="https://www.amazon.com/dp/B07DY2QRF6?tag=eloabder-20&linkCode=osi&th=1&psc=1"><img src="https://m.media-amazon.com/images/I/31qXrVfhvCL._SL500_.jpg" alt="Product Image"></a><p>LANEIGE Lip Glowy Balm Berry: Hydrate, Glossy, Lightweight, Moisturize & Tint with Shea Butter</p><p>$19.00 ($54.29 / Ounce)</p><a href="https://www.amazon.com/dp/B07DY2QRF6?tag=eloabder-20&linkCode=osi&th=1&psc=1">View Product</a></div><div class="product"><a href="https://www.amazon.com/dp/B09DMGWJKY?tag=eloabder-20&linkCode=osi&th=1&psc=1"><img src="https://m.media-amazon.com/images/I/41nIFmIKHRL._SL500_.jpg" alt="Product Image"></a><p>Broadway Vita-Lip Clear Lip Gloss Moisturizing Hydrating Nourishing Long Lasting High Shine Glossy Lip Care Gloss 0.47oz/14ml (10 PCS SET)</p><p>$9.99</p><a href="https://www.amazon.com/dp/B09DMGWJKY?tag=eloabder-20&linkCode=osi&th=1&psc=1">View Product</a></div><div class="product"><a href="https://www.amazon.com/dp/B0BSR85M24?tag=eloabder-20&linkCode=osi&th=1&psc=1"><img src="https://m.media-amazon.com/images/I/31eKHNoE3KL._SL500_.jpg" alt="Product Image"></a><p>e.l.f. Lip Lacquer, Nourishing, Non-Sticky Ultra-Shine Lip Gloss With Sheer Color, Infused With Vitamins A & E, Vegan & Cruelty-Free, Whisper Pink</p><p>$3.00</p><a href="https://www.amazon.com/dp/B0BSR85M24?tag=eloabder-20&linkCode=osi&th=1&psc=1">View Product</a></div><div class="product"><a href="https://www.amazon.com/dp/B081C6PXZJ?tag=eloabder-20&linkCode=osi&th=1&psc=1"><img src="https://m.media-amazon.com/images/I/51+emO79aqL._SL500_.jpg" alt="Product Image"></a><p>NICKA K NEW YORK VARIETY SET OF 5 NK Hydrating Lip Gel - Vitamin E (Clear, Rosehip Oil, Bubble Gum, Cherry, Strawberry)</p><p>$5.43</p><a href="https://www.amazon.com/dp/B081C6PXZJ?tag=eloabder-20&linkCode=osi&th=1&psc=1">View Product</a></div>
<div class="product"><a href="https://www.amazon.com/dp/B07PNCB73M?tag=eloabder-20&linkCode=osi&th=1&psc=1"><img src="https://m.media-amazon.com/images/I/41+KYSFOLML._SL500_.jpg" alt="Product Image"></a><p>Milani Baked Blush - Petal Primavera (0.12 Ounce) Cruelty-Free Powder Blush - Shape, Contour & Highlight Face for a Shimmery or Matte Finish</p><p>$8.97</p><a href="https://www.amazon.com/dp/B07PNCB73M?tag=eloabder-20&linkCode=osi&th=1&psc=1">View Product</a></div><div class="product"><a href="https://www.amazon.com/dp/B0CZ5HLDK9?tag=eloabder-20&linkCode=osi&th=1&psc=1"><img src="https://m.media-amazon.com/images/I/41rZu1cS8QL._SL500_.jpg" alt="Product Image"></a><p>NYX PROFESSIONAL MAKEUP Buttermelt Powder Blush, Fade and Transfer-Resistant Blush, Up to 12HR Make Up Wear, Vegan Formula - For The Butta</p><p>$9.97</p><a href="https://www.amazon.com/dp/B0CZ5HLDK9?tag=eloabder-20&linkCode=osi&th=1&psc=1">View Product</a></div><div class="product"><a href="https://www.amazon.com/dp/B0CPFYGNR7?tag=eloabder-20&linkCode=osi&th=1&psc=1"><img src="https://m.media-amazon.com/images/I/31EJvMa7jyL._SL500_.jpg" alt="Product Image"></a><p>e.l.f. Camo Liquid Blush, Long-lasting Liquid Blush For High-pigment Color, Creates A Soft, Dewy Finish, Vegan & Cruelty-free, Dusty Rosé</p><p>$7.00</p><a href="https://www.amazon.com/dp/B0CPFYGNR7?tag=eloabder-20&linkCode=osi&th=1&psc=1">View Product</a></div><div class="product"><a href="https://www.amazon.com/dp/B06XDNPXD1?tag=eloabder-20&linkCode=osi&th=1&psc=1"><img src="https://m.media-amazon.com/images/I/41IryPTf51L._SL500_.jpg" alt="Product Image"></a><p>Maybelline Fit Me Powder Blush, Lightweight, Smooth, Blendable, Long-lasting All-Day Face Enhancing Makeup Color, Mauve, 1 Count</p><p>$4.62</p><a href="https://www.amazon.com/dp/B06XDNPXD1?tag=eloabder-20&linkCode=osi&th=1&psc=1">View Product</a></div><div class="product"><a href="https://www.amazon.com/dp/B082YPNTZ4?tag=eloabder-20&linkCode=osi&th=1&psc=1"><img src="https://m.media-amazon.com/images/I/41vtXkWXs8L._SL500_.jpg" alt="Product Image"></a><p>wet n wild Color Icon Blush, Effortless Glow & Seamless Blend infused with Luxuriously Smooth Jojoba Oil, Sheer Finish with a Matte Natural Glow, Cruelty-Free & Vegan - Pinch Me Pink</p><p>$3.28</p><a href="https://www.amazon.com/dp/B082YPNTZ4?tag=eloabder-20&linkCode=osi&th=1&psc=1">View Product</a></div><div class="product"><a href="https://www.amazon.com/dp/B0CPFWJJQJ?tag=eloabder-20&linkCode=osi&th=1&psc=1"><img src="https://m.media-amazon.com/images/I/41+GdEwyGqL._SL500_.jpg" alt="Product Image"></a><p>e.l.f. Primer-Infused Matte Blush, Long-Lasting, Lightweight & Buildable Powder Blush, Delivers A Matte Finish, Vegan & Cruelty-Free, Always Crushing</p><p>$7.00</p><a href="https://www.amazon.com/dp/B0CPFWJJQJ?tag=eloabder-20&linkCode=osi&th=1&psc=1">View Product</a></div><div class="product"><a href="https://www.amazon.com/dp/B0B64GX5LN?tag=eloabder-20&linkCode=osi&th=1&psc=1"><img src="https://m.media-amazon.com/images/I/31aZBeyUSsL._SL500_.jpg" alt="Product Image"></a><p>LAURA GELLER NEW YORK Serum Blush Tint, Lightweight Liquid Blush for Cheeks, Weightless Watercolor Sheer Finish, Practical Pink</p><p>$15.74</p><a href="https://www.amazon.com/dp/B0B64GX5LN?tag=eloabder-20&linkCode=osi&th=1&psc=1">View Product</a></div><div class="product"><a href="https://www.amazon.com/dp/B00J56D0G6?tag=eloabder-20&linkCode=osi&th=1&psc=1"><img src="https://m.media-amazon.com/images/I/31MVN0QAhfL._SL500_.jpg" alt="Product Image"></a><p>e.l.f. Cosmetics Powder Blush Palette, Four Blush Shades for Beautiful, Long-Lasting Pigment, Light</p><p>$6.00</p><a href="https://www.amazon.com/dp/B00J56D0G6?tag=eloabder-20&linkCode=osi&th=1&psc=1">View Product</a></div><div class="product"><a href="https://www.amazon.com/dp/B0BHFBBH25?tag=eloabder-20&linkCode=osi&th=1&psc=1"><img src="https://m.media-amazon.com/images/I/31uqOuPPf5L._SL500_.jpg" alt="Product Image"></a><p>SHEGLAM Color Bloom Liquid Blush Makeup for Cheeks Matte Finish - Love Cake</p><p>$6.99</p><a href="https://www.amazon.com/dp/B0BHFBBH25?tag=eloabder-20&linkCode=osi&th=1&psc=1">View Product</a></div><div class="product"><a href="https://www.amazon.com/dp/B07J47FHR1?tag=eloabder-20&linkCode=osi&th=1&psc=1"><img src="https://m.media-amazon.com/images/I/41Xyor9x2SL._SL500_.jpg" alt="Product Image"></a><p>Nars Blush in ORGASM Full Size 0.16 oz. / 4.8 g in Retail Box New Edition</p><p>$22.00</p><a href="https://www.amazon.com/dp/B07J47FHR1?tag=eloabder-20&linkCode=osi&th=1&psc=1">View Product</a></div>
<div class="product"><a href="https://www.amazon.com/dp/B018B8Q5Z6?tag=eloabder-20&linkCode=osi&th=1&psc=1"><img src="https://m.media-amazon.com/images/I/41D9ZHQRaSL._SL500_.jpg" alt="Product Image"></a><p>Physicians Formula Murumuru Butter Bronzer, Moisturizing, Nourishing Murumuru Butter Blend for Silky All-Day Luminous Glow, Dermatologist Tested, Hypoallergenic, Vegan & Cruelty-Free -Bronzer</p><p>$12.15</p><a href="https://www.amazon.com/dp/B018B8Q5Z6?tag=eloabder-20&linkCode=osi&th=1&psc=1">View Product</a></div><div class="product"><a href="https://www.amazon.com/dp/B001B0H82Q?tag=eloabder-20&linkCode=osi&th=1&psc=1"><img src="https://m.media-amazon.com/images/I/41I3B-YoLkL._SL500_.jpg" alt="Product Image"></a><p>Rimmel London Natural - 022 Sun Bronze - Bronzer, Matte Finish, 0.49oz</p><p>$3.97</p><a href="https://www.amazon.com/dp/B001B0H82Q?tag=eloabder-20&linkCode=osi&th=1&psc=1">View Product</a></div><div class="product"><a href="https://www.amazon.com/dp/B0BM5HX7DN?tag=eloabder-20&linkCode=osi&th=1&psc=1"><img src="https://m.media-amazon.com/images/I/41DwoHQgzsL._SL500_.jpg" alt="Product Image"></a><p>Benefit Hoola Matte Bronzer Mini 0.08 Ounce</p><p>$17.92</p><a href="https://www.amazon.com/dp/B0BM5HX7DN?tag=eloabder-20&linkCode=osi&th=1&psc=1">View Product</a></div><div class="product"><a href="https://www.amazon.com/dp/B07M7NGVW7?tag=eloabder-20&linkCode=osi&th=1&psc=1"><img src="https://m.media-amazon.com/images/I/51dvod9PjTL._SL500_.jpg" alt="Product Image"></a><p>wet n wild Color Icon Bronzer What Shady Beaches</p><p>$2.96</p><a href="https://www.amazon.com/dp/B07M7NGVW7?tag=eloabder-20&linkCode=osi&th=1&psc=1">View Product</a></div><div class="product"><a href="https://www.amazon.com/dp/B0CPFVTY7M?tag=eloabder-20&linkCode=osi&th=1&psc=1"><img src="https://m.media-amazon.com/images/I/41rO68Q0mlL._SL500_.jpg" alt="Product Image"></a><p>e.l.f. Primer-Infused Bronzer, Long-Lasting, Lightweight & Buildable Powder Bronzer, Delivers A Matte Finish, Vegan & Cruelty-Free, Fresh Tan</p><p>$7.00</p><a href="https://www.amazon.com/dp/B0CPFVTY7M?tag=eloabder-20&linkCode=osi&th=1&psc=1">View Product</a></div><div class="product"><a href="https://www.amazon.com/dp/B07ZR187P5?tag=eloabder-20&linkCode=osi&th=1&psc=1"><img src="https://m.media-amazon.com/images/I/410nkMFZLYL._SL500_.jpg" alt="Product Image"></a><p>e.l.f. Primer-infused Bronzer, Long-Wear, Matte, Bold, Lightweight, Blends Easily, Contours Cheeks, Forever Sun Kissed, All-Day Wear, 0.35 Oz</p><p>$7.00 ($20.00 / Ounce)</p><a href="https://www.amazon.com/dp/B07ZR187P5?tag=eloabder-20&linkCode=osi&th=1&psc=1">View Product</a></div><div class="product"><a href="https://www.amazon.com/dp/B00518N3VE?tag=eloabder-20&linkCode=osi&th=1&psc=1"><img src="https://m.media-amazon.com/images/I/41SzIseWK6L._SL500_.jpg" alt="Product Image"></a><p>Milani Baked Bronzer - Glow, Cruelty-Free Shimmer Bronzing Powder to Use For Contour Makeup, Highlighters Makeup, Bronzer Makeup, 0.25 Ounce</p><p>$9.97 ($39.88 / Ounce)</p><a href="https://www.amazon.com/dp/B00518N3VE?tag=eloabder-20&linkCode=osi&th=1&psc=1">View Product</a></div><div class="product"><a href="https://www.amazon.com/dp/B0CNTYPSSZ?tag=eloabder-20&linkCode=osi&th=1&psc=1"><img src="https://m.media-amazon.com/images/I/416D4Z7hQ8L._SL500_.jpg" alt="Product Image"></a><p>Milani Cheek Kiss Cream Bronzer-110 Hey Honey</p><p>$9.97</p><a href="https://www.amazon.com/dp/B0CNTYPSSZ?tag=eloabder-20&linkCode=osi&th=1&psc=1">View Product</a></div><div class="product"><a href="https://www.amazon.com/dp/B006WZ9O72?tag=eloabder-20&linkCode=osi&th=1&psc=1"><img src="https://m.media-amazon.com/images/I/51rDNo9JnqL._SL500_.jpg" alt="Product Image"></a><p>Physicians Formula Bronze Booster Glow-Boosting Season-to-Season, Customizable Seasonal Glow Glow, Lasting Tan Boost, Hypoallergenic Powder, Cruelty-Free & Hypoallergenic- Light-to-Medium</p><p>$12.98</p><a href="https://www.amazon.com/dp/B006WZ9O72?tag=eloabder-20&linkCode=osi&th=1&psc=1">View Product</a></div>
<div class="product"><a href="https://www.amazon.com/dp/B09288DSSX?tag=eloabder-20&linkCode=osi&th=1&psc=1"><img src="https://m.media-amazon.com/images/I/417z6evbmhL._SL500_.jpg" alt="Product Image"></a><p>KYDA Face Highlighter Palette, High Glossy Face Illuminator Palette, Narutal Glow Finish, Pearl Shimmer Smooth Baked Powder, Lasting Sparkling Highlighter Makeup-SUN GLOW</p><p>$9.99</p><a href="https://www.amazon.com/dp/B09288DSSX?tag=eloabder-20&linkCode=osi&th=1&psc=1">View Product</a></div><div class="product"><a href="https://www.amazon.com/dp/B082YPL2SV?tag=eloabder-20&linkCode=osi&th=1&psc=1"><img src="https://m.media-amazon.com/images/I/51Y+MCkwArL._SL500_.jpg" alt="Product Image"></a><p>Wet n Wild MegaGlo Blushlighter, Blendable Blush & Highlighter Set, Shimmery Metallic Finish, Highlight Bling</p><p>$5.47</p><a href="https://www.amazon.com/dp/B082YPL2SV?tag=eloabder-20&linkCode=osi&th=1&psc=1">View Product</a></div><div class="product"><a href="https://www.amazon.com/dp/B0C41PSDZF?tag=eloabder-20&linkCode=osi&th=1&psc=1"><img src="https://m.media-amazon.com/images/I/41FLNU-tL-L._SL500_.jpg" alt="Product Image"></a><p>NYX PROFESSIONAL MAKEUP, Jumbo Multi-Use Face Highlighter Stick - Vanilla Ice Cream</p><p>$7.97</p><a href="https://www.amazon.com/dp/B0C41PSDZF?tag=eloabder-20&linkCode=osi&th=1&psc=1">View Product</a></div><div class="product"><a href="https://www.amazon.com/dp/B0C6V67KJW?tag=eloabder-20&linkCode=osi&th=1&psc=1"><img src="https://m.media-amazon.com/images/I/31Yh8b8JEjL._SL500_.jpg" alt="Product Image"></a><p>e.l.f. Halo Glow Highlight Beauty Wand, Liquid Highlighter Wand For Luminous, Glowing Skin, Buildable Formula, Vegan & Cruelty-free,Champagne Campaign</p><p>$9.00</p><a href="https://www.amazon.com/dp/B0C6V67KJW?tag=eloabder-20&linkCode=osi&th=1&psc=1">View Product</a></div><div class="product"><a href="https://www.amazon.com/dp/B073WMG59J?tag=eloabder-20&linkCode=osi&th=1&psc=1"><img src="https://m.media-amazon.com/images/I/51fz8bpJNNL._SL500_.jpg" alt="Product Image"></a><p>wet n wild MegaGlo Highlighting Powder, Highlighter Makeup, Shimmer Glow, Pink Rose Gold Blossom Glow</p><p>$5.41</p><a href="https://www.amazon.com/dp/B073WMG59J?tag=eloabder-20&linkCode=osi&th=1&psc=1">View Product</a></div><div class="product"><a href="https://www.amazon.com/dp/B07QPY11KY?tag=eloabder-20&linkCode=osi&th=1&psc=1"><img src="https://m.media-amazon.com/images/I/312T7p8cW6L._SL500_.jpg" alt="Product Image"></a><p>Revolution Beauty, Reloaded Pressed Powder Highlighter, Intensely Pigmented for a High Impact Dewy Finish, Dare To Divulge, 0.22 Oz.</p><p>$6.91</p><a href="https://www.amazon.com/dp/B07QPY11KY?tag=eloabder-20&linkCode=osi&th=1&psc=1">View Product</a></div><div class="product"><a href="https://www.amazon.com/dp/B074PTZCNW?tag=eloabder-20&linkCode=osi&th=1&psc=1"><img src="https://m.media-amazon.com/images/I/31btEAGukiL._SL500_.jpg" alt="Product Image"></a><p>L'Oreal Paris Makeup True Match Lumi Glotion, Natural Glow Enhancer, Illuminator Highlighter Skin Tint, for an All Day Radiant Glow, Light, 1.35 Ounces</p><p>$12.81</p><a href="https://www.amazon.com/dp/B074PTZCNW?tag=eloabder-20&linkCode=osi&th=1&psc=1">View Product</a></div><div class="product"><a href="https://www.amazon.com/dp/B075K784FK?tag=eloabder-20&linkCode=osi&th=1&psc=1"><img src="https://m.media-amazon.com/images/I/51q6Nf009iL._SL500_.jpg" alt="Product Image"></a><p>Physicians Formula Murumuru Butter Highlighter Makeup Face Powder Make Up, Pearl, Dermatologist Approved</p><p>$10.00</p><a href="https://www.amazon.com/dp/B075K784FK?tag=eloabder-20&linkCode=osi&th=1&psc=1">View Product</a></div><div class="product"><a href="https://www.amazon.com/dp/B0BD9HYBKD?tag=eloabder-20&linkCode=osi&th=1&psc=1"><img src="https://m.media-amazon.com/images/I/319tXl8nMUL._SL500_.jpg" alt="Product Image"></a><p>LAURA GELLER NEW YORK Baked Natural Glow Highlighter Radiance Enhancing Makeup, French Vanilla</p><p>$18.99</p><a href="https://www.amazon.com/dp/B0BD9HYBKD?tag=eloabder-20&linkCode=osi&th=1&psc=1">View Product</a></div><div class="product"><a href="https://www.amazon.com/dp/B083574V27?tag=eloabder-20&linkCode=osi&th=1&psc=1"><img src="https://m.media-amazon.com/images/I/41fyFVpDrXL._SL500_.jpg" alt="Product Image"></a><p>Milani Baked Highlighter (Dolce Perla) - Cruelty-Free Powder Highlighter, Highlight Face for a Shimmery or Matte Finish</p><p>$10.97 ($39.18 / Ounce)</p><a href="https://www.amazon.com/dp/B083574V27?tag=eloabder-20&linkCode=osi&th=1&psc=1">View Product</a></div>
<div class="product"><a href="https://www.amazon.com/dp/B0CMHSNYG8?tag=eloabder-20&linkCode=osi&th=1&psc=1"><img src="https://m.media-amazon.com/images/I/51iVcKQ6eIL._SL500_.jpg" alt="Product Image"></a><p>JODSONE Gel Nail Set 20 Colors High Shine Gorgeous Gel Polish Base Top Matte Coat Nice Gifts Show Charm</p><p>$19.99</p><a href="https://www.amazon.com/dp/B0CMHSNYG8?tag=eloabder-20&linkCode=osi&th=1&psc=1">View Product</a></div><div class="product"><a href="https://www.amazon.com/dp/B09KC56289?tag=eloabder-20&linkCode=osi&th=1&psc=1"><img src="https://m.media-amazon.com/images/I/51M-P1nM7QL._SL500_.jpg" alt="Product Image"></a><p>JODSONE 36 PCS Gel Nail Polish Set-32 Colors Gel Polish Kit Base Coat Glossy Matte and Glitter Top Coat Nail Polish Set Green Blue Red Pink Collection Gifts for Women</p><p>$25.99</p><a href="https://www.amazon.com/dp/B09KC56289?tag=eloabder-20&linkCode=osi&th=1&psc=1">View Product</a></div><div class="product"><a href="https://www.amazon.com/dp/B00GXVVDG0?tag=eloabder-20&linkCode=osi&th=1&psc=1"><img src="https://m.media-amazon.com/images/I/21vF-y2FfJL._SL500_.jpg" alt="Product Image"></a><p>Essie Nail Polish, Salon-Quality, 8-free Vegan, Finish, Mademoiselle, 0.46 Ounces (Packaging May Vary) Sheer Pink</p><p>$8.99</p><a href="https://www.amazon.com/dp/B00GXVVDG0?tag=eloabder-20&linkCode=osi&th=1&psc=1">View Product</a></div><div class="product"><a href="https://www.amazon.com/dp/B0987JZSP8?tag=eloabder-20&linkCode=osi&th=1&psc=1"><img src="https://m.media-amazon.com/images/I/31VZYZfCKbL._SL500_.jpg" alt="Product Image"></a><p>OPI Nature Strong Vegan Nail Polish, Knowledge is Flower, Pink Nail Polish, Natural Origin, Cruelty-Free Nail Lacquer, 0.5 fl oz.</p><p>$12.99 ($25.98 / Fl Oz)</p><a href="https://www.amazon.com/dp/B0987JZSP8?tag=eloabder-20&linkCode=osi&th=1&psc=1">View Product</a></div><div class="product"><a href="https://www.amazon.com/dp/B0CYLRWVVF?tag=eloabder-20&linkCode=osi&th=1&psc=1"><img src="https://m.media-amazon.com/images/I/51G1EY8ny6L._SL500_.jpg" alt="Product Image"></a><p>modelones Pearl Nail Polish 6 Colors Shimmer Pearl White Pink Mermaid Purple Nail Polish Set Summer Quick Dry Nail Polish Finger Nail Polish Bulk Manicure Diy Nail Art Salon Home Gift For Women Girl</p><p>$12.99</p><a href="https://www.amazon.com/dp/B0CYLRWVVF?tag=eloabder-20&linkCode=osi&th=1&psc=1">View Product</a></div>
<div class="product"><a href="https://www.amazon.com/dp/B005HGWGVS?tag=eloabder-20&linkCode=osi&th=1&psc=1"><img src="https://m.media-amazon.com/images/I/41NVfMcQBQL._SL500_.jpg" alt="Product Image"></a><p>Hard As Hoof Nail Strengthening Cream with Coconut Scent, Nail Growth & Conditioning Cuticle Cream Stops Splits, Chips, Cracks & Strengthens Nails, 1 oz</p><p>$8.88</p><a href="https://www.amazon.com/dp/B005HGWGVS?tag=eloabder-20&linkCode=osi&th=1&psc=1">View Product</a></div><div class="product"><a href="https://www.amazon.com/dp/B08YMJ4X4B?tag=eloabder-20&linkCode=osi&th=1&psc=1"><img src="https://m.media-amazon.com/images/I/41JNcOM8lBL._SL500_.jpg" alt="Product Image"></a><p>C CARE Sweet Almond Cuticle Oil For Nails - Repairs Cuticles Overnight - Moisturizes and Strengthens Nails and Cuticles - Dropper & Brush included - 2.5oz</p><p>$5.97 ($2.39 / Fl Oz)</p><a href="https://www.amazon.com/dp/B08YMJ4X4B?tag=eloabder-20&linkCode=osi&th=1&psc=1">View Product</a></div><div class="product"><a href="https://www.amazon.com/dp/B0046MK34G?tag=eloabder-20&linkCode=osi&th=1&psc=1"><img src="https://m.media-amazon.com/images/I/41PPyJFVAlL._SL500_.jpg" alt="Product Image"></a><p>Sally Hansen Instant Cuticle Remover™, Nail Treatment, Fast Drying, Contains Aloe and Chamomile</p><p>$4.97</p><a href="https://www.amazon.com/dp/B0046MK34G?tag=eloabder-20&linkCode=osi&th=1&psc=1">View Product</a></div><div class="product"><a href="https://www.amazon.com/dp/B00F644LTQ?tag=eloabder-20&linkCode=osi&th=1&psc=1"><img src="https://m.media-amazon.com/images/I/31+v2SZDagL._SL500_.jpg" alt="Product Image"></a><p>Cuccio Naturale Revitalizing- Hydrating Oil For Repaired Cuticles Overnight - Remedy For Damaged Skin And Thin Nails - Paraben /Cruelty-Free Formula - Milk And Honey - 2.5 Oz</p><p>$9.48 ($3.79 / Fl Oz)</p><a href="https://www.amazon.com/dp/B00F644LTQ?tag=eloabder-20&linkCode=osi&th=1&psc=1">View Product</a></div><div class="product"><a href="https://www.amazon.com/dp/B007QBKX08?tag=eloabder-20&linkCode=osi&th=1&psc=1"><img src="https://m.media-amazon.com/images/I/51BgkFaTnpL._SL500_.jpg" alt="Product Image"></a><p>Nail Tek Repairs Damaged Nails kit.Intensive Therapy(.5OZ),Foundation(.5OZ)& Renew(.48OZ)</p><p>$14.95</p><a href="https://www.amazon.com/dp/B007QBKX08?tag=eloabder-20&linkCode=osi&th=1&psc=1">View Product</a></div>
<div class="product"><a href="https://www.amazon.com/dp/B017PCGAXQ?tag=eloabder-20&linkCode=osi&th=1&psc=1"><img src="https://m.media-amazon.com/images/I/31-daQlUgGL._SL500_.jpg" alt="Product Image"></a><p>Garnier Micellar Water For Waterproof Makeup, Hydrating Facial Cleanser & Makeup Remover, Suitable for Sensitive Skin, Vegan, Cruelty Free, 13.5 Fl Oz (400mL), 1 Count</p><p>$8.97 ($0.66 / Fl Oz)</p><a href="https://www.amazon.com/dp/B017PCGAXQ?tag=eloabder-20&linkCode=osi&th=1&psc=1">View Product</a></div><div class="product"><a href="https://www.amazon.com/dp/B017PCGABI?tag=eloabder-20&linkCode=osi&th=1&psc=1"><img src="https://m.media-amazon.com/images/I/3106WC85aAL._SL500_.jpg" alt="Product Image"></a><p>Garnier Micellar Water, Hydrating Facial Cleanser & Makeup Remover, Suitable for Sensitive Skin, Vegan, Cruelty Free, 13.5 Fl Oz (400mL), 1 Count</p><p>$8.97 ($0.66 / Fl Oz)</p><a href="https://www.amazon.com/dp/B017PCGABI?tag=eloabder-20&linkCode=osi&th=1&psc=1">View Product</a></div><div class="product"><a href="https://www.amazon.com/dp/B00U2VQZDS?tag=eloabder-20&linkCode=osi&th=1&psc=1"><img src="https://m.media-amazon.com/images/I/41VzZfHAKpL._SL500_.jpg" alt="Product Image"></a><p>Neutrogena Makeup Remover Wipes, Ultra-Soft Cleansing Facial Towelettes for Waterproof Makeup, Alcohol-Free, Plant-Based, Twin Pack, 25 Count (Pack of 2)</p><p>$9.16 ($0.18 / Count)</p><a href="https://www.amazon.com/dp/B00U2VQZDS?tag=eloabder-20&linkCode=osi&th=1&psc=1">View Product</a></div><div class="product"><a href="https://www.amazon.com/dp/B07T9JV956?tag=eloabder-20&linkCode=osi&th=1&psc=1"><img src="https://m.media-amazon.com/images/I/310x+0QrxsL._SL500_.jpg" alt="Product Image"></a><p>Neutrogena Gentle Oil-Free Eye Makeup Remover & Cleanser for Sensitive Eyes, Non-Greasy Makeup Remover, Removes Waterproof Mascara, Dermatologist & Ophthalmologist Tested, 8.0 fl. oz</p><p>$9.39 ($1.17 / Fl Oz)</p><a href="https://www.amazon.com/dp/B07T9JV956?tag=eloabder-20&linkCode=osi&th=1&psc=1">View Product</a></div><div class="product"><a href="https://www.amazon.com/dp/B01M31HY3S?tag=eloabder-20&linkCode=osi&th=1&psc=1"><img src="https://m.media-amazon.com/images/I/319i79e7f4L._SL500_.jpg" alt="Product Image"></a><p>Cetaphil Gentle Waterproof Makeup Remover, Mother's Day Gifts, Oil-Free Formula Suitable for Sensitive Skin, 6.0 Fluid Ounce</p><p>$9.87 ($1.64 / Fl Oz)</p><a href="https://www.amazon.com/dp/B01M31HY3S?tag=eloabder-20&linkCode=osi&th=1&psc=1">View Product</a></div><div class="product"><a href="https://www.amazon.com/dp/B07SS6LFRG?tag=eloabder-20&linkCode=osi&th=1&psc=1"><img src="https://m.media-amazon.com/images/I/31Mwa89HfCL._SL500_.jpg" alt="Product Image"></a><p>Amazon Basics Eye Makeup Remover, Removes Waterproof Mascara, Dermatologist Tested, Fragrance Free, 5.5 Fl Oz (Pack of 1)</p><p>$5.99 ($1.09 / Fl Oz)</p><a href="https://www.amazon.com/dp/B07SS6LFRG?tag=eloabder-20&linkCode=osi&th=1&psc=1">View Product</a></div><div class="product"><a href="https://www.amazon.com/dp/B08TQTT8LK?tag=eloabder-20&linkCode=osi&th=1&psc=1"><img src="https://m.media-amazon.com/images/I/31R-Y-dhjEL._SL500_.jpg" alt="Product Image"></a><p>e.l.f. Holy Hydration! Makeup Melting Cleansing Balm, Face Cleanser & Makeup Remover, Infused with Hyaluronic Acid to Hydrate Skin, 2 Oz</p><p>$11.00 ($5.50 / Ounce)</p><a href="https://www.amazon.com/dp/B08TQTT8LK?tag=eloabder-20&linkCode=osi&th=1&psc=1">View Product</a></div><div class="product"><a href="https://www.amazon.com/dp/B08Q3CQM7X?tag=eloabder-20&linkCode=osi&th=1&psc=1"><img src="https://m.media-amazon.com/images/I/31edyzkByfL._SL500_.jpg" alt="Product Image"></a><p>JUNO & Co. Clean 10 Cleansing Balm 10 Ingredients Makeup Remover 85g / 3.0oz</p><p>$14.99 ($5.00 / Ounce)</p><a href="https://www.amazon.com/dp/B08Q3CQM7X?tag=eloabder-20&linkCode=osi&th=1&psc=1">View Product</a></div><div class="product"><a href="https://www.amazon.com/dp/B0B1PP1XCM?tag=eloabder-20&linkCode=osi&th=1&psc=1"><img src="https://m.media-amazon.com/images/I/31kOCqV2+BL._SL500_.jpg" alt="Product Image"></a><p>CeraVe Cleansing Balm for Sensitive Skin | Hydrating Makeup Remover with Ceramides and Plant-based Jojoba Oil for Face | Non-Comedogenic Fragrance Free Non-Greasy |1.3 Ounces</p><p>$9.97 ($7.67 / Ounce)</p><a href="https://www.amazon.com/dp/B0B1PP1XCM?tag=eloabder-20&linkCode=osi&th=1&psc=1">View Product</a></div><div class="product"><a href="https://www.amazon.com/dp/B0BX65V1BZ?tag=eloabder-20&linkCode=osi&th=1&psc=1"><img src="https://m.media-amazon.com/images/I/31t6WiWvdDL._SL500_.jpg" alt="Product Image"></a><p>Prime Prometics PrimeSkin Beauty Water – Deeply Hydrating Pro-Age Make-Up Remover for Mature Women – Clean, One Swipe – for All Skin Types – pH balanced, Hypoallergenic</p><p>$27.00 ($5.29 / Fl Oz)</p><a href="https://www.amazon.com/dp/B0BX65V1BZ?tag=eloabder-20&linkCode=osi&th=1&psc=1">View Product</a></div>
<div class="product"><a href="https://www.amazon.com/dp/B07XC569XF?tag=eloabder-20&linkCode=osi&th=1&psc=1"><img src="https://m.media-amazon.com/images/I/4109uyzn-sL._SL500_.jpg" alt="Product Image"></a><p>Neutrogena Hydro Boost Facial Cleansing Towelettes + Hyaluronic Acid, Hydrating Makeup Remover Face Wipes Remove Dirt & Waterproof Makeup, Hypoallergenic, 100% Plant-Based Cloth, 2 x 25 ct</p><p>$13.20 ($0.26 / Count)</p><a href="https://www.amazon.com/dp/B07XC569XF?tag=eloabder-20&linkCode=osi&th=1&psc=1">View Product</a></div><div class="product"><a href="https://www.amazon.com/dp/B00479FP4Q?tag=eloabder-20&linkCode=osi&th=1&psc=1"><img src="https://m.media-amazon.com/images/I/41L2wro-FlL._SL500_.jpg" alt="Product Image"></a><p>Olay Daily Facials, Daily Clean Makeup Removing Facial Cleansing Wipes, 5-in-1 Water Activated Cloths, Exfoliates, Tones and Hydrates Skin, 66 count</p><p>$9.74 ($0.15 / Count)</p><a href="https://www.amazon.com/dp/B00479FP4Q?tag=eloabder-20&linkCode=osi&th=1&psc=1">View Product</a></div><div class="product"><a href="https://www.amazon.com/dp/B0864VDH6F?tag=eloabder-20&linkCode=osi&th=1&psc=1"><img src="https://m.media-amazon.com/images/I/418baEPkUdL._SL500_.jpg" alt="Product Image"></a><p>Amazon Basics Make Up Remover Wipes, Night Calming, 50 Count (2 Packs of 25) (Previously Solimo)</p><p>$7.93 ($0.16 / Count)</p><a href="https://www.amazon.com/dp/B0864VDH6F?tag=eloabder-20&linkCode=osi&th=1&psc=1">View Product</a></div><div class="product"><a href="https://www.amazon.com/dp/B093T3LQPP?tag=eloabder-20&linkCode=osi&th=1&psc=1"><img src="https://m.media-amazon.com/images/I/51mLU+qr6tL._SL500_.jpg" alt="Product Image"></a><p>Burt's Bees Rose Water Face Wipes, for All Skin Types, Hydrating Micellar Makeup Remover & Facial Cleansing Towelettes, 30 Ct (3-Pack)</p><p>$16.47 ($0.18 / Count)</p><a href="https://www.amazon.com/dp/B093T3LQPP?tag=eloabder-20&linkCode=osi&th=1&psc=1">View Product</a></div><div class="product"><a href="https://www.amazon.com/dp/B00NUJQG7Y?tag=eloabder-20&linkCode=osi&th=1&psc=1"><img src="https://m.media-amazon.com/images/I/51apu8FIluL._SL500_.jpg" alt="Product Image"></a><p>Burt's Bees Aloe Vera Face Wipes, for Sensitive Skin, Soothing Makeup Remover & Facial Cleansing Towelettes, 30 Ct. (3-Pack)</p><p>$16.41 ($0.18 / Count)</p><a href="https://www.amazon.com/dp/B00NUJQG7Y?tag=eloabder-20&linkCode=osi&th=1&psc=1">View Product</a></div><div class="product"><a href="https://www.amazon.com/dp/B09LXWPB1V?tag=eloabder-20&linkCode=osi&th=1&psc=1"><img src="https://m.media-amazon.com/images/I/4117i-jJMKL._SL500_.jpg" alt="Product Image"></a><p>CeraVe Hydrating Facial Cleansing Makeup Remover Wipes| Plant Based Face Biodegradable in Home Compost| Wash Cloth| Suitable for Sensitive Skin| Fragrance-free Non-comedogenic| 25 Count</p><p>$9.97 ($0.40 / Count)</p><a href="https://www.amazon.com/dp/B09LXWPB1V?tag=eloabder-20&linkCode=osi&th=1&psc=1">View Product</a></div><div class="product"><a href="https://www.amazon.com/dp/B006RFZ9IK?tag=eloabder-20&linkCode=osi&th=1&psc=1"><img src="https://m.media-amazon.com/images/I/41c4Ogejt9L._SL500_.jpg" alt="Product Image"></a><p>Bioré Daily Make Up Removing Cloths, Facial Cleansing Wipes with Dirt-grabbing Fibers for Deep Pore Cleansing without Oily Residue, 60 Count</p><p>$11.99 ($0.20 / Count)</p><a href="https://www.amazon.com/dp/B006RFZ9IK?tag=eloabder-20&linkCode=osi&th=1&psc=1">View Product</a></div><div class="product"><a href="https://www.amazon.com/dp/B01M4NFD2N?tag=eloabder-20&linkCode=osi&th=1&psc=1"><img src="https://m.media-amazon.com/images/I/41-iPdzYWDL._SL500_.jpg" alt="Product Image"></a><p>Cetaphil Gentle Makeup Removing Face Wipes, Daily Cleansing Facial Towelettes Gently Remove Makeup, Fragrance and Alcohol Free, 25 Count</p><p>$6.85 ($0.27 / Count)</p><a href="https://www.amazon.com/dp/B01M4NFD2N?tag=eloabder-20&linkCode=osi&th=1&psc=1">View Product</a></div><div class="product"><a href="https://www.amazon.com/dp/B0B644ZQLV?tag=eloabder-20&linkCode=osi&th=1&psc=1"><img src="https://m.media-amazon.com/images/I/41E5FGVZrnL._SL500_.jpg" alt="Product Image"></a><p>Cetaphil Face and Body Wipes, Gentle Skin Cleansing Cloths, 25 Count (Pack of 3), for Dry, Sensitive Skin, Flip Top Closure, Great for the Gym, Hypoallergenic, Fragrance Free</p><p>$20.91 ($0.28 / Count)</p><a href="https://www.amazon.com/dp/B0B644ZQLV?tag=eloabder-20&linkCode=osi&th=1&psc=1">View Product</a></div>
<div class="product"><a href="https://www.amazon.com/dp/B08RD6S5HF?tag=eloabder-20&linkCode=osi&th=1&psc=1"><img src="https://m.media-amazon.com/images/I/41uDw-xQNuL._SL500_.jpg" alt="Product Image"></a><p>BAIMEI IcyMe Gua Sha & Jade Roller Facial Tools Face Roller and Gua Sha Set for Puffiness and Redness Reducing Skin Care Routine, Self Care Gift for Men Women - Green</p><p>$9.99</p><a href="https://www.amazon.com/dp/B08RD6S5HF?tag=eloabder-20&linkCode=osi&th=1&psc=1">View Product</a></div><div class="product"><a href="https://www.amazon.com/dp/B09961TCV4?tag=eloabder-20&linkCode=osi&th=1&psc=1"><img src="https://m.media-amazon.com/images/I/41cLCDErk6L._SL500_.jpg" alt="Product Image"></a><p>huefull Gua Sha Facial Tools & Jade Roller Set for Skin Care, Reduce Puffiness and Improve Wrinkles, Guasha Tool for Face, Gua Sha Stone Self Care Gift for Woman Man</p><p>$7.99 ($4.00 / Count)</p><a href="https://www.amazon.com/dp/B09961TCV4?tag=eloabder-20&linkCode=osi&th=1&psc=1">View Product</a></div><div class="product"><a href="https://www.amazon.com/dp/B09P88YNZZ?tag=eloabder-20&linkCode=osi&th=1&psc=1"><img src="https://m.media-amazon.com/images/I/31gv5dz1KML._SL500_.jpg" alt="Product Image"></a><p>Ice Roller for Face and Eye, Ice Face Roller,Facial Beauty Ice Roller Skin Care Tools, Ice Facial Cube, Gua Sha Face Massage, Silicone Ice Mold for Face Beauty (Pink)</p><p>$5.99 ($1.20 / Ounce)</p><a href="https://www.amazon.com/dp/B09P88YNZZ?tag=eloabder-20&linkCode=osi&th=1&psc=1">View Product</a></div><div class="product"><a href="https://www.amazon.com/dp/B09V5TRZTS?tag=eloabder-20&linkCode=osi&th=1&psc=1"><img src="https://m.media-amazon.com/images/I/31NWpXealIL._SL500_.jpg" alt="Product Image"></a><p>ROSELYNBOUTIQUE Ice Roller for Face Wrinkles Fine Lines Puffiness Stick Massager Facial Skin Care Tools Self Care Gifts for Men Women (Green)</p><p>$6.39</p><a href="https://www.amazon.com/dp/B09V5TRZTS?tag=eloabder-20&linkCode=osi&th=1&psc=1">View Product</a></div><div class="product"><a href="https://www.amazon.com/dp/B0BR7YG7QH?tag=eloabder-20&linkCode=osi&th=1&psc=1"><img src="https://m.media-amazon.com/images/I/41gFogNe+dL._SL500_.jpg" alt="Product Image"></a><p>8 Pieces Triangle Powder Puff Face Soft Triangle Makeup Puff Velour Cosmetic Foundation Blender Sponge Beauty Makeup Tools</p><p>$3.99 ($0.50 / Count)</p><a href="https://www.amazon.com/dp/B0BR7YG7QH?tag=eloabder-20&linkCode=osi&th=1&psc=1">View Product</a></div><div class="product"><a href="https://www.amazon.com/dp/B09XJYZDVG?tag=eloabder-20&linkCode=osi&th=1&psc=1"><img src="https://m.media-amazon.com/images/I/41jMEmTiSQL._SL500_.jpg" alt="Product Image"></a><p>Aaiffey Eyeliner Applicator Kit, Eyeliner Tool with Eyeliner Cream Black Eyeliner Gel Reusable Silicone Eye Liner Applicator Waterproof Eyeliner Easy No-Skip (eyeliner tool +black eyeliner creams)</p><p>$9.98</p><a href="https://www.amazon.com/dp/B09XJYZDVG?tag=eloabder-20&linkCode=osi&th=1&psc=1">View Product</a></div>
<div class="product"><a href="https://www.amazon.com/dp/B075S543DR?tag=eloabder-20&linkCode=osi&th=1&psc=1"><img src="https://m.media-amazon.com/images/I/418N6a3fvaL._SL500_.jpg" alt="Product Image"></a><p>EcoTools Start The Day Beautifully 6 Piece Makeup Brush Set, Makeup Brushes For Eyeshadow, Blush, Concealer, & Foundation Application, Eco-Friendly, Gift Set, Synthetic Hair, Vegan & Cruelty-Free</p><p>$9.98</p><a href="https://www.amazon.com/dp/B075S543DR?tag=eloabder-20&linkCode=osi&th=1&psc=1">View Product</a></div><div class="product"><a href="https://www.amazon.com/dp/B07FTXBNVL?tag=eloabder-20&linkCode=osi&th=1&psc=1"><img src="https://m.media-amazon.com/images/I/41O4pc78hYL._SL500_.jpg" alt="Product Image"></a><p>Real Techniques 5 Piece Everyday Essentials Makeup Brush Set, Includes 4 Brushes & Makeup Sponge, For Foundation, Blush, Bronzer, Contour, Eyeshadow, & Powder, Travel Gift Set, Cruelty-Free & Vegan</p><p>$13.99</p><a href="https://www.amazon.com/dp/B07FTXBNVL?tag=eloabder-20&linkCode=osi&th=1&psc=1">View Product</a></div>
<div class="product"><a href="https://www.amazon.com/dp/B00WZQTCS8?tag=eloabder-20&linkCode=osi&th=1&psc=1"><img src="https://m.media-amazon.com/images/I/41iVoW5QboL._SL500_.jpg" alt="Product Image"></a><p>NYX PROFESSIONAL MAKEUP Micro Brow Pencil, Eyebrow Pencil - Espresso</p><p>$7.50</p><a href="https://www.amazon.com/dp/B00WZQTCS8?tag=eloabder-20&linkCode=osi&th=1&psc=1">View Product</a></div><div class="product"><a href="https://www.amazon.com/dp/B01643FI0I?tag=eloabder-20&linkCode=osi&th=1&psc=1"><img src="https://m.media-amazon.com/images/I/21w1DpgxRoL._SL500_.jpg" alt="Product Image"></a><p>L'Oreal Paris Makeup Brow Stylist Definer Waterproof Eyebrow Pencil, Ultra-Fine Mechanical Pencil, Draws Tiny Brow Hairs and Fills in Sparse Areas and Gaps, Dark Brunette, 0.003 Ounce (Pack of 1)</p><p>$8.98</p><a href="https://www.amazon.com/dp/B01643FI0I?tag=eloabder-20&linkCode=osi&th=1&psc=1">View Product</a></div><div class="product"><a href="https://www.amazon.com/dp/B0B52KG7YP?tag=eloabder-20&linkCode=osi&th=1&psc=1"><img src="https://m.media-amazon.com/images/I/31Mi4FEPxYL._SL500_.jpg" alt="Product Image"></a><p>e.l.f. Instant Lift Brow Pencil, Dual-Ended Precision Brow Pencils For Shaping & Defining Eyebrows, Vegan & Cruelty-Free, Neutral Brown, 2-Pack</p><p>$5.00</p><a href="https://www.amazon.com/dp/B0B52KG7YP?tag=eloabder-20&linkCode=osi&th=1&psc=1">View Product</a></div><div class="product"><a href="https://www.amazon.com/dp/B078KB7L4G?tag=eloabder-20&linkCode=osi&th=1&psc=1"><img src="https://m.media-amazon.com/images/I/31QF5SK3tzL._SL500_.jpg" alt="Product Image"></a><p>wet n wild Ultimate Eyebrow Retractable Definer Pencil, Medium Brown, Dual-Sided Brow Brush, Fine Tip, Shapes, Defines, Fills Brow Makeup</p><p>$2.74</p><a href="https://www.amazon.com/dp/B078KB7L4G?tag=eloabder-20&linkCode=osi&th=1&psc=1">View Product</a></div><div class="product"><a href="https://www.amazon.com/dp/B074VD4X7W?tag=eloabder-20&linkCode=osi&th=1&psc=1"><img src="https://m.media-amazon.com/images/I/41eK8J1W2rL._SL500_.jpg" alt="Product Image"></a><p>Maybelline Total Temptation Eyebrow Definer Pencil, Soft Brown, 1 Count</p><p>$8.99</p><a href="https://www.amazon.com/dp/B074VD4X7W?tag=eloabder-20&linkCode=osi&th=1&psc=1">View Product</a></div><div class="product"><a href="https://www.amazon.com/dp/B001ESKLZQ?tag=eloabder-20&linkCode=osi&th=1&psc=1"><img src="https://m.media-amazon.com/images/I/31bw47frHzS._SL500_.jpg" alt="Product Image"></a><p>COVERGIRL - Easy Breezy Brow Fill + Define Brow Pencil, Sharpener Included, Long-Lasting, Deeply Pigmented, Blendable Formula, 100% Cruelty-Free</p><p>$4.47</p><a href="https://www.amazon.com/dp/B001ESKLZQ?tag=eloabder-20&linkCode=osi&th=1&psc=1">View Product</a></div><div class="product"><a href="https://www.amazon.com/dp/B0D12PWNK6?tag=eloabder-20&linkCode=osi&th=1&psc=1"><img src="https://m.media-amazon.com/images/I/51u7eOlEtFL._SL500_.jpg" alt="Product Image"></a><p>iMethod Microblading Eyebrow Pen - Eyebrow Pencil Magical 2-in-1 Dual-Ended Eye Brow Pencils for Women with 4-Fork-Tip & Precise Brush-Tip Create Natural Hair-Like Brows, Last All-Day, Dark Brown</p><p>$14.97 ($14.97 / Count)</p><a href="https://www.amazon.com/dp/B0D12PWNK6?tag=eloabder-20&linkCode=osi&th=1&psc=1">View Product</a></div><div class="product"><a href="https://www.amazon.com/dp/B0CPFY8K8W?tag=eloabder-20&linkCode=osi&th=1&psc=1"><img src="https://m.media-amazon.com/images/I/21SmXiqZZYL._SL500_.jpg" alt="Product Image"></a><p>e.l.f. Instant Lift Waterproof Brow Pencil, Long-Lasting Eyebrow Pencil For Grooming & Shaping Brows, Vegan & Cruelty-free, Deep Brown</p><p>$4.00</p><a href="https://www.amazon.com/dp/B0CPFY8K8W?tag=eloabder-20&linkCode=osi&th=1&psc=1">View Product</a></div>
<div class="product"><a href="https://www.amazon.com/dp/B079B8BFR3?tag=eloabder-20&linkCode=osi&th=1&psc=1"><img src="https://m.media-amazon.com/images/I/41DSmndr3KL._SL500_.jpg" alt="Product Image"></a><p>KISS Looks So Natural, False Eyelashes, Shy', 12 mm, Includes 5 Pairs Of Lashes, Contact Lens Friendly, Easy to Apply, Reusable Strip Lashes, Glue On</p><p>$7.09</p><a href="https://www.amazon.com/dp/B079B8BFR3?tag=eloabder-20&linkCode=osi&th=1&psc=1">View Product</a></div><div class="product"><a href="https://www.amazon.com/dp/B09MQCDVM7?tag=eloabder-20&linkCode=osi&th=1&psc=1"><img src="https://m.media-amazon.com/images/I/510lQqrrVtL._SL500_.jpg" alt="Product Image"></a><p>False Eyelashes 14mm Faux 3D Mink Lashes Natural Look Fluffy Cat Eye Wispy Lashes Pack by Kiromiro, 14 Pairs</p><p>$8.89</p><a href="https://www.amazon.com/dp/B09MQCDVM7?tag=eloabder-20&linkCode=osi&th=1&psc=1">View Product</a></div><div class="product"><a href="https://www.amazon.com/dp/B00DS4EIEE?tag=eloabder-20&linkCode=osi&th=1&psc=1"><img src="https://m.media-amazon.com/images/I/415k4JSKxOL._SL500_.jpg" alt="Product Image"></a><p>KISS So Wispy, False Eyelashes, Style #11', 12 mm, Includes 5 Pairs Of Lashes, Contact Lens Friendly, Easy to Apply, Reusable Strip Lashes, Glue On, Mulitpack</p><p>$8.97 ($1.79 / Count)</p><a href="https://www.amazon.com/dp/B00DS4EIEE?tag=eloabder-20&linkCode=osi&th=1&psc=1">View Product</a></div><div class="product"><a href="https://www.amazon.com/dp/B0C5QK1QHP?tag=eloabder-20&linkCode=osi&th=1&psc=1"><img src="https://m.media-amazon.com/images/I/51eSQ4cj35L._SL500_.jpg" alt="Product Image"></a><p>Veleasha Lashes 5D Faux Mink Lashes 100% Handmade Luxurious Fake Eyelashes Lightweight Fluffy False Eyelashes 5 Pairs Pack (G2)</p><p>$6.98 ($1.40 / Count)</p><a href="https://www.amazon.com/dp/B0C5QK1QHP?tag=eloabder-20&linkCode=osi&th=1&psc=1">View Product</a></div><div class="product"><a href="https://www.amazon.com/dp/B0B1LRRTCH?tag=eloabder-20&linkCode=osi&th=1&psc=1"><img src="https://m.media-amazon.com/images/I/41gc2Df+nAL._SL500_.jpg" alt="Product Image"></a><p>GMAGICTOBO False Eyelashes Natural Half Lashes Short Wispy Clear Band Lashes Pack Cat Eye 3D Faux Mink Lashes Fake Eyelashes 7 Pairs Multipack</p><p>$8.59 ($1.23 / Count)</p><a href="https://www.amazon.com/dp/B0B1LRRTCH?tag=eloabder-20&linkCode=osi&th=1&psc=1">View Product</a></div><div class="product"><a href="https://www.amazon.com/dp/B08R6PR7ND?tag=eloabder-20&linkCode=osi&th=1&psc=1"><img src="https://m.media-amazon.com/images/I/41r4c3ZiCWL._SL500_.jpg" alt="Product Image"></a><p>KISS My Lash But Better, False Eyelashes, All Mine', 10 mm, Includes 1 Pair Of Lashes, Contact Lens Friendly, Easy to Apply, Reusable Strip Lashes, Glue-On</p><p>$3.97</p><a href="https://www.amazon.com/dp/B08R6PR7ND?tag=eloabder-20&linkCode=osi&th=1&psc=1">View Product</a></div><div class="product"><a href="https://www.amazon.com/dp/B0BX3YHN14?tag=eloabder-20&linkCode=osi&th=1&psc=1"><img src="https://m.media-amazon.com/images/I/51YYa1vTElL._SL500_.jpg" alt="Product Image"></a><p>KISS imPRESS Falsies False Eyelashes, Lash Clusters, Voluminous', 14 mm, Includes 20 Clusters, 1 applicator, Contact Lens Friendly, Easy to Apply, Reusable Strip Lashes</p><p>$12.72</p><a href="https://www.amazon.com/dp/B0BX3YHN14?tag=eloabder-20&linkCode=osi&th=1&psc=1">View Product</a></div><div class="product"><a href="https://www.amazon.com/dp/B00YYHHI1E?tag=eloabder-20&linkCode=osi&th=1&psc=1"><img src="https://m.media-amazon.com/images/I/419bv9iNI9L._SL500_.jpg" alt="Product Image"></a><p>Ardell False Eyelashes Demi Wispies Black, 1 pack (6 pairs per pack)</p><p>$9.74 ($1.95 / Count)</p><a href="https://www.amazon.com/dp/B00YYHHI1E?tag=eloabder-20&linkCode=osi&th=1&psc=1">View Product</a></div><div class="product"><a href="https://www.amazon.com/dp/B0CG5SY8J1?tag=eloabder-20&linkCode=osi&th=1&psc=1"><img src="https://m.media-amazon.com/images/I/41SWlZB3plL._SL500_.jpg" alt="Product Image"></a><p>Natural Lashes Natural Eyelashes Short Eyelashes Natural Look False Eyelashes Wispy Eye Lashes 10mm Small Lashes Fake Lashes K50</p><p>$7.93 ($1.13 / Count)</p><a href="https://www.amazon.com/dp/B0CG5SY8J1?tag=eloabder-20&linkCode=osi&th=1&psc=1">View Product</a></div><div class="product"><a href="https://www.amazon.com/dp/B08SPVMDTV?tag=eloabder-20&linkCode=osi&th=1&psc=1"><img src="https://m.media-amazon.com/images/I/41Q6wh0HacL._SL500_.jpg" alt="Product Image"></a><p>KISS Falscara Multipack False Eyelashes, Lash Clusters, Natural Wispy Wisps', 10mm-12mm-14mm, Includes 24 Assorted Lengths Wisps, Contact Lens Friendly, Easy to Apply, Reusable Strip Lashes</p><p>$6.47 ($0.27 / Count)</p><a href="https://www.amazon.com/dp/B08SPVMDTV?tag=eloabder-20&linkCode=osi&th=1&psc=1">View Product</a></div>
<div class="product"><a href="https://www.amazon.com/dp/B08ZYKFNLK?tag=eloabder-20&linkCode=osi&th=1&psc=1"><img src="https://m.media-amazon.com/images/I/41LSyt4W-HL._SL500_.jpg" alt="Product Image"></a><p>Makeup Sponge Set BS-MALL Blender Sponges 7 Pcs for Liquid, Cream, and Powder, Multi-colored with 1 Mini Makeup Sponge Pink (A-Pink）</p><p>$6.99 ($1.00 / Count)</p><a href="https://www.amazon.com/dp/B08ZYKFNLK?tag=eloabder-20&linkCode=osi&th=1&psc=1">View Product</a></div><div class="product"><a href="https://www.amazon.com/dp/B01F36JEXE?tag=eloabder-20&linkCode=osi&th=1&psc=1"><img src="https://m.media-amazon.com/images/I/41AHaVc97tL._SL500_.jpg" alt="Product Image"></a><p>BEAKEY Makeup Sponge 5 Pcs Set, Makeup Sponges for Foundation, Liquid, Cream and Powder. Latex-Free Boun Boun Beauty Sponge for Blending, Blender for Enhanced Make Up Application, Ideal Gift</p><p>$6.99 ($1.40 / Count)</p><a href="https://www.amazon.com/dp/B01F36JEXE?tag=eloabder-20&linkCode=osi&th=1&psc=1">View Product</a></div><div class="product"><a href="https://www.amazon.com/dp/B07VBNQ367?tag=eloabder-20&linkCode=osi&th=1&psc=1"><img src="https://m.media-amazon.com/images/I/41tK1+FK+ML._SL500_.jpg" alt="Product Image"></a><p>Beautyblender® | Original Pink Beauty Blender Makeup Sponge, Super-Soft Foam Easily Blends Foundations, Powders & Creams, Made in USA, Reusable, Washable, Streak Free Application, Vegan, Cruelty Free</p><p>$20.00</p><a href="https://www.amazon.com/dp/B07VBNQ367?tag=eloabder-20&linkCode=osi&th=1&psc=1">View Product</a></div><div class="product"><a href="https://www.amazon.com/dp/B013XJUWC0?tag=eloabder-20&linkCode=osi&th=1&psc=1"><img src="https://m.media-amazon.com/images/I/519iY4n1lHL._SL500_.jpg" alt="Product Image"></a><p>Aesthetica Cosmetics Beauty Sponge Blender - Latex Free and Vegan Makeup Sponge Blender - For Powder, Cream or Liquid Application - One Piece Make Up Sponge</p><p>$3.97</p><a href="https://www.amazon.com/dp/B013XJUWC0?tag=eloabder-20&linkCode=osi&th=1&psc=1">View Product</a></div><div class="product"><a href="https://www.amazon.com/dp/B08T79281H?tag=eloabder-20&linkCode=osi&th=1&psc=1"><img src="https://m.media-amazon.com/images/I/41OyxvePdBL._SL500_.jpg" alt="Product Image"></a><p>DUAIU 4 Pcs Makeup Sponge Set Beauty Sponge Foundation Blending Sponge, Flawless for Liquid, Cream, and Powder, Multi-colored Makeup Sponges with Storage Box</p><p>$4.99 ($1.25 / Count)</p><a href="https://www.amazon.com/dp/B08T79281H?tag=eloabder-20&linkCode=osi&th=1&psc=1">View Product</a></div><div class="product"><a href="https://www.amazon.com/dp/B00EUBPHR6?tag=eloabder-20&linkCode=osi&th=1&psc=1"><img src="https://m.media-amazon.com/images/I/31BZh7Bg7hL._SL500_.jpg" alt="Product Image"></a><p>Real Techniques Miracle Complexion Sponge, Makeup Blending Sponge, For Liquid & Cream Foundation, Offers Light To Medium Coverage, Natural, Dewy Makeup, Orange Sponge, Latex-Free Foam, 1 Count</p><p>$4.57</p><a href="https://www.amazon.com/dp/B00EUBPHR6?tag=eloabder-20&linkCode=osi&th=1&psc=1">View Product</a></div><div class="product"><a href="https://www.amazon.com/dp/B0CL2FKVH2?tag=eloabder-20&linkCode=osi&th=1&psc=1"><img src="https://m.media-amazon.com/images/I/41u81y8DJoL._SL500_.jpg" alt="Product Image"></a><p>14 Pcs Makeup Sponge Set,Beauty Sponges Blender with 4 Pcs Powder Puff and 4 Pcs Mini Make up Sponges Valentine's Day Gift,Mother's Day Gift for Women Liquid,Foundation,Powder,Concealer,Cream(Pink)</p><p>$8.99 ($0.64 / Count)</p><a href="https://www.amazon.com/dp/B0CL2FKVH2?tag=eloabder-20&linkCode=osi&th=1&psc=1">View Product</a></div><div class="product"><a href="https://www.amazon.com/dp/B0CTX1X4F1?tag=eloabder-20&linkCode=osi&th=1&psc=1"><img src="https://m.media-amazon.com/images/I/31dP1yTUmWL._SL500_.jpg" alt="Product Image"></a><p>GFOUNS 15 pcs Beauty blender Makeup Sponge Bulk:Blender Sponges 15 Pcs for Liquid, Cream, and Powder, Multi-colored Pink make up sponges for foundation</p><p>$5.99</p><a href="https://www.amazon.com/dp/B0CTX1X4F1?tag=eloabder-20&linkCode=osi&th=1&psc=1">View Product</a></div>
<div class="product"><a href="https://www.amazon.com/dp/B010CRFSTI?tag=eloabder-20&linkCode=osi&th=1&psc=1"><img src="https://m.media-amazon.com/images/I/41JQ+znx4gL._SL500_.jpg" alt="Product Image"></a><p>Conair Salon Results Hairbrush Set - Travel Hair Brush - Hairbrushes for All Hair Types - Travel size + Full-size Brush</p><p>$5.88 ($2.94 / Count)</p><a href="https://www.amazon.com/dp/B010CRFSTI?tag=eloabder-20&linkCode=osi&th=1&psc=1">View Product</a></div><div class="product"><a href="https://www.amazon.com/dp/B094DK6JNF?tag=eloabder-20&linkCode=osi&th=1&psc=1"><img src="https://m.media-amazon.com/images/I/31dF+T3k3nL._SL500_.jpg" alt="Product Image"></a><p>Wet Brush Original Detangler Hair Brush, Amazon Exclusive Aqua- Ultra-Soft IntelliFlex Bristles-Detangling Hairbrush Glides Through Tangles For All Hair Types (Wet Dry & Damaged Hair) - Women & Men</p><p>$8.99</p><a href="https://www.amazon.com/dp/B094DK6JNF?tag=eloabder-20&linkCode=osi&th=1&psc=1">View Product</a></div>

<div class="product"><a href="https://www.amazon.com/dp/B07KSQZ4MR?tag=eloabder-20&linkCode=osi&th=1&psc=1"><img src="https://m.media-amazon.com/images/I/31A-mCllrgL._SL500_.jpg" alt="Product Image"></a><p>Hot Tools Pro Artist Black Gold Evolve Ionic Salon Hair Flat Iron | Long-Lasting Finish for Straightening Hair, (1-1/4 in), HT7123BG</p><p>$61.50</p><a href="https://www.amazon.com/dp/B07KSQZ4MR?tag=eloabder-20&linkCode=osi&th=1&psc=1">View Product</a></div>
<div class="product"><a href="https://www.amazon.com/dp/B0027SU9JU?tag=eloabder-20&linkCode=osi&th=1&psc=1"><img src="https://m.media-amazon.com/images/I/31rfzenB9mL._SL500_.jpg" alt="Product Image"></a><p>REVLON Turbo Hair Dryer with Advanced Ionic Technology, Ceramic Coating | Turbo Heat and Cold Shot Features, 1875 Watts for Fast Drying and Shine (Silver)</p><p>$19.99</p><a href="https://www.amazon.com/dp/B0027SU9JU?tag=eloabder-20&linkCode=osi&th=1&psc=1">View Product</a></div>

<div class="product"><a href="https://www.amazon.com/dp/B07PBXXNCY?tag=eloabder-20&linkCode=osi&th=1&psc=1"><img src="https://m.media-amazon.com/images/I/31OVxUr+bUL._SL500_.jpg" alt="Product Image"></a><p>Clean Skin Club Clean Towels XL™, 100% USDA Biobased Face Towel, Disposable Face Towelette, Makeup Remover Dry Wipes, Ultra Soft, 50 Ct, 1 Pack</p><p>$17.95 ($0.36 / Count)</p><a href="https://www.amazon.com/dp/B07PBXXNCY?tag=eloabder-20&linkCode=osi&th=1&psc=1">View Product</a></div><div class="product"><a href="https://www.amazon.com/dp/B01LEJ5MSK?tag=eloabder-20&linkCode=osi&th=1&psc=1"><img src="https://m.media-amazon.com/images/I/418xEMrk6LL._SL500_.jpg" alt="Product Image"></a><p>COSRX Snail Mucin 92% Repair Cream, Daily Face Gel Moisturizer for Dry Skin, Acne-prone, Sensitive Skin, Not Tested on Animals, No Parabens, Korean Skincare (3.52 Fl Oz (Pack of 1))</p><p>$13.99 ($3.97 / Fl Oz)</p><a href="https://www.amazon.com/dp/B01LEJ5MSK?tag=eloabder-20&linkCode=osi&th=1&psc=1">View Product</a></div>
<div class="product"><a href="https://www.amazon.com/dp/B076FHJ3K5?tag=eloabder-20&linkCode=osi&th=1&psc=1"><img src="https://m.media-amazon.com/images/I/31QAqxeYpoL._SL500_.jpg" alt="Product Image"></a><p>Marc Anthony Leave-In Conditioner Spray & Detangler, Grow Long Biotin - Anti-Frizz Deep Conditioner For Split Ends & Breakage - Vitamin E, Caffeine & Ginseng for Curly, Dry & Damaged Hair</p><p>$7.67 ($0.91 / Fl Oz)</p><a href="https://www.amazon.com/dp/B076FHJ3K5?tag=eloabder-20&linkCode=osi&th=1&psc=1">View Product</a></div><div class="product"><a href="https://www.amazon.com/dp/B0B941W753?tag=eloabder-20&linkCode=osi&th=1&psc=1"><img src="https://m.media-amazon.com/images/I/3154MYZlHiL._SL500_.jpg" alt="Product Image"></a><p>MONDAY HAIRCARE Volume Shampoo + Conditioner Set (2 Pack) 12oz Each for Thin, Fine, and Oily Hair, Made from Coconut Oil, Ginger Extract, & Vitamin E, 100% Recyclable Bottles</p><p>$13.99 ($0.58 / Fl Oz)</p><a href="https://www.amazon.com/dp/B0B941W753?tag=eloabder-20&linkCode=osi&th=1&psc=1">View Product</a></div><div class="product"><a href="https://www.amazon.com/dp/B0CS29PK2J?tag=eloabder-20&linkCode=osi&th=1&psc=1"><img src="https://m.media-amazon.com/images/I/315FU9SHGsL._SL500_.jpg" alt="Product Image"></a><p>Monday Moisture Leave-in Conditioner 5 Oz</p><p>$5.41 ($1.08 / Fl Oz)</p><a href="https://www.amazon.com/dp/B0CS29PK2J?tag=eloabder-20&linkCode=osi&th=1&psc=1">View Product</a></div><div class="product"><a href="https://www.amazon.com/dp/B0B941XTDZ?tag=eloabder-20&linkCode=osi&th=1&psc=1"><img src="https://m.media-amazon.com/images/I/41eavjiNYyL._SL500_.jpg" alt="Product Image"></a><p>MONDAY HAIRCARE Moisture Shampoo + Conditioner Set for Dry, Coarse, Stressed, Coily & Curly Hair, Made from Coconut Oil, Rice Protein, Shea Butter, & Vitamin E, All-Natural, 12 Fl Oz (Pack of 2)</p><p>$13.99 ($0.58 / Fl Oz)</p><a href="https://www.amazon.com/dp/B0B941XTDZ?tag=eloabder-20&linkCode=osi&th=1&psc=1">View Product</a></div><div class="product"><a href="https://www.amazon.com/dp/B07N7PK9QK?tag=eloabder-20&linkCode=osi&th=1&psc=1"><img src="https://m.media-amazon.com/images/I/416K3ahcJsL._SL500_.jpg" alt="Product Image"></a><p>Mielle Organics Rosemary Mint Scalp & Hair Strengthening Oil for All Hair Types, 2 Ounce</p><p>$9.50 ($4.75 / Fl Oz)</p><a href="https://www.amazon.com/dp/B07N7PK9QK?tag=eloabder-20&linkCode=osi&th=1&psc=1">View Product</a></div><div class="product"><a href="https://www.amazon.com/dp/B005PV0FDG?tag=eloabder-20&linkCode=osi&th=1&psc=1"><img src="https://m.media-amazon.com/images/I/310l+q4ImxL._SL500_.jpg" alt="Product Image"></a><p>It's a 10 Haircare Miracle Leave-In product, 10 fl. oz.</p><p>$27.98 ($2.80 / Fl Oz)</p><a href="https://www.amazon.com/dp/B005PV0FDG?tag=eloabder-20&linkCode=osi&th=1&psc=1">View Product</a></div><div class="product"><a href="https://www.amazon.com/dp/B0C3K3XX95?tag=eloabder-20&linkCode=osi&th=1&psc=1"><img src="https://m.media-amazon.com/images/I/41+CLmIGVIL._SL500_.jpg" alt="Product Image"></a><p>MONDAY HAIRCARE Repair Shampoo and Conditioner Set 12oz for Dry to Damaged Hair, Made with Keratin, Coconut Oil, Shea Butter and Vitamin E</p><p>$13.99 ($0.58 / Fl Oz)</p><a href="https://www.amazon.com/dp/B0C3K3XX95?tag=eloabder-20&linkCode=osi&th=1&psc=1">View Product</a></div>
<div class="product"><a href="https://www.amazon.com/dp/B09F5L7756?tag=eloabder-20&linkCode=osi&th=1&psc=1"><img src="https://m.media-amazon.com/images/I/61qJVRNSjFL._SL500_.jpg" alt="Product Image"></a><p>Vaseline Intensive Care Cocoa Radiant For Glowing Skin 3 Count Body Gel Oil Body Oil Made with 100% Pure Cocoa Butter + Replenishing Oils 6.8oz</p><p>$19.44 ($0.95 / Fl Oz)</p><a href="https://www.amazon.com/dp/B09F5L7756?tag=eloabder-20&linkCode=osi&th=1&psc=1">View Product</a></div><div class="product"><a href="https://www.amazon.com/dp/B08T4FLJQZ?tag=eloabder-20&linkCode=osi&th=1&psc=1"><img src="https://m.media-amazon.com/images/I/317LIpGPZiL._SL500_.jpg" alt="Product Image"></a><p>Dove Scrub Brown Sugar & Coconut Butter For Silky Smooth Skin Body Scrub Exfoliates & Restores Skin's Natural Nutrients 10.5 oz</p><p>$6.97 ($0.66 / Ounce)</p><a href="https://www.amazon.com/dp/B08T4FLJQZ?tag=eloabder-20&linkCode=osi&th=1&psc=1">View Product</a></div><div class="product"><a href="https://www.amazon.com/dp/B0CNKZW8HL?tag=eloabder-20&linkCode=osi&th=1&psc=1"><img src="https://m.media-amazon.com/images/I/61vGHE3wEWL._SL500_.jpg" alt="Product Image"></a><p>Dove Men+Care Body Wash Sandalwood + Cardamom Oil to Rebuild Skin in the Shower with Plant-Based Cleansers and Moisturizers 26 oz</p><p>$9.97 ($0.38 / Fl Oz)</p><a href="https://www.amazon.com/dp/B0CNKZW8HL?tag=eloabder-20&linkCode=osi&th=1&psc=1">View Product</a></div><div class="product"><a href="https://www.amazon.com/dp/B089NCFBQZ?tag=eloabder-20&linkCode=osi&th=1&psc=1"><img src="https://m.media-amazon.com/images/I/41WGBM4YipL._SL500_.jpg" alt="Product Image"></a><p>Vaseline Illuminate Me Shimmering Body Oil Created for Melanin Rich Skin, Illuminates Skin with Finishing Touch of Shimmer for Glowing Skin 3.3 oz</p><p>$8.75 ($2.65 / Fl Oz)</p><a href="https://www.amazon.com/dp/B089NCFBQZ?tag=eloabder-20&linkCode=osi&th=1&psc=1">View Product</a></div><div class="product"><a href="https://www.amazon.com/dp/B0CNL19TQG?tag=eloabder-20&linkCode=osi&th=1&psc=1"><img src="https://m.media-amazon.com/images/I/61kqkkFXOkL._SL500_.jpg" alt="Product Image"></a><p>Dove Men+Care Body Wash Eucalyptus + Cedar Oil to Rebuild Skin in the Shower with Plant-Based Cleansers and Moisturizers 26 oz</p><p>$9.99 ($0.38 / Fl Oz)</p><a href="https://www.amazon.com/dp/B0CNL19TQG?tag=eloabder-20&linkCode=osi&th=1&psc=1">View Product</a></div><div class="product"><a href="https://www.amazon.com/dp/B07HMDGJCJ?tag=eloabder-20&linkCode=osi&th=1&psc=1"><img src="https://m.media-amazon.com/images/I/31TuC5EJeNL._SL500_.jpg" alt="Product Image"></a><p>SOL DE JANEIRO 4 Play Moisturizing Shower Cream Gel Body Wash 90mL</p><p>$10.00 ($3.33 / Fl Oz)</p><a href="https://www.amazon.com/dp/B07HMDGJCJ?tag=eloabder-20&linkCode=osi&th=1&psc=1">View Product</a></div>
<div class="product"><a href="https://www.amazon.com/dp/B00HVI8WYU?tag=eloabder-20&linkCode=osi&th=1&psc=1"><img src="https://m.media-amazon.com/images/I/31educzzSsL._SL500_.jpg" alt="Product Image"></a><p>e.l.f. Hydrating Face Primer, Makeup Primer For Flawless, Smooth Skin & Long-Lasting Makeup, Fills In Pores & Fine Lines, Vegan & Cruelty-free, Small</p><p>$8.00</p><a href="https://www.amazon.com/dp/B00HVI8WYU?tag=eloabder-20&linkCode=osi&th=1&psc=1">View Product</a></div><div class="product"><a href="https://www.amazon.com/dp/B088W7L534?tag=eloabder-20&linkCode=osi&th=1&psc=1"><img src="https://m.media-amazon.com/images/I/31A5rZUAKyL._SL500_.jpg" alt="Product Image"></a><p>e.l.f. Monochromatic Multi Stick, Luxuriously Creamy & Blendable Color, For Eyes, Lips & Cheeks, Dazzling Peony, 0.17 oz (5 g)</p><p>$5.00</p><a href="https://www.amazon.com/dp/B088W7L534?tag=eloabder-20&linkCode=osi&th=1&psc=1">View Product</a></div><div class="product"><a href="https://www.amazon.com/dp/B0CMJZ8G6Y?tag=eloabder-20&linkCode=osi&th=1&psc=1"><img src="https://m.media-amazon.com/images/I/31KdGu0F8vL._SL500_.jpg" alt="Product Image"></a><p>e.l.f. Glow Reviver Lip Oil, Nourishing Tinted Lip Oil For A High-shine Finish, Infused With Jojoba Oil, Vegan & Cruelty-free, Rose Envy</p><p>$8.00</p><a href="https://www.amazon.com/dp/B0CMJZ8G6Y?tag=eloabder-20&linkCode=osi&th=1&psc=1">View Product</a></div><div class="product"><a href="https://www.amazon.com/dp/B08H3JPH74?tag=eloabder-20&linkCode=osi&th=1&psc=1"><img src="https://m.media-amazon.com/images/I/31hf532TEHL._SL500_.jpg" alt="Product Image"></a><p>Maybelline Lash Sensational Sky High Washable Mascara Makeup, Volumizing, Lengthening, Defining, Curling, Multiplying, Buildable Formula, Blackest Black, 1 Count</p><p>$9.98</p><a href="https://www.amazon.com/dp/B08H3JPH74?tag=eloabder-20&linkCode=osi&th=1&psc=1">View Product</a></div>
<div class="product"><a href="https://www.amazon.com/dp/B09C8VNWBP?tag=eloabder-20&linkCode=osi&th=1&psc=1"><img src="https://m.media-amazon.com/images/I/31ObnTRpJ5L._SL500_.jpg" alt="Product Image"></a><p>Lattafa Yara for Women Eau de Parfum Spray, 3.40 Ounce / 100 ml</p><p>$22.77 ($6.70 / Fl Oz)</p><a href="https://www.amazon.com/dp/B09C8VNWBP?tag=eloabder-20&linkCode=osi&th=1&psc=1">View Product</a></div><div class="product"><a href="https://www.amazon.com/dp/B000E7WHCI?tag=eloabder-20&linkCode=osi&th=1&psc=1"><img src="https://m.media-amazon.com/images/I/31V1XkKkWXL._SL500_.jpg" alt="Product Image"></a><p>Vera Wang Eau de Parfum for Women - Delicate, Floral Scent - Notes of Iris, Lillies, & Sandalwood - Feminine & Subtle - 3.4 Fl Oz</p><p>$26.47 ($7.79 / Fl Oz)</p><a href="https://www.amazon.com/dp/B000E7WHCI?tag=eloabder-20&linkCode=osi&th=1&psc=1">View Product</a></div><div class="product"><a href="https://www.amazon.com/dp/B0B1HB719V?tag=eloabder-20&linkCode=osi&th=1&psc=1"><img src="https://m.media-amazon.com/images/I/31R9CfuokSL._SL500_.jpg" alt="Product Image"></a><p>Sol de Janeiro Cheirosa '68 Hair & Body Fragrance Mist 90mL/3.0 fl oz.</p><p>$24.00 ($8.00 / Fl Oz)</p><a href="https://www.amazon.com/dp/B0B1HB719V?tag=eloabder-20&linkCode=osi&th=1&psc=1">View Product</a></div><div class="product"><a href="https://www.amazon.com/dp/B01KYRUBT8?tag=eloabder-20&linkCode=osi&th=1&psc=1"><img src="https://m.media-amazon.com/images/I/41BYbHm20iL._SL500_.jpg" alt="Product Image"></a><p>Al-Rehab Choco Musk Eau de Parfum Spray for Women, 1.7 Ounce</p><p>$7.80 ($4.59 / Fl Oz)</p><a href="https://www.amazon.com/dp/B01KYRUBT8?tag=eloabder-20&linkCode=osi&th=1&psc=1">View Product</a></div><div class="product"><a href="https://www.amazon.com/dp/B07NJJZK3W?tag=eloabder-20&linkCode=osi&th=1&psc=1"><img src="https://m.media-amazon.com/images/I/41YNfQAjjLL._SL500_.jpg" alt="Product Image"></a><p>Swiss Arabian Layali Rouge - Luxury Products From Dubai - Lasting And Addictive Personal Perfume Oil Fragrance - A Seductive, Signature Aroma - The Luxurious Scent Of Arabia - 0.5 Oz</p><p>$23.48 ($46.96 / Fl Oz)</p><a href="https://www.amazon.com/dp/B07NJJZK3W?tag=eloabder-20&linkCode=osi&th=1&psc=1">View Product</a></div><div class="product"><a href="https://www.amazon.com/dp/B000JL7WQK?tag=eloabder-20&linkCode=osi&th=1&psc=1"><img src="https://m.media-amazon.com/images/I/41WJsYdkRbL._SL500_.jpg" alt="Product Image"></a><p>Vera Wang Princess Eau de Toilette Spray for Women, Vanilla, 3.4 Fl Ounce</p><p>$25.49 ($7.50 / Fl Oz)</p><a href="https://www.amazon.com/dp/B000JL7WQK?tag=eloabder-20&linkCode=osi&th=1&psc=1">View Product</a></div><div class="product"><a href="https://www.amazon.com/dp/B000C1Z5AW?tag=eloabder-20&linkCode=osi&th=1&psc=1"><img src="https://m.media-amazon.com/images/I/31pCnWTh3yL._SL500_.jpg" alt="Product Image"></a><p>Pleasures By Estee Lauder For Women. Eau De Parfum Spray 3.4 Ounces</p><p>$35.00 ($10.29 / Fl Oz)</p><a href="https://www.amazon.com/dp/B000C1Z5AW?tag=eloabder-20&linkCode=osi&th=1&psc=1">View Product</a></div><div class="product"><a href="https://www.amazon.com/dp/B000P22TIY?tag=eloabder-20&linkCode=osi&th=1&psc=1"><img src="https://m.media-amazon.com/images/I/31h9AoIGn3L._SL500_.jpg" alt="Product Image"></a><p>Nautica Voyage Eau De Toilette for Men - Fresh, Romantic, Fruity Scent Woody, Aquatic Notes of Apple, Water Lotus, Cedarwood, and Musk Ideal Day Wear 3.3 Fl Oz</p><p>$18.90 ($5.73 / Fl Oz)</p><a href="https://www.amazon.com/dp/B000P22TIY?tag=eloabder-20&linkCode=osi&th=1&psc=1">View Product</a></div><div class="product"><a href="https://www.amazon.com/dp/B00GZP041Y?tag=eloabder-20&linkCode=osi&th=1&psc=1"><img src="https://m.media-amazon.com/images/I/41-2Bb4gj+L._SL500_.jpg" alt="Product Image"></a><p>Versace Bright Crystal Absolu Eau de Perfume Spray, 3.0 Ounce</p><p>$52.67 ($17.56 / Fl Oz)</p><a href="https://www.amazon.com/dp/B00GZP041Y?tag=eloabder-20&linkCode=osi&th=1&psc=1">View Product</a></div>





<div class="product"><a href="https://www.amazon.com/dp/B0B2RM68G2?tag=eloabder-20&linkCode=osi&th=1&psc=1"><img src="https://m.media-amazon.com/images/I/41VafG53fjL._SL500_.jpg" alt="Product Image"></a><p>BIODANCE Bio-Collagen Real Deep Mask, Hydrating Overnight Hydrogel Mask, Pore Minimizing, Elasticity Improvement, 34g x4ea</p><p>$19.00 ($4.75 / Count)</p><a href="https://www.amazon.com/dp/B0B2RM68G2?tag=eloabder-20&linkCode=osi&th=1&psc=1">View Product</a></div><div class="product"><a href="https://www.amazon.com/dp/B00BAM7F8C?tag=eloabder-20&linkCode=osi&th=1&psc=1"><img src="https://m.media-amazon.com/images/I/51jsS9SDHeL._SL500_.jpg" alt="Product Image"></a><p>DERMAL 16 Combo Pack A Collagen Essencce Korean Face Mask - Hydrating & Soothing Facial Mask with Panthenol - Hypoallergenic Self Care Sheet Mask for All Skin Types - Natural Home Spa Treatment Masks</p><p>$11.99</p><a href="https://www.amazon.com/dp/B00BAM7F8C?tag=eloabder-20&linkCode=osi&th=1&psc=1">View Product</a></div><div class="product"><a href="https://www.amazon.com/dp/B07FPJHPX1?tag=eloabder-20&linkCode=osi&th=1&psc=1"><img src="https://m.media-amazon.com/images/I/51uNOnTpxTL._SL500_.jpg" alt="Product Image"></a><p>Celavi Essence Facial Sheet Face Mask Variety Set Classic Authentic Korean Moisturizing Skincare (12-Packs)</p><p>$9.40 ($0.78 / Count)</p><a href="https://www.amazon.com/dp/B07FPJHPX1?tag=eloabder-20&linkCode=osi&th=1&psc=1">View Product</a></div><div class="product"><a href="https://www.amazon.com/dp/B0722LVW3B?tag=eloabder-20&linkCode=osi&th=1&psc=1"><img src="https://m.media-amazon.com/images/I/51Vm0lozSIL._SL500_.jpg" alt="Product Image"></a><p>DERMAL 24 Combo Pack A Collagen Essence Korean Face Mask - Hydrating & Soothing Facial Mask with Panthenol - Hypoallergenic Self Care Sheet Mask for All Skin Types - Natural Home Spa Treatment Mask</p><p>$16.99 ($0.71 / Count)</p><a href="https://www.amazon.com/dp/B0722LVW3B?tag=eloabder-20&linkCode=osi&th=1&psc=1">View Product</a></div><div class="product"><a href="https://www.amazon.com/dp/B0D7LXSSS5?tag=eloabder-20&linkCode=osi&th=1&psc=1"><img src="https://m.media-amazon.com/images/I/41N5HKnGTtL._SL500_.jpg" alt="Product Image"></a><p>SOYUB Collagen Face Mask - Hydrating Overnight Collagen Face Mask Deep Collagen Anti Wrinkle Lifting Mask - Pure Collagen Films for Improve Elasticity Firming And Moisturizing (4pcs/1 Box)</p><p>$13.79 ($3.45 / Count)</p><a href="https://www.amazon.com/dp/B0D7LXSSS5?tag=eloabder-20&linkCode=osi&th=1&psc=1">View Product</a></div><div class="product"><a href="https://www.amazon.com/dp/B007CY2C76?tag=eloabder-20&linkCode=osi&th=1&psc=1"><img src="https://m.media-amazon.com/images/I/31-131ZWvEL._SL500_.jpg" alt="Product Image"></a><p>Freeman Dead Sea Minerals Anti-Stress Clay Facial Mask, Hydrating & Clarifying, Clears Pores, Face Mask With Lavender & Bergamot For Radiant Skin, For All Skin Types, 6 fl. oz./175 mL Tube, 1 Count</p><p>$3.86 ($0.64 / Ounce)</p><a href="https://www.amazon.com/dp/B007CY2C76?tag=eloabder-20&linkCode=osi&th=1&psc=1">View Product</a></div>



<div class="product"><a href="https://www.amazon.com/dp/B0CZXG68J4?tag=eloabder-20&linkCode=osi&th=1&psc=1"><img src="https://m.media-amazon.com/images/I/41Xkis0092L._SL500_.jpg" alt="Product Image"></a><p>CNP Honey Lip Butter (0.5 fl.oz / 15ml) - Propolis Lipcerin™, Hydrating Overnight Manuka Lip Balm & Mask, 12hrs Long-lasting Moisture, Gentle Exfoliation, Hygienic Twist Dispenser, Korean Skin Care</p><p>$17.80 ($35.60 / Fl Oz)</p><a href="https://www.amazon.com/dp/B0CZXG68J4?tag=eloabder-20&linkCode=osi&th=1&psc=1">View Product</a></div><div class="product"><a href="https://www.amazon.com/dp/B08GJH4RZV?tag=eloabder-20&linkCode=osi&th=1&psc=1"><img src="https://m.media-amazon.com/images/I/41PXqEpAI1L._SL500_.jpg" alt="Product Image"></a><p>2PCS Lip Mask Overnight, Honey&Sakura Day and Night Repair Sleeping Lip Balm, Fade Lip Lines Bee Balm, Hydrating &Prevention Dry and Crack Lip Scrubs Exfoliator</p><p>$6.49</p><a href="https://www.amazon.com/dp/B08GJH4RZV?tag=eloabder-20&linkCode=osi&th=1&psc=1">View Product</a></div><div class="product"><a href="https://www.amazon.com/dp/B07XXPHQZK?tag=eloabder-20&linkCode=osi&th=1&psc=1"><img src="https://m.media-amazon.com/images/I/31mJBoxFgQL._SL500_.jpg" alt="Product Image"></a><p>LANEIGE Lip Sleeping Mask Berry: Nourish, Hydrate, Vitamin C, Murumuru & Shea Butter, Antioxidants, Flaky, Dry Lips</p><p>$24.00 ($34.29 / Ounce)</p><a href="https://www.amazon.com/dp/B07XXPHQZK?tag=eloabder-20&linkCode=osi&th=1&psc=1">View Product</a></div><div class="product"><a href="https://www.amazon.com/dp/B07Y91BMSK?tag=eloabder-20&linkCode=osi&th=1&psc=1"><img src="https://m.media-amazon.com/images/I/51P5ul4ewsL._SL500_.jpg" alt="Product Image"></a><p>NIVEA Lip Care, Fruity Tinted Lip Balm Variety Pack, Includes Cherry, Strawberry, Blackberry and Watermelon Scents, 0.17 Oz, Pack of 4</p><p>$9.69</p><a href="https://www.amazon.com/dp/B07Y91BMSK?tag=eloabder-20&linkCode=osi&th=1&psc=1">View Product</a></div><div class="product"><a href="https://www.amazon.com/dp/B082JJ4D98?tag=eloabder-20&linkCode=osi&th=1&psc=1"><img src="https://m.media-amazon.com/images/I/41zIrQdHI5L._SL500_.jpg" alt="Product Image"></a><p>NIVEA Smoothness Lip Care, Lip Balm SPF 15, Mineral Oil Free Lip Moisturizer with Shea Butter, Jojoba Oil and Avocado Oil, 0.17 Oz, Pack of 4</p><p>$8.40</p><a href="https://www.amazon.com/dp/B082JJ4D98?tag=eloabder-20&linkCode=osi&th=1&psc=1">View Product</a></div><div class="product"><a href="https://www.amazon.com/dp/B07MBHRYTJ?tag=eloabder-20&linkCode=osi&th=1&psc=1"><img src="https://m.media-amazon.com/images/I/410u8zP2pDL._SL500_.jpg" alt="Product Image"></a><p>Palmer's Coconut Oil Formula Lip Balm Duo, All-Day Moisturization, Lip Balm Easter Basket Stuffers, Hydrates Dry, Cracked Lips (Pack of 2)</p><p>$3.10 ($1.94 / Ounce)</p><a href="https://www.amazon.com/dp/B07MBHRYTJ?tag=eloabder-20&linkCode=osi&th=1&psc=1">View Product</a></div><div class="product"><a href="https://www.amazon.com/dp/B07YG8YVQW?tag=eloabder-20&linkCode=osi&th=1&psc=1"><img src="https://m.media-amazon.com/images/I/41tKxZOfwPL._SL500_.jpg" alt="Product Image"></a><p>NIVEA Moisture Lip Care, Lip Balm Stick with Shea Butter, Jojoba Oil and Avocado Oil, 0.17 Oz, Pack of 4</p><p>$9.98</p><a href="https://www.amazon.com/dp/B07YG8YVQW?tag=eloabder-20&linkCode=osi&th=1&psc=1">View Product</a></div><div class="product"><a href="https://www.amazon.com/dp/B08C8WMPMR?tag=eloabder-20&linkCode=osi&th=1&psc=1"><img src="https://m.media-amazon.com/images/I/410NuIkftlL._SL500_.jpg" alt="Product Image"></a><p>eos Medicated Lip Balm - The Fixer | Lip Care to Repair and Protect Chapped and Dry Lips | Instant Cooling and Pain Relief with Natural Ingredients | 0.35 oz</p><p>$3.97 ($11.34 / Fl Oz)</p><a href="https://www.amazon.com/dp/B08C8WMPMR?tag=eloabder-20&linkCode=osi&th=1&psc=1">View Product</a></div>


<div class="product"><a href="https://www.amazon.com/dp/B08GSTPT8Y?tag=eloabder-20&linkCode=osi&th=1&psc=1"><img src="https://m.media-amazon.com/images/I/41sX+hKcbML._SL500_.jpg" alt="Product Image"></a><p>AOA Studio Collection makeup Sponge Set Latex Free and High-definition Set of 6 makeup Wonder blender For Powder Cream and Liquid, Super Soft Wonder Beauty Cosmetic</p><p>$9.95 ($1.66 / Count)</p><a href="https://www.amazon.com/dp/B08GSTPT8Y?tag=eloabder-20&linkCode=osi&th=1&psc=1">View Product</a></div><div class="product"><a href="https://www.amazon.com/dp/B0CJFFR574?tag=eloabder-20&linkCode=osi&th=1&psc=1"><img src="https://m.media-amazon.com/images/I/41nkQ05yLcL._SL500_.jpg" alt="Product Image"></a><p>SUNGBOON EDITOR Deep Collagen Overnight Mask 37gx4ea | The real collagen 2,160,000ppb | Facial Hydrogel Masks with low molecular weight collagen for elasticity, firming, and moisturizing</p><p>$19.00 ($4.75 / Count)</p><a href="https://www.amazon.com/dp/B0CJFFR574?tag=eloabder-20&linkCode=osi&th=1&psc=1">View Product</a></div><div class="product"><a href="https://www.amazon.com/dp/B0B45LL4DD?tag=eloabder-20&linkCode=osi&th=1&psc=1"><img src="https://m.media-amazon.com/images/I/31ZNIWikbtL._SL500_.jpg" alt="Product Image"></a><p>Beauty of Joseon Revive Eye Serum with Retinal Niacinamide Correction for Puffy Eye Bags Fine Lines Dark Circles Wrinkles, Korean Skin Care 30ml, 1 fl.oz</p><p>$14.50 ($14.50 / Fl Oz)</p><a href="https://www.amazon.com/dp/B0B45LL4DD?tag=eloabder-20&linkCode=osi&th=1&psc=1">View Product</a></div><div class="product"><a href="https://www.amazon.com/dp/B0C4H1GPG1?tag=eloabder-20&linkCode=osi&th=1&psc=1"><img src="https://m.media-amazon.com/images/I/41jyzyKyY2L._SL500_.jpg" alt="Product Image"></a><p>BEAKEY Latex Free Blender Makeup Sponge for Blending, Pink Makeup Sponge Set, Soft Beauty Sponge, for Flawless Application of Liquid, Cream, and Powder Cosmetics, Pink Makeup Gifts</p><p>$6.99 ($1.40 / Count)</p><a href="https://www.amazon.com/dp/B0C4H1GPG1?tag=eloabder-20&linkCode=osi&th=1&psc=1">View Product</a></div><div class="product"><a href="https://www.amazon.com/dp/B00QPNVC0I?tag=eloabder-20&linkCode=osi&th=1&psc=1"><img src="https://m.media-amazon.com/images/I/31wV3gYUEpL._SL500_.jpg" alt="Product Image"></a><p>Real Techniques Miracle Complexion Sponge Set Duo, 2 Makeup Sponges For Liquid & Cream Makeup, Makeup Blender Sponge For Buildable Coverage, Foundation Sponge For Natural, Dewy Base, Latex-Free Foam</p><p>$7.69 ($3.84 / Count)</p><a href="https://www.amazon.com/dp/B00QPNVC0I?tag=eloabder-20&linkCode=osi&th=1&psc=1">View Product</a></div><div class="product"><a href="https://www.amazon.com/dp/B0CZYJYX4Q?tag=eloabder-20&linkCode=osi&th=1&psc=1"><img src="https://m.media-amazon.com/images/I/31hNatkE-9L._SL500_.jpg" alt="Product Image"></a><p>LANEIGE Lip Glowy Balm Mango: Hydrate, Glossy, Lightweight, Moisturize & Tint with Shea Butter</p><p>$19.00 ($54.29 / Ounce)</p><a href="https://www.amazon.com/dp/B0CZYJYX4Q?tag=eloabder-20&linkCode=osi&th=1&psc=1">View Product</a></div><div class="product"><a href="https://www.amazon.com/dp/B0CXQR14J3?tag=eloabder-20&linkCode=osi&th=1&psc=1"><img src="https://m.media-amazon.com/images/I/31RRaB6c+JL._SL500_.jpg" alt="Product Image"></a><p>e.l.f. Power Grip Dewy Setting Spray, Ultra Fine Mist Made With Hyaluronic Acid, Grips Makeup For A Hydrated, Dewy Finish, Vegan & Cruelty-Free</p><p>$10.00 ($3.70 / Fl Oz)</p><a href="https://www.amazon.com/dp/B0CXQR14J3?tag=eloabder-20&linkCode=osi&th=1&psc=1">View Product</a></div>
<div class="product"><a href="https://www.amazon.com/dp/B0057X7S7I?tag=eloabder-20&linkCode=osi&th=1&psc=1"><img src="https://m.media-amazon.com/images/I/31EGxy1hPjL._SL500_.jpg" alt="Product Image"></a><p>Rimmel Stay Glossy Lip Gloss - Non-Sticky and Lightweight Formula for Lip Color and Shine - 120 Non-Stop Glamour, .18oz</p><p>$3.97</p><a href="https://www.amazon.com/dp/B0057X7S7I?tag=eloabder-20&linkCode=osi&th=1&psc=1">View Product</a></div><div class="product"><a href="https://www.amazon.com/dp/B07MWTH3BY?tag=eloabder-20&linkCode=osi&th=1&psc=1"><img src="https://m.media-amazon.com/images/I/31xb-X48IBL._SL500_.jpg" alt="Product Image"></a><p>e.l.f. Monochromatic Multi Stick, Luxuriously Creamy & Blendable Color, For Eyes, Lips & Cheeks, Glistening Peach, 0.17 oz (5g)</p><p>$5.00</p><a href="https://www.amazon.com/dp/B07MWTH3BY?tag=eloabder-20&linkCode=osi&th=1&psc=1">View Product</a></div><div class="product"><a href="https://www.amazon.com/dp/B0CPFXMMBH?tag=eloabder-20&linkCode=osi&th=1&psc=1"><img src="https://m.media-amazon.com/images/I/21poCyHDdxL._SL500_.jpg" alt="Product Image"></a><p>e.l.f. Instant Lift Waterproof Brow Pencil, Long-Lasting Eyebrow Pencil For Grooming & Shaping Eyebrows, Vegan & Cruelty-free, Taupe</p><p>$3.00</p><a href="https://www.amazon.com/dp/B0CPFXMMBH?tag=eloabder-20&linkCode=osi&th=1&psc=1">View Product</a></div><div class="product"><a href="https://www.amazon.com/dp/B082YQ4QWW?tag=eloabder-20&linkCode=osi&th=1&psc=1"><img src="https://m.media-amazon.com/images/I/31S+aqgvx6L._SL500_.jpg" alt="Product Image"></a><p>wet n wild Mega Last High-Shine Lipstick Lip Color, Infused with Seed Oils For a Nourishing High-Shine, Buildable & Blendable Creamy Color, Cruelty-Free & Vegan - Pinky Ring</p><p>$2.28</p><a href="https://www.amazon.com/dp/B082YQ4QWW?tag=eloabder-20&linkCode=osi&th=1&psc=1">View Product</a></div><div class="product"><a href="https://www.amazon.com/dp/B0BDD7D34M?tag=eloabder-20&linkCode=osi&th=1&psc=1"><img src="https://m.media-amazon.com/images/I/51O5AVRXcUL._SL500_.jpg" alt="Product Image"></a><p>Maskiss 24k Gold Under Eye Patches (25 Pairs), eye mask, Collagen Skin Care Products, Eye Patches for Puffy Eyes, eye masks for dark circles and puffiness</p><p>$14.99 ($0.60 / Count)</p><a href="https://www.amazon.com/dp/B0BDD7D34M?tag=eloabder-20&linkCode=osi&th=1&psc=1">View Product</a></div><div class="product"><a href="https://www.amazon.com/dp/B004BCXEF6?tag=eloabder-20&linkCode=osi&th=1&psc=1"><img src="https://m.media-amazon.com/images/I/31t3gAw-N7L._SL500_.jpg" alt="Product Image"></a><p>L’Oreal Paris Makeup Voluminous Original Volume Building Waterproof Mascara, Carbon Black, 0.23 Fl Oz</p><p>$8.98</p><a href="https://www.amazon.com/dp/B004BCXEF6?tag=eloabder-20&linkCode=osi&th=1&psc=1">View Product</a></div>
<div class="product"><a href="https://www.amazon.com/dp/B0BSZ23FTF?tag=eloabder-20&linkCode=osi&th=1&psc=1"><img src="https://m.media-amazon.com/images/I/31GRN7P2p8L._SL500_.jpg" alt="Product Image"></a><p>Bubble Skincare Slam Dunk Face Moisturizer - Hydrating Face Cream for Dry Skin Made with Vitamin E + Aloe Vera Juice for a Glowing Complexion - Skin Care with Blue Light Protection (50ml)</p><p>$14.98 ($8.81 / Ounce)</p><a href="https://www.amazon.com/dp/B0BSZ23FTF?tag=eloabder-20&linkCode=osi&th=1&psc=1">View Product</a></div><div class="product"><a href="https://www.amazon.com/dp/B08T7DSZYD?tag=eloabder-20&linkCode=osi&th=1&psc=1"><img src="https://m.media-amazon.com/images/I/41WwUSxcyGL._SL500_.jpg" alt="Product Image"></a><p>e.l.f. SKIN Hydrated Ever After Skincare Mini Kit, Cleanser, Makeup Remover, Moisturiser & Eye Cream For Hydrating Skin, Airplane-Friendly Sizes</p><p>$19.99</p><a href="https://www.amazon.com/dp/B08T7DSZYD?tag=eloabder-20&linkCode=osi&th=1&psc=1">View Product</a></div><div class="product"><a href="https://www.amazon.com/dp/B0BSYX57T2?tag=eloabder-20&linkCode=osi&th=1&psc=1"><img src="https://m.media-amazon.com/images/I/31ssRlEo5QL._SL500_.jpg" alt="Product Image"></a><p>Bubble Skincare Bounce Back Balancing Facial Toner Mist - Hydrating Toner Spray + Pore Minimizer Made with Sea Water and Niacinamide to Help Improve Texture & Radiance (55ml)</p><p>$12.99 ($7.22 / Fl Oz)</p><a href="https://www.amazon.com/dp/B0BSYX57T2?tag=eloabder-20&linkCode=osi&th=1&psc=1">View Product</a></div><div class="product"><a href="https://www.amazon.com/dp/B000VPPUEA?tag=eloabder-20&linkCode=osi&th=1&psc=1"><img src="https://m.media-amazon.com/images/I/31e4JzjWhkL._SL500_.jpg" alt="Product Image"></a><p>Bio-Oil Skincare Body Oil, Vitamin E, Serum for Scars & Stretchmarks, Face & Body Moisturizer, 2 oz, All Skin Types</p><p>$11.12 ($5.56 / Fl Oz)</p><a href="https://www.amazon.com/dp/B000VPPUEA?tag=eloabder-20&linkCode=osi&th=1&psc=1">View Product</a></div><div class="product"><a href="https://www.amazon.com/dp/B0C2JPBNFX?tag=eloabder-20&linkCode=osi&th=1&psc=1"><img src="https://m.media-amazon.com/images/I/51LF1OXoo0L._SL500_.jpg" alt="Product Image"></a><p>Celavi K-Beauty Skincare Essence Facial Face Mask Korea Skin Care Moisturizing B Set 12 Pack</p><p>$9.99 ($0.83 / Count)</p><a href="https://www.amazon.com/dp/B0C2JPBNFX?tag=eloabder-20&linkCode=osi&th=1&psc=1">View Product</a></div><div class="product"><a href="https://www.amazon.com/dp/B0BSYJYQY2?tag=eloabder-20&linkCode=osi&th=1&psc=1"><img src="https://m.media-amazon.com/images/I/31aQkQwjJYL._SL500_.jpg" alt="Product Image"></a><p>Bubble Skincare Level Up Balancing Face Moisturizer - Hydrating Gel Moisturizer Formulated with Zinc PCA + Niacinamide for Improved Texture & Radiance - Skin Care for Oily or Combination Skin (50ml)</p><p>$14.99 ($8.87 / Fl Oz)</p><a href="https://www.amazon.com/dp/B0BSYJYQY2?tag=eloabder-20&linkCode=osi&th=1&psc=1">View Product</a></div><div class="product"><a href="https://www.amazon.com/dp/B0B826XRPH?tag=eloabder-20&linkCode=osi&th=1&psc=1"><img src="https://m.media-amazon.com/images/I/516nsOEA-mL._SL500_.jpg" alt="Product Image"></a><p>AURUZA Ice Face Roller and Gua Sha Set, Ice Roller for Face & Eye Puffiness Relief Beauty Facial Rollers Mold Icing Massage Skin Care Tools for Brighten Lubricate Shrink Pores Remove Fine Lines</p><p>$5.49</p><a href="https://www.amazon.com/dp/B0B826XRPH?tag=eloabder-20&linkCode=osi&th=1&psc=1">View Product</a></div><div class="product"><a href="https://www.amazon.com/dp/B0BS8Y2FLK?tag=eloabder-20&linkCode=osi&th=1&psc=1"><img src="https://m.media-amazon.com/images/I/41CX-bGjaRL._SL500_.jpg" alt="Product Image"></a><p>PEAUAMIE Under Eye Patches (30 Pairs) Gold Eye Mask and Hyaluronic Acid Eye Patches for puffy eyes,Rose Eye Masks for Dark Circles and Puffiness under eye skin care Smooth Wrinkles products</p><p>$9.99 ($0.33 / Count)</p><a href="https://www.amazon.com/dp/B0BS8Y2FLK?tag=eloabder-20&linkCode=osi&th=1&psc=1">View Product</a></div><div class="product"><a href="https://www.amazon.com/dp/B09NXS395V?tag=eloabder-20&linkCode=osi&th=1&psc=1"><img src="https://m.media-amazon.com/images/I/41ZHn0qwWwL._SL500_.jpg" alt="Product Image"></a><p>NAZANO Under Eye Patches - 60 Pcs - 24K Gold Eye Mask- Puffy Eyes & Dark Circles Treatments,Reduce Under Eye Bags and Smooth Wrinkles,Eye Skin Care Pads With Collagen,Hyaluronic Acid & Castor Oil</p><p>$8.99 ($0.30 / Count)</p><a href="https://www.amazon.com/dp/B09NXS395V?tag=eloabder-20&linkCode=osi&th=1&psc=1">View Product</a></div>
<div class="product"><a href="https://www.amazon.com/dp/B01N9SPQHQ?tag=eloabder-20&linkCode=osi&th=1&psc=1"><img src="https://m.media-amazon.com/images/I/41NHgWAaYAL._SL500_.jpg" alt="Product Image"></a><p>La Roche-Posay Toleriane Double Repair Face Moisturizer, Daily Moisturizer Face Cream with Ceramide and Niacinamide for All Skin Types, Oil Free, Fragrance Free</p><p>$23.99 ($7.10 / Fl Oz)</p><a href="https://www.amazon.com/dp/B01N9SPQHQ?tag=eloabder-20&linkCode=osi&th=1&psc=1">View Product</a></div><div class="product"><a href="https://www.amazon.com/dp/B00TTD9BRC?tag=eloabder-20&linkCode=osi&th=1&psc=1"><img src="https://m.media-amazon.com/images/I/41Kc6H7fboL._SL500_.jpg" alt="Product Image"></a><p>CeraVe Moisturizing Cream | Body and Face Moisturizer for Dry Skin | Body Cream with Hyaluronic Acid and Ceramides | Daily Moisturizer | Oil-Free | Fragrance Free | Non-Comedogenic | 19 Ounce</p><p>$17.78 ($0.94 / Ounce)</p><a href="https://www.amazon.com/dp/B00TTD9BRC?tag=eloabder-20&linkCode=osi&th=1&psc=1">View Product</a></div><div class="product"><a href="https://www.amazon.com/dp/B00NR1YQHM?tag=eloabder-20&linkCode=osi&th=1&psc=1"><img src="https://m.media-amazon.com/images/I/41yzZFTW63L._SL500_.jpg" alt="Product Image"></a><p>Neutrogena Hydro Boost Face Moisturizer with Hyaluronic Acid for Dry Skin, Oil-Free and Non-Comedogenic Water Gel Face Lotion, 1.7 oz</p><p>$13.31 ($7.83 / Ounce)</p><a href="https://www.amazon.com/dp/B00NR1YQHM?tag=eloabder-20&linkCode=osi&th=1&psc=1">View Product</a></div><div class="product"><a href="https://www.amazon.com/dp/B00HNSSPHC?tag=eloabder-20&linkCode=osi&th=1&psc=1"><img src="https://m.media-amazon.com/images/I/41rWFzQZdOL._SL500_.jpg" alt="Product Image"></a><p>Neutrogena Triple Age Repair Anti-Aging Daily Facial Moisturizer with SPF 25 Sunscreen & Vitamin C, Firming Anti-Wrinkle Face & Neck Cream for Dark Spots, Glycerin & Shea Butter, 1.7 oz</p><p>$19.56 ($11.51 / Ounce)</p><a href="https://www.amazon.com/dp/B00HNSSPHC?tag=eloabder-20&linkCode=osi&th=1&psc=1">View Product</a></div><div class="product"><a href="https://www.amazon.com/dp/B000YJ2SLG?tag=eloabder-20&linkCode=osi&th=1&psc=1"><img src="https://m.media-amazon.com/images/I/31J9bWXnQ+L._SL500_.jpg" alt="Product Image"></a><p>CeraVe Daily Moisturizing Lotion for Dry Skin | Body Lotion & Face Moisturizer with Hyaluronic Acid and Ceramides | Daily Moisturizer | Fragrance Free | Oil-Free | 12 Ounce</p><p>$13.68 ($1.14 / Fl Oz)</p><a href="https://www.amazon.com/dp/B000YJ2SLG?tag=eloabder-20&linkCode=osi&th=1&psc=1">View Product</a></div><div class="product"><a href="https://www.amazon.com/dp/B099N1LC4R?tag=eloabder-20&linkCode=osi&th=1&psc=1"><img src="https://m.media-amazon.com/images/I/41lZIG8wQNL._SL500_.jpg" alt="Product Image"></a><p>Cetaphil Face & Body Moisturizer, Hydrating Moisturizing Cream For Dry To Very Dry, Sensitive Skin, NEW 20 Oz, Fragrance Free, Non-Comedogenic, Non-Greasy (Packaging May Vary)</p><p>$15.97 ($0.80 / Ounce)</p><a href="https://www.amazon.com/dp/B099N1LC4R?tag=eloabder-20&linkCode=osi&th=1&psc=1">View Product</a></div><div class="product"><a href="https://www.amazon.com/dp/B01H20MA62?tag=eloabder-20&linkCode=osi&th=1&psc=1"><img src="https://m.media-amazon.com/images/I/41xuvNUpUML._SL500_.jpg" alt="Product Image"></a><p>Cetaphil Face & Body Moisturizer, Hydrating Moisturizing Cream for Dry to Very Dry, Sensitive Skin, NEW 16 Oz 2 Pack, Fragrance Free, Non-Comedogenic, Non-Greasy</p><p>$19.48 ($0.61 / Ounce)</p><a href="https://www.amazon.com/dp/B01H20MA62?tag=eloabder-20&linkCode=osi&th=1&psc=1">View Product</a></div><div class="product"><a href="https://www.amazon.com/dp/B01NCWV3KM?tag=eloabder-20&linkCode=osi&th=1&psc=1"><img src="https://m.media-amazon.com/images/I/41Q1ESUhSeL._SL500_.jpg" alt="Product Image"></a><p>La Roche-Posay Toleriane Double Repair UV SPF Moisturizer for Face, Daily Facial Moisturizer with Sunscreen SPF 30, Niacinamide and Glycerin, Oil Free, Moisturizing Sun Protection</p><p>$24.99 ($10.00 / Fl Oz)</p><a href="https://www.amazon.com/dp/B01NCWV3KM?tag=eloabder-20&linkCode=osi&th=1&psc=1">View Product</a></div>
<div class="product"><a href="https://www.amazon.com/dp/B07P5TMHD9?tag=eloabder-20&linkCode=osi&th=1&psc=1"><img src="https://m.media-amazon.com/images/I/51xr2lw0Y7L._SL500_.jpg" alt="Product Image"></a><p>Vitamin C Face Serum - Dark Spot Remover Facial Serum, Vit C Serum with Hyaluronic Acid, Ferulic Acid, & Vit E - Anti Aging and Skin Brightening Serum, Pure Vitamin C Serum Skin Care</p><p>$9.98</p><a href="https://www.amazon.com/dp/B07P5TMHD9?tag=eloabder-20&linkCode=osi&th=1&psc=1">View Product</a></div><div class="product"><a href="https://www.amazon.com/dp/B014PGEEO2?tag=eloabder-20&linkCode=osi&th=1&psc=1"><img src="https://m.media-amazon.com/images/I/51v+djIfQGL._SL500_.jpg" alt="Product Image"></a><p>Tree of Life Facial Serum Set for Face, Brightening, Firming, Hydrating, Dry Skin, Dermatologist Tested - Trio Power Skin Care Set, Vitamin C, Retinol and Hyaluronic Acid, 3 count of 1 Fl Oz</p><p>$19.99 ($6.66 / Fl Oz)</p><a href="https://www.amazon.com/dp/B014PGEEO2?tag=eloabder-20&linkCode=osi&th=1&psc=1">View Product</a></div><div class="product"><a href="https://www.amazon.com/dp/B08R994Q1L?tag=eloabder-20&linkCode=osi&th=1&psc=1"><img src="https://m.media-amazon.com/images/I/418KUv8uVkL._SL500_.jpg" alt="Product Image"></a><p>Good Molecules Niacinamide Serum - 10% Niacinamide Balancing B3 Facial Serum for Acne, Tone, Texture - Brightening and Hydrating Skincare for Face</p><p>$6.00</p><a href="https://www.amazon.com/dp/B08R994Q1L?tag=eloabder-20&linkCode=osi&th=1&psc=1">View Product</a></div><div class="product"><a href="https://www.amazon.com/dp/B07VWSN95S?tag=eloabder-20&linkCode=osi&th=1&psc=1"><img src="https://m.media-amazon.com/images/I/411Y0nzh9zL._SL500_.jpg" alt="Product Image"></a><p>CeraVe Retinol Serum for Post-Acne Marks and Skin Texture | Pore Refining, Resurfacing, Brightening Facial Serum with Retinol and Niacinamide | Fragrance Free, Paraben Free & Non-Comedogenic| 1 Oz</p><p>$18.68</p><a href="https://www.amazon.com/dp/B07VWSN95S?tag=eloabder-20&linkCode=osi&th=1&psc=1">View Product</a></div><div class="product"><a href="https://www.amazon.com/dp/B08L8B5JR2?tag=eloabder-20&linkCode=osi&th=1&psc=1"><img src="https://m.media-amazon.com/images/I/51Ee0RzYONL._SL500_.jpg" alt="Product Image"></a><p>Vibriance Super C Serum for Mature Skin, Made in USA, All-In-One Formula Hydrates, Firms, Lifts, Smooths, Targets Age Spots, Wrinkles, Vitamin C Serum; 1 fl oz</p><p>$32.90</p><a href="https://www.amazon.com/dp/B08L8B5JR2?tag=eloabder-20&linkCode=osi&th=1&psc=1">View Product</a></div><div class="product"><a href="https://www.amazon.com/dp/B0CLLV2T1P?tag=eloabder-20&linkCode=osi&th=1&psc=1"><img src="https://m.media-amazon.com/images/I/31ZBa-zgbjL._SL500_.jpg" alt="Product Image"></a><p>Anua 10% Niacinamide+ 4% Tranexamic Acid Serum, Ceramide, Hyaluronic Acid, Vitamin B12 natural color, for Sensitive skin, Korean Glass Skin, Fragrance-Free (30ml /1.01 fl.oz.)</p><p>$19.00 ($18.81 / Fl Oz)</p><a href="https://www.amazon.com/dp/B0CLLV2T1P?tag=eloabder-20&linkCode=osi&th=1&psc=1">View Product</a></div><div class="product"><a href="https://www.amazon.com/dp/B08TM8DLFJ?tag=eloabder-20&linkCode=osi&th=1&psc=1"><img src="https://m.media-amazon.com/images/I/41g0Mg7pRIL._SL500_.jpg" alt="Product Image"></a><p>Good Molecules Hyaluronic Acid Serum - Hydrating, Non-greasy formula to Moisturize, Plump - 1% HA, Anti-aging, Water-Based Skincare for Face</p><p>$6.00 ($6.00 / Fl Oz)</p><a href="https://www.amazon.com/dp/B08TM8DLFJ?tag=eloabder-20&linkCode=osi&th=1&psc=1">View Product</a></div><div class="product"><a href="https://www.amazon.com/dp/B01B5G45R6?tag=eloabder-20&linkCode=osi&th=1&psc=1"><img src="https://m.media-amazon.com/images/I/51JgyVg967L._SL500_.jpg" alt="Product Image"></a><p>artnaturals Anti-Aging-Set with Vitamin-C Retinol and Hyaluronic-Acid - (3 x 1 Fl Oz / 30ml) Serum for Anti Wrinkle and Dark Circle Remover – All Natural and Moisturizing</p><p>$24.95 ($8.32 / Fl Oz)</p><a href="https://www.amazon.com/dp/B01B5G45R6?tag=eloabder-20&linkCode=osi&th=1&psc=1">View Product</a></div><div class="product"><a href="https://www.amazon.com/dp/B086VKZZZY?tag=eloabder-20&linkCode=osi&th=1&psc=1"><img src="https://m.media-amazon.com/images/I/31l7jUL7jOL._SL500_.jpg" alt="Product Image"></a><p>Beauty of Joseon Glow Serum Propolis and Niacinamide Hydrating Facial Soothing Moisturizer for Irritated Uneven Skin Tone, Korean Skin Care 30ml, 1 fl.oz</p><p>$13.60 ($13.47 / Fl Oz)</p><a href="https://www.amazon.com/dp/B086VKZZZY?tag=eloabder-20&linkCode=osi&th=1&psc=1">View Product</a></div>
<div class="product"><a href="https://www.amazon.com/dp/B0CYGT3CR4?tag=eloabder-20&linkCode=osi&th=1&psc=1"><img src="https://m.media-amazon.com/images/I/51LbfzrqiUL._SL500_.jpg" alt="Product Image"></a><p>KONEUK 14 Pack Sheet Face Masks Skincare for All Skin Types, Hydrating Face Masks Suitable for Sensitive Skin, Bulk Facial Mask Set for Women Skin Care, Face Mask Gifts Set for Face Spa</p><p>$8.99 ($0.64 / Count)</p><a href="https://www.amazon.com/dp/B0CYGT3CR4?tag=eloabder-20&linkCode=osi&th=1&psc=1">View Product</a></div><div class="product"><a href="https://www.amazon.com/dp/B01N37AK8V?tag=eloabder-20&linkCode=osi&th=1&psc=1"><img src="https://m.media-amazon.com/images/I/41zyExDkGCL._SL500_.jpg" alt="Product Image"></a><p>Ebanel 10 Pack Collagen Face Mask, Instant Brightening & Hydrating Face Sheet Mask with Aloe Vera, Hyaluronic Acid, Vitamin C and E, Chamomile, Anti Aging Face Mask with Hydrolyzed Collagen, Peptide</p><p>$13.99 ($1.40 / Count)</p><a href="https://www.amazon.com/dp/B01N37AK8V?tag=eloabder-20&linkCode=osi&th=1&psc=1">View Product</a></div><div class="product"><a href="https://www.amazon.com/dp/B07C3NBJ33?tag=eloabder-20&linkCode=osi&th=1&psc=1"><img src="https://m.media-amazon.com/images/I/51DMM9KU+AL._SL500_.jpg" alt="Product Image"></a><p>GLAM UP Premium Facial Sheet Mask 12 Combo (Pack of 12) | Clean Face Masks Skincare, Hydrating Face Masks, Moisturizing, Soothing, Beauty Mask For All Skin Type Variety Beauty Mask Set</p><p>$13.20 ($1.10 / Count)</p><a href="https://www.amazon.com/dp/B07C3NBJ33?tag=eloabder-20&linkCode=osi&th=1&psc=1">View Product</a></div><div class="product"><a href="https://www.amazon.com/dp/B0B5XTMJMJ?tag=eloabder-20&linkCode=osi&th=1&psc=1"><img src="https://m.media-amazon.com/images/I/61voysA0eEL._SL500_.jpg" alt="Product Image"></a><p>Meleell Collagen Sheet Face Masks Skincare Bulk Pack,Hydrating Spa Face Mask For Sensitive Skin,Anti Aging Facial Masks Sets For Women/Teen Girls(40 Combo Pack)</p><p>$25.99 ($0.65 / Count)</p><a href="https://www.amazon.com/dp/B0B5XTMJMJ?tag=eloabder-20&linkCode=osi&th=1&psc=1">View Product</a></div><div class="product"><a href="https://www.amazon.com/dp/B0CR6NHHVL?tag=eloabder-20&linkCode=osi&th=1&psc=1"><img src="https://m.media-amazon.com/images/I/514yWBJNkFL._SL500_.jpg" alt="Product Image"></a><p>Kaely 10 Pack Variety Sheet Masks,Spa Face Masks for Kids Skin Care,Facial Mask Skincare Set Korean,Moisturize,Brighten,Nourish for All Skin Types,Birthday Gifts for Women Men Boys Girls,Set01</p><p>$8.99 ($0.90 / Count)</p><a href="https://www.amazon.com/dp/B0CR6NHHVL?tag=eloabder-20&linkCode=osi&th=1&psc=1">View Product</a></div><div class="product"><a href="https://www.amazon.com/dp/B086V843R8?tag=eloabder-20&linkCode=osi&th=1&psc=1"><img src="https://m.media-amazon.com/images/I/410evC+SQHL._SL500_.jpg" alt="Product Image"></a><p>ANAI RUI Turmeric Clay Mask - Green Tea Clay Mask - Dead Sea Minerals Mud Mask, Spa Facial Mask Set, Face Mask Gift Set 2.5 oz each</p><p>$22.99</p><a href="https://www.amazon.com/dp/B086V843R8?tag=eloabder-20&linkCode=osi&th=1&psc=1">View Product</a></div><div class="product"><a href="https://www.amazon.com/dp/B07JMTMHGS?tag=eloabder-20&linkCode=osi&th=1&psc=1"><img src="https://m.media-amazon.com/images/I/41PeKCZ7NtL._SL500_.jpg" alt="Product Image"></a><p>LAPCOS Aloe Sheet Mask, Daily Face Mask with Cucumber and Aloe Gel to Calm and Moisturize Skin, Korean Beauty Favorite, 5-Pack</p><p>$20.00 ($4.00 / count)</p><a href="https://www.amazon.com/dp/B07JMTMHGS?tag=eloabder-20&linkCode=osi&th=1&psc=1">View Product</a></div><div class="product"><a href="https://www.amazon.com/dp/B0CMQKTJDQ?tag=eloabder-20&linkCode=osi&th=1&psc=1"><img src="https://m.media-amazon.com/images/I/51oosdS4y8L._SL500_.jpg" alt="Product Image"></a><p>VESPRO 100 Pack Collagen Essence Sheet Facial Masks, Bulk Face Masks Skincare, Hydrating Face Masks for All Skin Types, Moisturizing and Soothing, Natural Skin Care Spa Face Mask</p><p>$45.99 ($0.46 / Count)</p><a href="https://www.amazon.com/dp/B0CMQKTJDQ?tag=eloabder-20&linkCode=osi&th=1&psc=1">View Product</a></div><div class="product"><a href="https://www.amazon.com/dp/B0B41LVMJ3?tag=eloabder-20&linkCode=osi&th=1&psc=1"><img src="https://m.media-amazon.com/images/I/51xduFirI6L._SL500_.jpg" alt="Product Image"></a><p>#OOTD Collagen Hydrating Sheet Masks for Face Korean Anti Aging Mask Sheet for Dry Skin & Sensitive Skin, EVE Vegan, Not Tested on Animals, No Parabens, No Sulfates, Hyaluronic Acid, Witch Hazel 10EA</p><p>$18.00 ($1.80 / Count)</p><a href="https://www.amazon.com/dp/B0B41LVMJ3?tag=eloabder-20&linkCode=osi&th=1&psc=1">View Product</a></div>
<div class="product"><a href="https://www.amazon.com/dp/B01N34XW93?tag=eloabder-20&linkCode=osi&th=1&psc=1"><img src="https://m.media-amazon.com/images/I/31OMOTCxlmL._SL500_.jpg" alt="Product Image"></a><p>La Roche-Posay Toleriane Purifying Foaming Facial Cleanser, Oil Free Face Wash for Oily Skin and for Sensitive Skin with Niacinamide, Pore Cleanser Won’t Dry Out Skin, Unscented</p><p>$17.99 ($1.33 / Fl Oz)</p><a href="https://www.amazon.com/dp/B01N34XW93?tag=eloabder-20&linkCode=osi&th=1&psc=1">View Product</a></div><div class="product"><a href="https://www.amazon.com/dp/B01MSSDEPK?tag=eloabder-20&linkCode=osi&th=1&psc=1"><img src="https://m.media-amazon.com/images/I/41YuSwjJUIL._SL500_.jpg" alt="Product Image"></a><p>CeraVe Hydrating Facial Cleanser | Moisturizing Face Wash For Dry Skin | Hyaluronic Acid + Ceramides + Glycerin | Hydrating Cleanser For Normal To Dry Skin | National Eczema Assosiation Certified</p><p>$15.48 ($0.97 / Fl Oz)</p><a href="https://www.amazon.com/dp/B01MSSDEPK?tag=eloabder-20&linkCode=osi&th=1&psc=1">View Product</a></div><div class="product"><a href="https://www.amazon.com/dp/B01N7T7JKJ?tag=eloabder-20&linkCode=osi&th=1&psc=1"><img src="https://m.media-amazon.com/images/I/31VXK3y1KYL._SL500_.jpg" alt="Product Image"></a><p>La Roche-Posay Toleriane Hydrating Gentle Face Cleanser, Daily Facial Cleanser with Niacinamide and Ceramides for Sensitive Skin, Moisturizing Face Wash for Normal to Dry Skin, Fragrance Free</p><p>$17.99 ($1.33 / Fl Oz)</p><a href="https://www.amazon.com/dp/B01N7T7JKJ?tag=eloabder-20&linkCode=osi&th=1&psc=1">View Product</a></div><div class="product"><a href="https://www.amazon.com/dp/B01N1LL62W?tag=eloabder-20&linkCode=osi&th=1&psc=1"><img src="https://m.media-amazon.com/images/I/41kwN8dWWzL._SL500_.jpg" alt="Product Image"></a><p>CeraVe Foaming Facial Cleanser | Daily Face Wash for Oily Skin with Hyaluronic Acid, Ceramides, and Niacinamide| Fragrance Free | 16 Fluid Ounce</p><p>$15.19 ($0.95 / Fl Oz)</p><a href="https://www.amazon.com/dp/B01N1LL62W?tag=eloabder-20&linkCode=osi&th=1&psc=1">View Product</a></div><div class="product"><a href="https://www.amazon.com/dp/B00U1YCRD8?tag=eloabder-20&linkCode=osi&th=1&psc=1"><img src="https://m.media-amazon.com/images/I/31LVb8KvKwL._SL500_.jpg" alt="Product Image"></a><p>CeraVe SA Cleanser | Salicylic Acid Cleanser with Hyaluronic Acid, Niacinamide & Ceramides| BHA Exfoliant for Face | Fragrance Free Non-Comedogenic | 8 Ounce</p><p>$12.37 ($1.55 / Ounce)</p><a href="https://www.amazon.com/dp/B00U1YCRD8?tag=eloabder-20&linkCode=osi&th=1&psc=1">View Product</a></div><div class="product"><a href="https://www.amazon.com/dp/B0BVV8BNYJ?tag=eloabder-20&linkCode=osi&th=1&psc=1"><img src="https://m.media-amazon.com/images/I/31tSZvBReoL._SL500_.jpg" alt="Product Image"></a><p>ANUA Heartleaf Quercetinol Pore Deep Cleansing Foam, Facial Cleanser, for Double Cleansing, BHA, Hyaluronic Acid, Glycerin, Face Wash, Blackhead Remover, Korean Skincare (150ml/5.07 fl.oz.)</p><p>$13.00 ($2.56 / Fl Oz)</p><a href="https://www.amazon.com/dp/B0BVV8BNYJ?tag=eloabder-20&linkCode=osi&th=1&psc=1">View Product</a></div><div class="product"><a href="https://www.amazon.com/dp/B00QY1XZ4W?tag=eloabder-20&linkCode=osi&th=1&psc=1"><img src="https://m.media-amazon.com/images/I/319pG+OQZxL._SL500_.jpg" alt="Product Image"></a><p>Vanicream Gentle Facial Cleanser with Pump Dispenser - 8 fl oz - Formulated Without Common Irritants for Those with Sensitive Skin</p><p>$8.86 ($1.11 / Fl Oz)</p><a href="https://www.amazon.com/dp/B00QY1XZ4W?tag=eloabder-20&linkCode=osi&th=1&psc=1">View Product</a></div><div class="product"><a href="https://www.amazon.com/dp/B016NRXO06?tag=eloabder-20&linkCode=osi&th=1&psc=1"><img src="https://m.media-amazon.com/images/I/31jSFIvh2TS._SL500_.jpg" alt="Product Image"></a><p>COSRX Low pH Good Morning Gel Cleanser, Daily Mild Face Cleanser for Sensitive Skin with BHA & Tea-Tree Oil, PH Balancing, Korean Skincare (5.07fl.oz/150ml)</p><p>$11.49 ($2.27 / Fl Oz)</p><a href="https://www.amazon.com/dp/B016NRXO06?tag=eloabder-20&linkCode=osi&th=1&psc=1">View Product</a></div><div class="product"><a href="https://www.amazon.com/dp/B09Y4HHY1P?tag=eloabder-20&linkCode=osi&th=1&psc=1"><img src="https://m.media-amazon.com/images/I/41Crw80Q3yL._SL500_.jpg" alt="Product Image"></a><p>Cetaphil Face Wash, Daily Facial Cleanser for Sensitive, Combination to Oily Skin, NEW 16 oz, Fragrance Free, Gentle Foaming, Soap Free, Hypoallergenic (Packaging May Vary)</p><p>$11.97 ($0.75 / Fl Oz)</p><a href="https://www.amazon.com/dp/B09Y4HHY1P?tag=eloabder-20&linkCode=osi&th=1&psc=1">View Product</a></div><div class="product"><a href="https://www.amazon.com/dp/B0BN2PX8V3?tag=eloabder-20&linkCode=osi&th=1&psc=1"><img src="https://m.media-amazon.com/images/I/31n4TECLwuL._SL500_.jpg" alt="Product Image"></a><p>ANUA Heartleaf Pore Control Cleansing Oil, Oil Cleanser for Face, Makeup Blackhead Remover, Korean Skin Care 6.76 fl oz(200ml) (original)</p><p>$17.69 ($2.64 / Fl Oz)</p><a href="https://www.amazon.com/dp/B0BN2PX8V3?tag=eloabder-20&linkCode=osi&th=1&psc=1">View Product</a></div>
<div class="product"><a href="https://www.amazon.com/dp/B08CMS8P67?tag=eloabder-20&linkCode=osi&th=1&psc=1"><img src="https://m.media-amazon.com/images/I/31LVyuSsJEL._SL500_.jpg" alt="Product Image"></a><p>Anua Heartleaf 77 Soothing Toner I pH 5.5 Trouble Care, Calming Skin, Refreshing, Hydrating, Purifying, Cruelty Free, Vegan,(250ml / 8.45 fl.oz.)</p><p>$19.69 ($2.33 / Fl Oz)</p><a href="https://www.amazon.com/dp/B08CMS8P67?tag=eloabder-20&linkCode=osi&th=1&psc=1">View Product</a></div><div class="product"><a href="https://www.amazon.com/dp/B09LKXR62L?tag=eloabder-20&linkCode=osi&th=1&psc=1"><img src="https://m.media-amazon.com/images/I/31D6ydy59dL._SL500_.jpg" alt="Product Image"></a><p>CeraVe Hydrating Toner for Face Non-Alcoholic with Hyaluronic Acid, Niacinamide, and Ceramides for Sensitive Dry Skin, Fragrance-Free Non Comedogenic, Full Size, 6.8 Fl Oz</p><p>$9.86 ($1.45 / Ounce)</p><a href="https://www.amazon.com/dp/B09LKXR62L?tag=eloabder-20&linkCode=osi&th=1&psc=1">View Product</a></div><div class="product"><a href="https://www.amazon.com/dp/B0CG1H8YRS?tag=eloabder-20&linkCode=osi&th=1&psc=1"><img src="https://m.media-amazon.com/images/I/31OZES5j9LL._SL500_.jpg" alt="Product Image"></a><p>TIRTIR Milk Skin Rice Toner | Deep Moisturizing, Instant Glow, 2% Niacinamide, Rice Bran Extract, Ceramide, Panthenol, Cruelty-Free, Fungal Acne Friendly, Vegan, 5.07 fl.oz.</p><p>$24.99 ($4.93 / Fl Oz)</p><a href="https://www.amazon.com/dp/B0CG1H8YRS?tag=eloabder-20&linkCode=osi&th=1&psc=1">View Product</a></div><div class="product"><a href="https://www.amazon.com/dp/B007HD570Q?tag=eloabder-20&linkCode=osi&th=1&psc=1"><img src="https://m.media-amazon.com/images/I/31uC8ENEVqL._SL500_.jpg" alt="Product Image"></a><p>Thayers Alcohol-Free, Hydrating Rose Petal Witch Hazel Facial Toner with Aloe Vera Formula, Vegan, Dermatologist Tested and Recommended, 12 Oz</p><p>$10.53 ($0.88 / Fl Oz)</p><a href="https://www.amazon.com/dp/B007HD570Q?tag=eloabder-20&linkCode=osi&th=1&psc=1">View Product</a></div><div class="product"><a href="https://www.amazon.com/dp/B01LZK411L?tag=eloabder-20&linkCode=osi&th=1&psc=1"><img src="https://m.media-amazon.com/images/I/31la+He5vRL._SL500_.jpg" alt="Product Image"></a><p>ACWELL Licorice pH Balancing Korean Toner for Cleansing 5.07 fl.oz. - Alcohol-Free PH5.5 Hydrating Facial Astringent - Skin Clarifying & Hydration Boosting Toner</p><p>$16.00 ($3.14 / Fl Oz)</p><a href="https://www.amazon.com/dp/B01LZK411L?tag=eloabder-20&linkCode=osi&th=1&psc=1">View Product</a></div><div class="product"><a href="https://www.amazon.com/dp/B07BYJF7L7?tag=eloabder-20&linkCode=osi&th=1&psc=1"><img src="https://m.media-amazon.com/images/I/31+G3Xc+J7L._SL500_.jpg" alt="Product Image"></a><p>SOME BY MI AHA BHA PHA 30 Days Miracle Toner - 5.07Oz, 150ml - Made from Tea Tree Water for Sensitive Skin - Mild Exfoliating Daily Face Toner - Skin Wastes, Sebum and Oiliness Care - Korean Skin Care</p><p>$12.00 ($2.37 / Fl Oz)</p><a href="https://www.amazon.com/dp/B07BYJF7L7?tag=eloabder-20&linkCode=osi&th=1&psc=1">View Product</a></div><div class="product"><a href="https://www.amazon.com/dp/B00LO2RO7K?tag=eloabder-20&linkCode=osi&th=1&psc=1"><img src="https://m.media-amazon.com/images/I/31Wb52+KYzL._SL500_.jpg" alt="Product Image"></a><p>La Roche-Posay Effaclar Clarifying Solution Acne Toner with Salicylic Acid and Glycolic Acid, Pore Refining Oily Skin Toner, Gentle Exfoliant to Unclog Pores and Remove Dead Skin Cells</p><p>$16.99 ($2.51 / Fl Oz)</p><a href="https://www.amazon.com/dp/B00LO2RO7K?tag=eloabder-20&linkCode=osi&th=1&psc=1">View Product</a></div><div class="product"><a href="https://www.amazon.com/dp/B008EPPIQ4?tag=eloabder-20&linkCode=osi&th=1&psc=1"><img src="https://m.media-amazon.com/images/I/31-lQL0AkZL._SL500_.jpg" alt="Product Image"></a><p>Paula's Choice Skin Balancing Pore-Reducing Toner for Combination and Oily Skin, Minimizes Large Pores, 6.4 Fluid Ounce Bottle</p><p>$26.00 ($4.06 / Fl Oz)</p><a href="https://www.amazon.com/dp/B008EPPIQ4?tag=eloabder-20&linkCode=osi&th=1&psc=1">View Product</a></div><div class="product"><a href="https://www.amazon.com/dp/B073P6BPF5?tag=eloabder-20&linkCode=osi&th=1&psc=1"><img src="https://m.media-amazon.com/images/I/31hqlVDLizL._SL500_.jpg" alt="Product Image"></a><p>COSRX AHA/BHA Clarifying Treatment Toner, 5.07 fl.oz / 150ml | Exfoliating Facial Spray | Korean Skin Care, Hydrating, Mild Exfoliation, Vegan, Animal Testing Free, Paraben Free</p><p>$10.75 ($2.11 / Fl Oz)</p><a href="https://www.amazon.com/dp/B073P6BPF5?tag=eloabder-20&linkCode=osi&th=1&psc=1">View Product</a></div>
<div class="product"><a href="https://www.amazon.com/dp/B07C5SS6YD?tag=eloabder-20&linkCode=osi&th=1&psc=1"><img src="https://m.media-amazon.com/images/I/31tzIszvgAL._SL500_.jpg" alt="Product Image"></a><p>Paula's Choice Skin Perfecting 2% BHA Liquid Salicylic Acid Exfoliant, Gentle Facial Exfoliator for Blackheads, Large Pores, Wrinkles & Fine Lines, Travel Size, 1 Fluid Ounce</p><p>$14.00</p><a href="https://www.amazon.com/dp/B07C5SS6YD?tag=eloabder-20&linkCode=osi&th=1&psc=1">View Product</a></div><div class="product"><a href="https://www.amazon.com/dp/B07VW3YSWH?tag=eloabder-20&linkCode=osi&th=1&psc=1"><img src="https://m.media-amazon.com/images/I/410j9ZFktHL._SL500_.jpg" alt="Product Image"></a><p>Tree Hut Vitamin C Shea Sugar Scrub, 18 oz, Ultra Hydrating and Exfoliating Scrub for Nourishing Essential Body Care</p><p>$8.94 ($0.50 / Ounce)</p><a href="https://www.amazon.com/dp/B07VW3YSWH?tag=eloabder-20&linkCode=osi&th=1&psc=1">View Product</a></div><div class="product"><a href="https://www.amazon.com/dp/B07NHZP4FW?tag=eloabder-20&linkCode=osi&th=1&psc=1"><img src="https://m.media-amazon.com/images/I/41znKaYV17L._SL500_.jpg" alt="Product Image"></a><p>Seraphic Skincare (Original) Premium Exfoliating Mitt for Body (2pc) – 100% Vegan Viscose Traditional Body Scrub Glove Kessa Korean Washcloth – Body Exfoliator for Self-Tan Removal & Keratosis Pilaris</p><p>$12.99 ($6.50 / Count)</p><a href="https://www.amazon.com/dp/B07NHZP4FW?tag=eloabder-20&linkCode=osi&th=1&psc=1">View Product</a></div><div class="product"><a href="https://www.amazon.com/dp/B001VMJSCW?tag=eloabder-20&linkCode=osi&th=1&psc=1"><img src="https://m.media-amazon.com/images/I/31N7x4-aJAL._SL500_.jpg" alt="Product Image"></a><p>Dermalogica Daily Microfoliant, Face Exfoliator Scrub Powder with Salicylic Acid and Papaya Enzyme, Achieve Brighter, Smoother Skin Daily, 0.45 Oz</p><p>$19.00 ($42.22 / Ounce)</p><a href="https://www.amazon.com/dp/B001VMJSCW?tag=eloabder-20&linkCode=osi&th=1&psc=1">View Product</a></div><div class="product"><a href="https://www.amazon.com/dp/B09Q88TVGJ?tag=eloabder-20&linkCode=osi&th=1&psc=1"><img src="https://m.media-amazon.com/images/I/31jQFJt0t7L._SL500_.jpg" alt="Product Image"></a><p>tingl Face and Body Exfoliator Pads - Anti Aging Acne Treatment with Glycolic Acid, Lactic Acid, and Salicylic Acid - Pore Minimizer, Oil Cleanser, Blackhead Remover and Skin Exfoliator in One</p><p>$38.00 ($38.00 / Count)</p><a href="https://www.amazon.com/dp/B09Q88TVGJ?tag=eloabder-20&linkCode=osi&th=1&psc=1">View Product</a></div><div class="product"><a href="https://www.amazon.com/dp/B0BNWXFH3P?tag=eloabder-20&linkCode=osi&th=1&psc=1"><img src="https://m.media-amazon.com/images/I/51HkdST1FCL._SL500_.jpg" alt="Product Image"></a><p>Dermasuri Deep Exfoliating Glove for Shower - Exfoliating Mitt Body Scrubber - Skin Exfoliator & Dead Skin Remover - Keratosis Pilaris Scrub - Spray Tan Remover - Korean Skincare for Body (2 Pack)</p><p>$19.99 ($10.00 / Count)</p><a href="https://www.amazon.com/dp/B0BNWXFH3P?tag=eloabder-20&linkCode=osi&th=1&psc=1">View Product</a></div><div class="product"><a href="https://www.amazon.com/dp/B076DSRB6B?tag=eloabder-20&linkCode=osi&th=1&psc=1"><img src="https://m.media-amazon.com/images/I/51lTK55c5UL._SL500_.jpg" alt="Product Image"></a><p>Himalayan Salt Scrub Face Foot & Body Exfoliator Infused with Collagen and Stem Cell Natural Exfoliating Salt Body Scrub for Toning Cellulite Skin Care by M3 Naturals</p><p>$25.81 ($2.15 / Ounce)</p><a href="https://www.amazon.com/dp/B076DSRB6B?tag=eloabder-20&linkCode=osi&th=1&psc=1">View Product</a></div><div class="product"><a href="https://www.amazon.com/dp/B004GEV9JW?tag=eloabder-20&linkCode=osi&th=1&psc=1"><img src="https://m.media-amazon.com/images/I/41MgyDfHXfL._SL500_.jpg" alt="Product Image"></a><p>Buf-Puf Gentle Facial Sponge, Dermatologist Developed, Removes Deep Down Dirt & Makeup That Causes Breakouts and Blackheads, Reusable, Exfoliating, 1 Count</p><p>$8.71</p><a href="https://www.amazon.com/dp/B004GEV9JW?tag=eloabder-20&linkCode=osi&th=1&psc=1">View Product</a></div><div class="product"><a href="https://www.amazon.com/dp/B0000632EN?tag=eloabder-20&linkCode=osi&th=1&psc=1"><img src="https://m.media-amazon.com/images/I/314AH1Zo0lL._SL500_.jpg" alt="Product Image"></a><p>Aveeno Positively Radiant Exfoliating Facial Scrub, Brightening Face Scrub with Soy Extract to Visibly Improve Skin Tone and Texture, Oil-Free, Soap-Free, Hypoallergenic Formula, 5 FL OZ</p><p>$7.97 ($1.59 / Ounce)</p><a href="https://www.amazon.com/dp/B0000632EN?tag=eloabder-20&linkCode=osi&th=1&psc=1">View Product</a></div>
<div class="product"><a href="https://www.amazon.com/dp/B005IHT94S?tag=eloabder-20&linkCode=osi&th=1&psc=1"><img src="https://m.media-amazon.com/images/I/31YAXVCRMAL._SL500_.jpg" alt="Product Image"></a><p>Neutrogena Ultra Sheer Dry-Touch Water Resistant and Non-Greasy Sunscreen Lotion with Broad Spectrum SPF 70, 3 Fl Oz (Pack of 1)</p><p>$9.88 ($3.29 / Fl Oz)</p><a href="https://www.amazon.com/dp/B005IHT94S?tag=eloabder-20&linkCode=osi&th=1&psc=1">View Product</a></div><div class="product"><a href="https://www.amazon.com/dp/B078BC1NJ6?tag=eloabder-20&linkCode=osi&th=1&psc=1"><img src="https://m.media-amazon.com/images/I/51V4LMN2zEL._SL500_.jpg" alt="Product Image"></a><p>Coppertone Sport Sunscreen Spray SPF 50, Water Resistant Spray Sunscreen, Broad Spectrum SPF 50 Sunscreen, Bulk Sunscreen Pack, 5.5 Oz Bottle, Pack of 3</p><p>$20.63 ($1.25 / Ounce)</p><a href="https://www.amazon.com/dp/B078BC1NJ6?tag=eloabder-20&linkCode=osi&th=1&psc=1">View Product</a></div><div class="product"><a href="https://www.amazon.com/dp/B01MQXX9US?tag=eloabder-20&linkCode=osi&th=1&psc=1"><img src="https://m.media-amazon.com/images/I/41Zi7BP15NL._SL500_.jpg" alt="Product Image"></a><p>Banana Boat Sport Ultra SPF 50 Sunscreen Spray Twin Pack | Banana Boat Sunscreen Spray SPF 50, Spray On Sunscreen, Water Resistant Sunscreen, Oxybenzone Free Sunscreen Pack, 6oz each</p><p>$13.97 ($1.16 / Ounce)</p><a href="https://www.amazon.com/dp/B01MQXX9US?tag=eloabder-20&linkCode=osi&th=1&psc=1">View Product</a></div><div class="product"><a href="https://www.amazon.com/dp/B00AEN4QZ8?tag=eloabder-20&linkCode=osi&th=1&psc=1"><img src="https://m.media-amazon.com/images/I/31QMrCJPoeL._SL500_.jpg" alt="Product Image"></a><p>Neutrogena Beach Defense Water-Resistant Face & Body SPF 70 Sunscreen Lotion with Broad Spectrum UVA/UVB Protection, Oil-Free Fast-Absorbing Sunscreen Lotion, Oxybenzone-Free, 6.7 oz</p><p>$9.60 ($1.43 / Fl Oz)</p><a href="https://www.amazon.com/dp/B00AEN4QZ8?tag=eloabder-20&linkCode=osi&th=1&psc=1">View Product</a></div><div class="product"><a href="https://www.amazon.com/dp/B076GZX3KL?tag=eloabder-20&linkCode=osi&th=1&psc=1"><img src="https://m.media-amazon.com/images/I/41BQoEZMuTL._SL500_.jpg" alt="Product Image"></a><p>Neutrogena Sunscreen Spray, Ultra Sheer ® Body Mist, Broad Spectrum SPF 70, Non-Greasy Water Resistant Body Sunscreen Mist, Non-Comedogenic, 5 oz (Pack of 3)</p><p>$22.60 ($1.51 / Ounce)</p><a href="https://www.amazon.com/dp/B076GZX3KL?tag=eloabder-20&linkCode=osi&th=1&psc=1">View Product</a></div><div class="product"><a href="https://www.amazon.com/dp/B004D2DR0Q?tag=eloabder-20&linkCode=osi&th=1&psc=1"><img src="https://m.media-amazon.com/images/I/41QwzCWNnFL._SL500_.jpg" alt="Product Image"></a><p>Neutrogena Ultra Sheer Dry-Touch Water Resistant and Non-Greasy Sunscreen Lotion with Broad Spectrum SPF 45, TSA-Compliant travel Size, 3 Fl Oz, Pack of 2, 6 Fl Oz</p><p>$13.99 ($2.33 / Fl Oz)</p><a href="https://www.amazon.com/dp/B004D2DR0Q?tag=eloabder-20&linkCode=osi&th=1&psc=1">View Product</a></div><div class="product"><a href="https://www.amazon.com/dp/B002CML1VG?tag=eloabder-20&linkCode=osi&th=1&psc=1"><img src="https://m.media-amazon.com/images/I/41ufC4L5QQL._SL500_.jpg" alt="Product Image"></a><p>La Roche-Posay Anthelios Melt-In Milk Sunscreen SPF 60 | Sunscreen For Body & Face | Broad Spectrum SPF + Antioxidants | Oil Free Sunscreen Lotion | Lightweight & Fast Absorbing | Oxybenzone Free</p><p>$37.99 ($7.60 / Fl Oz)</p><a href="https://www.amazon.com/dp/B002CML1VG?tag=eloabder-20&linkCode=osi&th=1&psc=1">View Product</a></div><div class="product"><a href="https://www.amazon.com/dp/B00B81XR1Y?tag=eloabder-20&linkCode=osi&th=1&psc=1"><img src="https://m.media-amazon.com/images/I/41NtDXr-dML._SL500_.jpg" alt="Product Image"></a><p>Banana Boat Sport Ultra SPF 30 Sunscreen Spray Twin Pack | Banana Boat Sunscreen Spray SPF 30, Spray On Sunscreen, Water Resistant Sunscreen, Oxybenzone Free Sunscreen Pack, 6oz each</p><p>$13.47 ($1.12 / Ounce)</p><a href="https://www.amazon.com/dp/B00B81XR1Y?tag=eloabder-20&linkCode=osi&th=1&psc=1">View Product</a></div><div class="product"><a href="https://www.amazon.com/dp/B07X1YDGSF?tag=eloabder-20&linkCode=osi&th=1&psc=1"><img src="https://m.media-amazon.com/images/I/31PSmI7nKIL._SL500_.jpg" alt="Product Image"></a><p>Neutrogena Beach Defense Sunscreen Spray SPF 50 Water-Resistant Body Spray with Broad Spectrum , PABA-Free, Oxybenzone-Free & Fast-Drying, Superior Sun Protection, 6.5 oz, Transparent</p><p>$9.88 ($1.52 / Ounce)</p><a href="https://www.amazon.com/dp/B07X1YDGSF?tag=eloabder-20&linkCode=osi&th=1&psc=1">View Product</a></div>
<div class="product"><a href="https://www.amazon.com/dp/B00JJPMXDO?tag=eloabder-20&linkCode=osi&th=1&psc=1"><img src="https://m.media-amazon.com/images/I/41xUbY21ojL._SL500_.jpg" alt="Product Image"></a><p>CeraVe Eye Repair Cream | Under Eye Cream For Puffiness And Bags Under Eyes | Hyaluronic Acid + Niacinamide + Marine Botanical Complex | Hydrating Eye Cream | Oil Free & Opthalmologist Tested</p><p>$13.43 ($26.86 / Ounce)</p><a href="https://www.amazon.com/dp/B00JJPMXDO?tag=eloabder-20&linkCode=osi&th=1&psc=1">View Product</a></div><div class="product"><a href="https://www.amazon.com/dp/B0B3GCCRVH?tag=eloabder-20&linkCode=osi&th=1&psc=1"><img src="https://m.media-amazon.com/images/I/41EdCdrw-AL._SL500_.jpg" alt="Product Image"></a><p>CeraVe Skin Renewing Eye Cream For Wrinkles | Under Eye Cream With Peptides + Caffeine + Niacinamide | Anti Aging Eye Cream For Wrinkles & Crows Feet | Paraben Free & Opthalmologist Tested</p><p>$18.49 ($36.98 / Ounce)</p><a href="https://www.amazon.com/dp/B0B3GCCRVH?tag=eloabder-20&linkCode=osi&th=1&psc=1">View Product</a></div><div class="product"><a href="https://www.amazon.com/dp/B00005333I?tag=eloabder-20&linkCode=osi&th=1&psc=1"><img src="https://m.media-amazon.com/images/I/31webfO63dL._SL500_.jpg" alt="Product Image"></a><p>L'Oreal Paris Dermo-Expertise Eye Defense Eye Cream with Caffeine and Hyaluronic Acid 0.5 oz</p><p>$12.27 ($24.54 / Ounce)</p><a href="https://www.amazon.com/dp/B00005333I?tag=eloabder-20&linkCode=osi&th=1&psc=1">View Product</a></div><div class="product"><a href="https://www.amazon.com/dp/B0CZJ8N83D?tag=eloabder-20&linkCode=osi&th=1&psc=1"><img src="https://m.media-amazon.com/images/I/31fQO3OHiML._SL500_.jpg" alt="Product Image"></a><p>PRIME PROMETICS PrimeEyes Hydrate Under Eye Cream for Mature Women – Hydrating Eye Cream for Dark Circles and Wrinkle Repair – Soft, Glowing & Healthy Under Eyes</p><p>$62.00</p><a href="https://www.amazon.com/dp/B0CZJ8N83D?tag=eloabder-20&linkCode=osi&th=1&psc=1">View Product</a></div><div class="product"><a href="https://www.amazon.com/dp/B0009RFB76?tag=eloabder-20&linkCode=osi&th=1&psc=1"><img src="https://m.media-amazon.com/images/I/31M2iQDNDOL._SL500_.jpg" alt="Product Image"></a><p>RoC Retinol Correxion Under Eye Cream for Dark Circles & Puffiness, Daily Wrinkle Cream, Anti Aging Line Smoothing Skin Care Treatment for Women and Men, 0.5 oz (Packaging May Vary)</p><p>$19.77 ($39.54 / Fl Oz)</p><a href="https://www.amazon.com/dp/B0009RFB76?tag=eloabder-20&linkCode=osi&th=1&psc=1">View Product</a></div><div class="product"><a href="https://www.amazon.com/dp/B0D3TG6MN3?tag=eloabder-20&linkCode=osi&th=1&psc=1"><img src="https://m.media-amazon.com/images/I/21-DQIJf5xL._SL500_.jpg" alt="Product Image"></a><p>Dr.Melaxin Eyephalt Eyebag Cream for Puffiness, Dark Circles&Fine Lines | EGF Anti-Aging Under Eye Moisturizer with Niacinamide&Ceramide 0.33 fl.oz.</p><p>$59.00 ($178.79 / Fl Oz)</p><a href="https://www.amazon.com/dp/B0D3TG6MN3?tag=eloabder-20&linkCode=osi&th=1&psc=1">View Product</a></div><div class="product"><a href="https://www.amazon.com/dp/B07CKJRJXB?tag=eloabder-20&linkCode=osi&th=1&psc=1"><img src="https://m.media-amazon.com/images/I/31pJCzbhXrL._SL500_.jpg" alt="Product Image"></a><p>No7 Lift & Luminate Triple Action Eye Cream - Anti-Aging Under Eye Cream for Dark Circles, Puffiness & Wrinkles - Formulated with Vitamin C to Brighten and Refresh Tired Eyes (0.5 Fl Oz)</p><p>$15.99</p><a href="https://www.amazon.com/dp/B07CKJRJXB?tag=eloabder-20&linkCode=osi&th=1&psc=1">View Product</a></div>
<div class="product"><a href="https://www.amazon.com/dp/B0BBSP2JNQ?tag=eloabder-20&linkCode=osi&th=1&psc=1"><img src="https://m.media-amazon.com/images/I/51qb7tiAJgL._SL500_.jpg" alt="Product Image"></a><p>SimplyVital Face Moisturizer Collagen Cream - Anti Aging Neck and Décolleté - Made in USA Day & Night Face Cream - Moisturizing, Lifting & Recovery – 1.7oz</p><p>$22.89 ($13.46 / Fl Oz)</p><a href="https://www.amazon.com/dp/B0BBSP2JNQ?tag=eloabder-20&linkCode=osi&th=1&psc=1">View Product</a></div><div class="product"><a href="https://www.amazon.com/dp/B008EKY8VK?tag=eloabder-20&linkCode=osi&th=1&psc=1"><img src="https://m.media-amazon.com/images/I/419EZkaOOIL._SL500_.jpg" alt="Product Image"></a><p>L'Oreal Paris Revitalift Triple Power Anti-Aging Face Moisturizer, Pro Retinol, Hyaluronic Acid & Vitamin C to Reduce Wrinkles, Firm & Brighten Skin, 1.7 Oz</p><p>$17.86 ($10.51 / Ounce)</p><a href="https://www.amazon.com/dp/B008EKY8VK?tag=eloabder-20&linkCode=osi&th=1&psc=1">View Product</a></div><div class="product"><a href="https://www.amazon.com/dp/B00HNSSPDG?tag=eloabder-20&linkCode=osi&th=1&psc=1"><img src="https://m.media-amazon.com/images/I/41zARcUorbL._SL500_.jpg" alt="Product Image"></a><p>Neutrogena Triple Age Repair Anti-Aging Night Cream with Vitamin C; Fights Wrinkles & Evens Tone, Firming Anti-Wrinkle Face & Neck Cream; Glycerin & Shea Butter, 1.7 oz</p><p>$19.19 ($11.29 / Ounce)</p><a href="https://www.amazon.com/dp/B00HNSSPDG?tag=eloabder-20&linkCode=osi&th=1&psc=1">View Product</a></div><div class="product"><a href="https://www.amazon.com/dp/B0C9H6PD9B?tag=eloabder-20&linkCode=osi&th=1&psc=1"><img src="https://m.media-amazon.com/images/I/51MQp9qtYZL._SL500_.jpg" alt="Product Image"></a><p>Collagen Face Moisturizer with Airless Pump - Collagen Botanical Stem Cells Cream for Skin with Retinol, Niacinamide, Hyaluronic Acid - Anti-Aging Day & Night Cream - Made in USA (1.7 Oz)</p><p>$14.99 ($8.82 / Ounce)</p><a href="https://www.amazon.com/dp/B0C9H6PD9B?tag=eloabder-20&linkCode=osi&th=1&psc=1">View Product</a></div><div class="product"><a href="https://www.amazon.com/dp/B01ES349CY?tag=eloabder-20&linkCode=osi&th=1&psc=1"><img src="https://m.media-amazon.com/images/I/51C9olHbYgL._SL500_.jpg" alt="Product Image"></a><p>LilyAna Naturals Retinol Cream - Made in USA, Anti Aging Moisturizer for Face and Neck,Wrinkle, Retinol Complex - 1.7oz</p><p>$18.16 ($10.68 / Ounce)</p><a href="https://www.amazon.com/dp/B01ES349CY?tag=eloabder-20&linkCode=osi&th=1&psc=1">View Product</a></div><div class="product"><a href="https://www.amazon.com/dp/B00QSHEN0M?tag=eloabder-20&linkCode=osi&th=1&psc=1"><img src="https://m.media-amazon.com/images/I/41XiN2SLyrL._SL500_.jpg" alt="Product Image"></a><p>Burt's Bees Renewal Firming Face Cream, Anti-Aging Retinol Alternative, Moisturizing Natural Origin Skin Care, 1.8 Ounce (Packaging May Vary)</p><p>$9.75 ($5.42 / Ounce)</p><a href="https://www.amazon.com/dp/B00QSHEN0M?tag=eloabder-20&linkCode=osi&th=1&psc=1">View Product</a></div><div class="product"><a href="https://www.amazon.com/dp/B0744JV661?tag=eloabder-20&linkCode=osi&th=1&psc=1"><img src="https://m.media-amazon.com/images/I/41uJ0OhvRuL._SL500_.jpg" alt="Product Image"></a><p>RoC Retinol Correxion Max Daily Hydration Anti-Aging Face Moisturizer with Hyaluronic Acid, Oil Free Skin Care Cream for Fine Lines, Dark Spots, Post-Acne Scars, 1.7 Ounces (Packaging May Vary)</p><p>$21.53 ($12.66 / Ounce)</p><a href="https://www.amazon.com/dp/B0744JV661?tag=eloabder-20&linkCode=osi&th=1&psc=1">View Product</a></div><div class="product"><a href="https://www.amazon.com/dp/B004D2C57M?tag=eloabder-20&linkCode=osi&th=1&psc=1"><img src="https://m.media-amazon.com/images/I/4106jzuxtsL._SL500_.jpg" alt="Product Image"></a><p>Neutrogena Retinol Face Moisturizer, Rapid Wrinkle Repair with SPF 30 Sunscreen, Daily Anti-Aging Face Cream with Retinol & Hyaluronic Acid to Fight Fine Lines, Wrinkles, & Dark Spots, 1 fl. oz</p><p>$17.14</p><a href="https://www.amazon.com/dp/B004D2C57M?tag=eloabder-20&linkCode=osi&th=1&psc=1">View Product</a></div><div class="product"><a href="https://www.amazon.com/dp/B0B5TBVX6C?tag=eloabder-20&linkCode=osi&th=1&psc=1"><img src="https://m.media-amazon.com/images/I/51nRJsctWHL._SL500_.jpg" alt="Product Image"></a><p>Retinol Cream for Face - Facial Moisturizer with Collagen and Hyaluronic Acid, Anti-Wrinkle Reduce Fine Lines Vitamin C+E Natural-Ingredient Day Night Anti-Aging For Women Men</p><p>$14.99 ($8.82 / Fl Oz)</p><a href="https://www.amazon.com/dp/B0B5TBVX6C?tag=eloabder-20&linkCode=osi&th=1&psc=1">View Product</a></div>
<div class="product"><a href="https://www.amazon.com/dp/B00DG8F02Q?tag=eloabder-20&linkCode=osi&th=1&psc=1"><img src="https://m.media-amazon.com/images/I/31+WLRw2Y6L._SL500_.jpg" alt="Product Image"></a><p>NIVEA Shea Nourish Body Lotion, 48-Hour Moisturizing Shea Butter Lotion for Dry Skin with Deep Nourishing Serum, 16.9 Fl Oz Pump Bottle</p><p>$6.29 ($0.37 / Fl Oz)</p><a href="https://www.amazon.com/dp/B00DG8F02Q?tag=eloabder-20&linkCode=osi&th=1&psc=1">View Product</a></div><div class="product"><a href="https://www.amazon.com/dp/B076G2XGY3?tag=eloabder-20&linkCode=osi&th=1&psc=1"><img src="https://m.media-amazon.com/images/I/41jIXvha20L._SL500_.jpg" alt="Product Image"></a><p>NIVEA Essentially Enriched Body Lotion for Dry Skin, Pack of 2, 16.9 Fl Oz Pump Bottles</p><p>$10.98 ($0.32 / Fl Oz)</p><a href="https://www.amazon.com/dp/B076G2XGY3?tag=eloabder-20&linkCode=osi&th=1&psc=1">View Product</a></div><div class="product"><a href="https://www.amazon.com/dp/B00DG8EZKO?tag=eloabder-20&linkCode=osi&th=1&psc=1"><img src="https://m.media-amazon.com/images/I/31DT3ghuyXL._SL500_.jpg" alt="Product Image"></a><p>NIVEA Intense Healing Body Lotion for Dry Skin, 72-Hour Moisturizing Lotion with Deep Nourishing Serum and Provitamin B5, 16.9 Fl Oz Pump Bottle</p><p>$6.29 ($0.37 / Fl Oz)</p><a href="https://www.amazon.com/dp/B00DG8EZKO?tag=eloabder-20&linkCode=osi&th=1&psc=1">View Product</a></div><div class="product"><a href="https://www.amazon.com/dp/B08KT5HM98?tag=eloabder-20&linkCode=osi&th=1&psc=1"><img src="https://m.media-amazon.com/images/I/311EVJ1x7tL._SL500_.jpg" alt="Product Image"></a><p>eos Shea Better Body Lotion- Coconut Waters, 24-Hour Moisture Skin Care, Lightweight & Non-Greasy, Made with Natural Shea, Vegan, 16 fl oz</p><p>$8.98 ($0.56 / Fl Oz)</p><a href="https://www.amazon.com/dp/B08KT5HM98?tag=eloabder-20&linkCode=osi&th=1&psc=1">View Product</a></div><div class="product"><a href="https://www.amazon.com/dp/B0034F9K36?tag=eloabder-20&linkCode=osi&th=1&psc=1"><img src="https://m.media-amazon.com/images/I/319i3EFVPvL._SL500_.jpg" alt="Product Image"></a><p>Jergens Ultra Healing Dry Skin Moisturizer, Body and Hand Lotion for Dry Skin, for Quick Absorption into Extra Dry Skin, with HYDRALUCENCE blend, Vitamins C, E, and B5, 32 Ounce</p><p>$8.17 ($0.26 / Fl Oz)</p><a href="https://www.amazon.com/dp/B0034F9K36?tag=eloabder-20&linkCode=osi&th=1&psc=1">View Product</a></div><div class="product"><a href="https://www.amazon.com/dp/B003JT8PKQ?tag=eloabder-20&linkCode=osi&th=1&psc=1"><img src="https://m.media-amazon.com/images/I/31TFisQDpKL._SL500_.jpg" alt="Product Image"></a><p>Lubriderm Daily Moisture Lotion + Pro-Ceramide with Shea Butter & Glycerin Helps Moisturize Dry Skin, Hydrating Face, Hand & Body Lotion is Lightly Scented & Non-Greasy, 24 fl. oz</p><p>$10.12 ($0.42 / Fl Oz)</p><a href="https://www.amazon.com/dp/B003JT8PKQ?tag=eloabder-20&linkCode=osi&th=1&psc=1">View Product</a></div><div class="product"><a href="https://www.amazon.com/dp/B07RK4HST7?tag=eloabder-20&linkCode=osi&th=1&psc=1"><img src="https://m.media-amazon.com/images/I/412DGoW35mL._SL500_.jpg" alt="Product Image"></a><p>CeraVe Daily Moisturizing Lotion for Dry Skin | Body Lotion & Face Moisturizer with Hyaluronic Acid and Ceramides | Daily Moisturizer | Fragrance Free | Oil-Free | 19 Ounce</p><p>$18.50 ($0.97 / Fl Oz)</p><a href="https://www.amazon.com/dp/B07RK4HST7?tag=eloabder-20&linkCode=osi&th=1&psc=1">View Product</a></div><div class="product"><a href="https://www.amazon.com/dp/B0D484X4RL?tag=eloabder-20&linkCode=osi&th=1&psc=1"><img src="https://m.media-amazon.com/images/I/31rZLOx+KEL._SL500_.jpg" alt="Product Image"></a><p>Native Body Lotion Contains Naturally Derived Plant-Based Moisturizers for Women and Men | Restores Dry Skin, Coconut & Vanilla, 16.5 fl oz</p><p>$13.97 ($0.85 / Fl Oz)</p><a href="https://www.amazon.com/dp/B0D484X4RL?tag=eloabder-20&linkCode=osi&th=1&psc=1">View Product</a></div><div class="product"><a href="https://www.amazon.com/dp/B073CXZ8KR?tag=eloabder-20&linkCode=osi&th=1&psc=1"><img src="https://m.media-amazon.com/images/I/31r1ImnqoOL._SL500_.jpg" alt="Product Image"></a><p>Nivea Oil Infused Cherry Blossom and Jojoba Oil Body Lotion, Non-Greasy Cherry Blossom Scented Lotion Moisturizes for 24+ Hours, 16.9 Fl Oz Pump Bottle</p><p>$6.29 ($0.37 / Fl Oz)</p><a href="https://www.amazon.com/dp/B073CXZ8KR?tag=eloabder-20&linkCode=osi&th=1&psc=1">View Product</a></div><div class="product"><a href="https://www.amazon.com/dp/B09HHBKK15?tag=eloabder-20&linkCode=osi&th=1&psc=1"><img src="https://m.media-amazon.com/images/I/31gFI+hSGmL._SL500_.jpg" alt="Product Image"></a><p>Amazon Basics Cocoa Butter Body Lotion, Lightly scented, 20.3 fl oz</p><p>$4.89 ($0.24 / Fl Oz)</p><a href="https://www.amazon.com/dp/B09HHBKK15?tag=eloabder-20&linkCode=osi&th=1&psc=1">View Product</a></div>
<div class="product"><a href="https://www.amazon.com/dp/B0BVBZPX9B?tag=eloabder-20&linkCode=osi&th=1&psc=1"><img src="https://m.media-amazon.com/images/I/61Y09jlKZkL._SL500_.jpg" alt="Product Image"></a><p>Dove Deep Moisture Body Wash 30.6 Fl Oz Pack of 3 with Pump, Luxurious Hydration for Dry Skin, Cleanser with 24hr Renewing MicroMoisture</p><p>$23.22 ($0.25 / Fl Oz)</p><a href="https://www.amazon.com/dp/B0BVBZPX9B?tag=eloabder-20&linkCode=osi&th=1&psc=1">View Product</a></div><div class="product"><a href="https://www.amazon.com/dp/B0BT1VXDGD?tag=eloabder-20&linkCode=osi&th=1&psc=1"><img src="https://m.media-amazon.com/images/I/217eAv7yKyL._SL500_.jpg" alt="Product Image"></a><p>Method Body Wash, Pure Peace, Paraben and Phthalate Free, Biodegradable Formula, 28 oz (Pack of 1)</p><p>$11.48 ($0.41 / Fl Oz)</p><a href="https://www.amazon.com/dp/B0BT1VXDGD?tag=eloabder-20&linkCode=osi&th=1&psc=1">View Product</a></div><div class="product"><a href="https://www.amazon.com/dp/B0BVBYQGTW?tag=eloabder-20&linkCode=osi&th=1&psc=1"><img src="https://m.media-amazon.com/images/I/61En44WjwPL._SL500_.jpg" alt="Product Image"></a><p>Dove Body Wash with Pump Sensitive Skin 3 Count Hypoallergenic, Paraben-Free, Sulfate-Free, Cruelty-Free, Moisturizing Skin Cleanser Effectively Washes Away Bacteria While Nourishing Skin 30.6 oz</p><p>$23.22 ($0.25 / Fl Oz)</p><a href="https://www.amazon.com/dp/B0BVBYQGTW?tag=eloabder-20&linkCode=osi&th=1&psc=1">View Product</a></div><div class="product"><a href="https://www.amazon.com/dp/B0CGY5BLBW?tag=eloabder-20&linkCode=osi&th=1&psc=1"><img src="https://m.media-amazon.com/images/I/61X7MjVU6uL._SL500_.jpg" alt="Product Image"></a><p>Dove Exfoliating Body Wash Glow Recharge Energizes & illuminates skin 3% brightening serum with vitamin C 18.5 oz</p><p>$9.79 ($0.53 / Fl Oz)</p><a href="https://www.amazon.com/dp/B0CGY5BLBW?tag=eloabder-20&linkCode=osi&th=1&psc=1">View Product</a></div><div class="product"><a href="https://www.amazon.com/dp/B082QB23YG?tag=eloabder-20&linkCode=osi&th=1&psc=1"><img src="https://m.media-amazon.com/images/I/31QPAuuaLwL._SL500_.jpg" alt="Product Image"></a><p>NIVEA Refreshing White Peach and Jasmine Body Wash, Scented Body Wash with Nourishing Serum, Plant-Derived Oils, Essential Skin Lipids and Vitamins, 20 Fl Oz Bottle</p><p>$4.89 ($0.24 / Fl Oz)</p><a href="https://www.amazon.com/dp/B082QB23YG?tag=eloabder-20&linkCode=osi&th=1&psc=1">View Product</a></div><div class="product"><a href="https://www.amazon.com/dp/B0BHH1LBX2?tag=eloabder-20&linkCode=osi&th=1&psc=1"><img src="https://m.media-amazon.com/images/I/41aG-jLyOqL._SL500_.jpg" alt="Product Image"></a><p>Olay Ultra Rich Moisture Body Wash for Women, Deeply Nourishes, Vitamin B3 Complex, Clinically Proven, Shea Butter Scent, 22 fl oz (Pack of 4)</p><p>$27.96 ($0.32 / Fl Oz)</p><a href="https://www.amazon.com/dp/B0BHH1LBX2?tag=eloabder-20&linkCode=osi&th=1&psc=1">View Product</a></div><div class="product"><a href="https://www.amazon.com/dp/B07FD24RTR?tag=eloabder-20&linkCode=osi&th=1&psc=1"><img src="https://m.media-amazon.com/images/I/31klAgInvXL._SL500_.jpg" alt="Product Image"></a><p>Aveeno Stress Relief Body Wash with Soothing Oat for Sensitive Skin, Lavender Body Wash to help you feel Calm and Relaxed, Sulfate-Free, 33 FL OZ</p><p>$13.48 ($0.41 / Fl Oz)</p><a href="https://www.amazon.com/dp/B07FD24RTR?tag=eloabder-20&linkCode=osi&th=1&psc=1">View Product</a></div><div class="product"><a href="https://www.amazon.com/dp/B082QC2MCX?tag=eloabder-20&linkCode=osi&th=1&psc=1"><img src="https://m.media-amazon.com/images/I/31ohT5XH1TS._SL500_.jpg" alt="Product Image"></a><p>NIVEA Shea Butter Nourishing Body Wash, Moisturizing Body Wash with Nourishing Serum, Plant-Derived Oils, Essential Skin Lipids and Vitamins, 20 Fl Oz Bottle</p><p>$5.29 ($0.26 / Fl Oz)</p><a href="https://www.amazon.com/dp/B082QC2MCX?tag=eloabder-20&linkCode=osi&th=1&psc=1">View Product</a></div><div class="product"><a href="https://www.amazon.com/dp/B0BVBYDTZ6?tag=eloabder-20&linkCode=osi&th=1&psc=1"><img src="https://m.media-amazon.com/images/I/61UbJzK8yIL._SL500_.jpg" alt="Product Image"></a><p>Dove Body Wash with Pump Refreshing Cucumber and Green Tea 3 Count Refreshes Skin Cleanser That Effectively Washes Away Bacteria While Nourishing Your Skin 30.6 oz</p><p>$29.91 ($0.33 / Fl Oz)</p><a href="https://www.amazon.com/dp/B0BVBYDTZ6?tag=eloabder-20&linkCode=osi&th=1&psc=1">View Product</a></div><div class="product"><a href="https://www.amazon.com/dp/B082QBPDJC?tag=eloabder-20&linkCode=osi&th=1&psc=1"><img src="https://m.media-amazon.com/images/I/31tC4JDwHQL._SL500_.jpg" alt="Product Image"></a><p>NIVEA Coconut and Almond Milk Pampering Body Wash, Moisturizing Body Wash with Nourishing Serum, Plant-Derived Oils, Essential Skin Lipids and Vitamins, 20 Fl Oz Bottle</p><p>$4.99 ($0.25 / Fl Oz)</p><a href="https://www.amazon.com/dp/B082QBPDJC?tag=eloabder-20&linkCode=osi&th=1&psc=1">View Product</a></div>
<div class="product"><a href="https://www.amazon.com/dp/B07N7MWX72?tag=eloabder-20&linkCode=osi&th=1&psc=1"><img src="https://m.media-amazon.com/images/I/414aNTDFuRL._SL500_.jpg" alt="Product Image"></a><p>Mielle Organics Rosemary Mint Strengthening Shampoo Infused with Biotin, Cleanses and Helps Strengthen Weak and Brittle Hair, 12 Ounces</p><p>$9.97 ($0.83 / Fl Oz)</p><a href="https://www.amazon.com/dp/B07N7MWX72?tag=eloabder-20&linkCode=osi&th=1&psc=1">View Product</a></div><div class="product"><a href="https://www.amazon.com/dp/B01N97PCBH?tag=eloabder-20&linkCode=osi&th=1&psc=1"><img src="https://m.media-amazon.com/images/I/41KYNMCTIPL._SL500_.jpg" alt="Product Image"></a><p>Garnier Fructis Pure Clean Purifying Shampoo, Silicone-Free, 12.5 Fl Oz, 1 Count (Packaging May Vary)</p><p>$3.97 ($0.32 / Fl Oz)</p><a href="https://www.amazon.com/dp/B01N97PCBH?tag=eloabder-20&linkCode=osi&th=1&psc=1">View Product</a></div><div class="product"><a href="https://www.amazon.com/dp/B07D37PQGL?tag=eloabder-20&linkCode=osi&th=1&psc=1"><img src="https://m.media-amazon.com/images/I/31+tZhs5TNL._SL500_.jpg" alt="Product Image"></a><p>Olaplex No. 4 Bond Maintenance Shampoo, Repairs, Strengthens, & Nourishes All Hair Types, Adds Shine & Leaves Hair Feeling Soft, 8.5 fl oz</p><p>$30.00 ($3.53 / Fl Oz)</p><a href="https://www.amazon.com/dp/B07D37PQGL?tag=eloabder-20&linkCode=osi&th=1&psc=1">View Product</a></div><div class="product"><a href="https://www.amazon.com/dp/B084LHV2M1?tag=eloabder-20&linkCode=osi&th=1&psc=1"><img src="https://m.media-amazon.com/images/I/4174ry43L0L._SL500_.jpg" alt="Product Image"></a><p>Herbal Essences Hello hydration shampoo shampooing for hair 29.2 FL OZ</p><p>$7.97 ($0.27 / Fl Oz)</p><a href="https://www.amazon.com/dp/B084LHV2M1?tag=eloabder-20&linkCode=osi&th=1&psc=1">View Product</a></div><div class="product"><a href="https://www.amazon.com/dp/B08SSM21R4?tag=eloabder-20&linkCode=osi&th=1&psc=1"><img src="https://m.media-amazon.com/images/I/31WbRm+ZKEL._SL500_.jpg" alt="Product Image"></a><p>Redken All Soft Shampoo | Deeply Moisturizes and Hydrates | Softens, Smooths, and Adds Shine | Safe for Color-Treated Hair | Nourishing Shampoo for Dry Hair | With Argan Oil</p><p>$26.00 ($2.57 / Fl Oz)</p><a href="https://www.amazon.com/dp/B08SSM21R4?tag=eloabder-20&linkCode=osi&th=1&psc=1">View Product</a></div><div class="product"><a href="https://www.amazon.com/dp/B0D4SBLLRJ?tag=eloabder-20&linkCode=osi&th=1&psc=1"><img src="https://m.media-amazon.com/images/I/41uWwx+mKwL._SL500_.jpg" alt="Product Image"></a><p>Olaplex Wash and Shine Kit</p><p>$57.00</p><a href="https://www.amazon.com/dp/B0D4SBLLRJ?tag=eloabder-20&linkCode=osi&th=1&psc=1">View Product</a></div><div class="product"><a href="https://www.amazon.com/dp/B086S4Q7JH?tag=eloabder-20&linkCode=osi&th=1&psc=1"><img src="https://m.media-amazon.com/images/I/51i3YLQncNL._SL500_.jpg" alt="Product Image"></a><p>Herbal Essences Shampoo and Conditioner Set, Vitamin E, Rose Hips and Jojoba Extract, Smooth Collection, Bundle</p><p>$13.81 ($0.24 / Fl Oz)</p><a href="https://www.amazon.com/dp/B086S4Q7JH?tag=eloabder-20&linkCode=osi&th=1&psc=1">View Product</a></div><div class="product"><a href="https://www.amazon.com/dp/B01ENCBOA0?tag=eloabder-20&linkCode=osi&th=1&psc=1"><img src="https://m.media-amazon.com/images/I/41wcbs9bSAL._SL500_.jpg" alt="Product Image"></a><p>Rosemary and Biotin Shampoo for Thinning Hair - Vegan Volumizing Shampoo for Fine Hair with Argan and Tea Tree Oil - Paraben Silicone and Sulfate Free Shampoo for Dry Damaged Weak and Thin Hair Care</p><p>$12.95 ($1.62 / Fl Oz)</p><a href="https://www.amazon.com/dp/B01ENCBOA0?tag=eloabder-20&linkCode=osi&th=1&psc=1">View Product</a></div><div class="product"><a href="https://www.amazon.com/dp/B07NQ69L7P?tag=eloabder-20&linkCode=osi&th=1&psc=1"><img src="https://m.media-amazon.com/images/I/51c83KZZLJL._SL500_.jpg" alt="Product Image"></a><p>Herbal Essences Argan Oil of Morocco Shampoo & Conditioner Set, Repair & Smooth, Kew Endorsed, Fizzy Citrus Scent, Paraben-Free, Safe for Color-Treated Hair, pH-Balanced, 20.2 Fl Oz Each, 2 Pack</p><p>$24.99</p><a href="https://www.amazon.com/dp/B07NQ69L7P?tag=eloabder-20&linkCode=osi&th=1&psc=1">View Product</a></div>
<div class="product"><a href="https://www.amazon.com/dp/B0891BBRHW?tag=eloabder-20&linkCode=osi&th=1&psc=1"><img src="https://m.media-amazon.com/images/I/31ndDwe7VSL._SL500_.jpg" alt="Product Image"></a><p>Pureology Hydrate Moisturizing Conditioner | Softens and Deeply Hydrates Dry Hair | For Medium to Thick Color Treated or Natural Hair | Sulfate Free Conditioner | Vegan</p><p>$37.00 ($4.11 / Fl Oz)</p><a href="https://www.amazon.com/dp/B0891BBRHW?tag=eloabder-20&linkCode=osi&th=1&psc=1">View Product</a></div><div class="product"><a href="https://www.amazon.com/dp/B07D37SBHF?tag=eloabder-20&linkCode=osi&th=1&psc=1"><img src="https://m.media-amazon.com/images/I/31ivDW-ouZL._SL500_.jpg" alt="Product Image"></a><p>Olaplex No. 5 Bond Maintenance Conditioner, Repairs, Strengthens, & Nourishes All Hair Types, Leaving Hair Feeling Soft & Adds Shine, 8.5 fl oz"</p><p>$30.00 ($3.53 / Fl Oz)</p><a href="https://www.amazon.com/dp/B07D37SBHF?tag=eloabder-20&linkCode=osi&th=1&psc=1">View Product</a></div><div class="product"><a href="https://www.amazon.com/dp/B07CLD17F5?tag=eloabder-20&linkCode=osi&th=1&psc=1"><img src="https://m.media-amazon.com/images/I/61hTHQjDOkL._SL500_.jpg" alt="Product Image"></a><p>Dove Ultra Care Conditioner Coconut & Hydration for Dry Hair Conditioner with Coconut Oil, Jojoba Oil & Sweet Almond Oil 25.4 oz</p><p>$7.49 ($0.29 / Fl Oz)</p><a href="https://www.amazon.com/dp/B07CLD17F5?tag=eloabder-20&linkCode=osi&th=1&psc=1">View Product</a></div><div class="product"><a href="https://www.amazon.com/dp/B0752CBW5T?tag=eloabder-20&linkCode=osi&th=1&psc=1"><img src="https://m.media-amazon.com/images/I/31-KMa7LAlS._SL500_.jpg" alt="Product Image"></a><p>L'Oreal Paris Elvive Total Repair 5 Repairing Conditioner for Damaged Hair Conditioner with Protein and Ceramide for Strong Silky Shiny Healthy Renewed Hair 28 Fl Oz</p><p>$8.49 ($0.30 / Fl Oz)</p><a href="https://www.amazon.com/dp/B0752CBW5T?tag=eloabder-20&linkCode=osi&th=1&psc=1">View Product</a></div><div class="product"><a href="https://www.amazon.com/dp/B00L01DEII?tag=eloabder-20&linkCode=osi&th=1&psc=1"><img src="https://m.media-amazon.com/images/I/31EJqWmmSNL._SL500_.jpg" alt="Product Image"></a><p>Biolage Ultra Hydra Source Conditioning Balm | Deep Hydrating Conditioner | Renews Hair's Moisture | For Very Dry Hair | Silicone-Free | Vegan | Salon Conditioner | 33.8 Fl. Oz</p><p>$42.00 ($1.24 / Fl Oz)</p><a href="https://www.amazon.com/dp/B00L01DEII?tag=eloabder-20&linkCode=osi&th=1&psc=1">View Product</a></div><div class="product"><a href="https://www.amazon.com/dp/B08SSCQH77?tag=eloabder-20&linkCode=osi&th=1&psc=1"><img src="https://m.media-amazon.com/images/I/31P8RgJeqwL._SL500_.jpg" alt="Product Image"></a><p>Redken All Soft Conditioner | For Dry / Brittle Hair | Moisturizes & Provides Intense Softness | With Argan Oil | 10.1 Fl Oz</p><p>$26.00 ($2.57 / Fl Oz)</p><a href="https://www.amazon.com/dp/B08SSCQH77?tag=eloabder-20&linkCode=osi&th=1&psc=1">View Product</a></div><div class="product"><a href="https://www.amazon.com/dp/B074VLNPSG?tag=eloabder-20&linkCode=osi&th=1&psc=1"><img src="https://m.media-amazon.com/images/I/319FOowuSkL._SL500_.jpg" alt="Product Image"></a><p>Garnier Fructis Grow Strong Conditioner, 33.8 Fl Oz, 1 Count (Packaging May Vary)</p><p>$8.49 ($0.25 / Fl Oz)</p><a href="https://www.amazon.com/dp/B074VLNPSG?tag=eloabder-20&linkCode=osi&th=1&psc=1">View Product</a></div><div class="product"><a href="https://www.amazon.com/dp/B00JAI4FGI?tag=eloabder-20&linkCode=osi&th=1&psc=1"><img src="https://m.media-amazon.com/images/I/212rXWGPu1L._SL500_.jpg" alt="Product Image"></a><p>Biolage Color Last Conditioner | Helps Protect Hair & Maintain Vibrant Color | For Color-Treated and Natural Hair | Paraben & Silicone-Free | Vegan | Cruelty Free | Color Protecting Salon Conditioner</p><p>$24.00 ($1.78 / Fl Oz)</p><a href="https://www.amazon.com/dp/B00JAI4FGI?tag=eloabder-20&linkCode=osi&th=1&psc=1">View Product</a></div>
<div class="product"><a href="https://www.amazon.com/dp/B00I32AN4K?tag=eloabder-20&linkCode=osi&th=1&psc=1"><img src="https://m.media-amazon.com/images/I/51KpmxinYYL._SL500_.jpg" alt="Product Image"></a><p>Arvazallia Hydrating Argan Oil Hair Mask and Deep Conditioner for Dry or Damaged Hair - 8.45 Oz</p><p>$12.95 ($1.53 / Fl Oz)</p><a href="https://www.amazon.com/dp/B00I32AN4K?tag=eloabder-20&linkCode=osi&th=1&psc=1">View Product</a></div><div class="product"><a href="https://www.amazon.com/dp/B07H3GBSC3?tag=eloabder-20&linkCode=osi&th=1&psc=1"><img src="https://m.media-amazon.com/images/I/41I862UzKRL._SL500_.jpg" alt="Product Image"></a><p>amika soulfood nourishing Mask, 8 Fl oz</p><p>$34.00 ($4.25 / Fl Oz)</p><a href="https://www.amazon.com/dp/B07H3GBSC3?tag=eloabder-20&linkCode=osi&th=1&psc=1">View Product</a></div><div class="product"><a href="https://www.amazon.com/dp/B075L6BL61?tag=eloabder-20&linkCode=osi&th=1&psc=1"><img src="https://m.media-amazon.com/images/I/41zCFV7oGTL._SL500_.jpg" alt="Product Image"></a><p>Karseell Collagen Hair Treatment Deep Repair Conditioning Argan Oil Collagen Hair Mask Essence for Dry Damaged Hair All Hair Types 16.90 oz 500ml</p><p>$23.33 ($1.38 / Fl Oz)</p><a href="https://www.amazon.com/dp/B075L6BL61?tag=eloabder-20&linkCode=osi&th=1&psc=1">View Product</a></div><div class="product"><a href="https://www.amazon.com/dp/B0BQ54DQNM?tag=eloabder-20&linkCode=osi&th=1&psc=1"><img src="https://m.media-amazon.com/images/I/41uhtWPJeuL._SL500_.jpg" alt="Product Image"></a><p>Eva NYC Therapy Session Hair Mask, Deep Conditioning Hair Mask Infused with Argan Oil and Plant Protein, 16.9 fl oz</p><p>$19.00 ($1.12 / Fl Oz)</p><a href="https://www.amazon.com/dp/B0BQ54DQNM?tag=eloabder-20&linkCode=osi&th=1&psc=1">View Product</a></div><div class="product"><a href="https://www.amazon.com/dp/B01I2ZQJSG?tag=eloabder-20&linkCode=osi&th=1&psc=1"><img src="https://m.media-amazon.com/images/I/41ctrFUeQAL._SL500_.jpg" alt="Product Image"></a><p>Elizavecca cer-100 collagen coating hair protein treatment 100ml</p><p>$7.40 ($2.19 / Fl Oz)</p><a href="https://www.amazon.com/dp/B01I2ZQJSG?tag=eloabder-20&linkCode=osi&th=1&psc=1">View Product</a></div><div class="product"><a href="https://www.amazon.com/dp/B07N7NBYSP?tag=eloabder-20&linkCode=osi&th=1&psc=1"><img src="https://m.media-amazon.com/images/I/515lD0OXQ+L._SL500_.jpg" alt="Product Image"></a><p>Mielle Organics Rosemary Mint Strengthening Hair Masque, Essential Oil & Biotin Deep Treatment, Miracle Repair for Dry, Damaged, & Frizzy Hair, 12 Ounces</p><p>$9.97 ($0.83 / Ounce)</p><a href="https://www.amazon.com/dp/B07N7NBYSP?tag=eloabder-20&linkCode=osi&th=1&psc=1">View Product</a></div><div class="product"><a href="https://www.amazon.com/dp/B002N5MKMG?tag=eloabder-20&linkCode=osi&th=1&psc=1"><img src="https://m.media-amazon.com/images/I/41NxqnExYnL._SL500_.jpg" alt="Product Image"></a><p>Moroccanoil Intense Hydrating Mask, 8.5 Fl. Oz.</p><p>$42.00 ($4.94 / Fl Oz)</p><a href="https://www.amazon.com/dp/B002N5MKMG?tag=eloabder-20&linkCode=osi&th=1&psc=1">View Product</a></div><div class="product"><a href="https://www.amazon.com/dp/B07M7PP9KX?tag=eloabder-20&linkCode=osi&th=1&psc=1"><img src="https://m.media-amazon.com/images/I/41Mpv3wIxEL._SL500_.jpg" alt="Product Image"></a><p>Marc Anthony Grow Long Hair Anti-Breakage Mask, 10.4 OZ</p><p>$8.99 ($0.90 / Fl Oz)</p><a href="https://www.amazon.com/dp/B07M7PP9KX?tag=eloabder-20&linkCode=osi&th=1&psc=1">View Product</a></div><div class="product"><a href="https://www.amazon.com/dp/B09HR5KSR8?tag=eloabder-20&linkCode=osi&th=1&psc=1"><img src="https://m.media-amazon.com/images/I/51aIw6AhsXL._SL500_.jpg" alt="Product Image"></a><p>K18 Mini Leave-In Molecular Hair Mask, Repairs Dry or Damaged Hair, Reverse Hair Damage from Bleach, Color, Chemical Services & Heat, 0.51 Fl Oz</p><p>$29.00 ($56.86 / Fl Oz)</p><a href="https://www.amazon.com/dp/B09HR5KSR8?tag=eloabder-20&linkCode=osi&th=1&psc=1">View Product</a></div>
<div class="product"><a href="https://www.amazon.com/dp/B004J1MNII?tag=eloabder-20&linkCode=osi&th=1&psc=1"><img src="https://m.media-amazon.com/images/I/31nFgivW0gL._SL500_.jpg" alt="Product Image"></a><p>Moroccanoil Hydrating Styling Cream, Travel Size, 2.53 Fl Oz</p><p>$16.00 ($6.40 / Fl Oz)</p><a href="https://www.amazon.com/dp/B004J1MNII?tag=eloabder-20&linkCode=osi&th=1&psc=1">View Product</a></div><div class="product"><a href="https://www.amazon.com/dp/B00G187CP6?tag=eloabder-20&linkCode=osi&th=1&psc=1"><img src="https://m.media-amazon.com/images/I/31belqXvyyL._SL500_.jpg" alt="Product Image"></a><p>COLOR WOW One Minute Transformation – Instant frizz fix| Nourishing styling cream smooths, tames + defrizzes on the spot| Avocado oil + Omega 3’s hydrate, repair for silkier, smoother texture</p><p>$24.00</p><a href="https://www.amazon.com/dp/B00G187CP6?tag=eloabder-20&linkCode=osi&th=1&psc=1">View Product</a></div><div class="product"><a href="https://www.amazon.com/dp/B073CWSQ51?tag=eloabder-20&linkCode=osi&th=1&psc=1"><img src="https://m.media-amazon.com/images/I/41lIHxirIkL._SL500_.jpg" alt="Product Image"></a><p>COLOR WOW Dream Coat Supernatural Spray, 6.7 Fl Oz – Keep Your Hair Frizz-Free and Shiny No Matter the Weather with Award-Winning Anti-Humidity Treatment</p><p>$28.00 ($4.18 / Fl Oz)</p><a href="https://www.amazon.com/dp/B073CWSQ51?tag=eloabder-20&linkCode=osi&th=1&psc=1">View Product</a></div><div class="product"><a href="https://www.amazon.com/dp/B075RGHQVF?tag=eloabder-20&linkCode=osi&th=1&psc=1"><img src="https://m.media-amazon.com/images/I/21TgD3HaqbL._SL500_.jpg" alt="Product Image"></a><p>American Crew Men's Fiber Cream, Like Hair Gel with Medium Hold & Natural Shine, 3.3 Fl Oz</p><p>$9.94 ($3.01 / Ounce)</p><a href="https://www.amazon.com/dp/B075RGHQVF?tag=eloabder-20&linkCode=osi&th=1&psc=1">View Product</a></div><div class="product"><a href="https://www.amazon.com/dp/B0BLWTQ7JC?tag=eloabder-20&linkCode=osi&th=1&psc=1"><img src="https://m.media-amazon.com/images/I/31jMkcol7VL._SL500_.jpg" alt="Product Image"></a><p>DAE Cactus Fruit 3-In-1 Styling Cream - Smooth Styles, Prep Shiny Blowouts, Defines Curls (5 oz.)</p><p>$30.00 ($6.00 / Ounce)</p><a href="https://www.amazon.com/dp/B0BLWTQ7JC?tag=eloabder-20&linkCode=osi&th=1&psc=1">View Product</a></div><div class="product"><a href="https://www.amazon.com/dp/B00H3DOSPU?tag=eloabder-20&linkCode=osi&th=1&psc=1"><img src="https://m.media-amazon.com/images/I/317clPmAyiL._SL500_.jpg" alt="Product Image"></a><p>Biolage Styling Gelée | Firm Hold That Adds Body, Shine & Control | For All Hair Types | Paraben-Free | Vegan | 16.9 fl. oz. | 16.9 Fl. Oz</p><p>$24.00 ($1.42 / Fl Oz)</p><a href="https://www.amazon.com/dp/B00H3DOSPU?tag=eloabder-20&linkCode=osi&th=1&psc=1">View Product</a></div><div class="product"><a href="https://www.amazon.com/dp/B08SNSSTPZ?tag=eloabder-20&linkCode=osi&th=1&psc=1"><img src="https://m.media-amazon.com/images/I/31KrkpMat6L._SL500_.jpg" alt="Product Image"></a><p>L3 Level 3 Styling Powder - Natural Look Mens Powder - Easy to Apply with No Oil or Greasy Residue (Small - 30 Grams)</p><p>$9.99 ($9.51 / Fl Oz)</p><a href="https://www.amazon.com/dp/B08SNSSTPZ?tag=eloabder-20&linkCode=osi&th=1&psc=1">View Product</a></div><div class="product"><a href="https://www.amazon.com/dp/B09MZS3D3K?tag=eloabder-20&linkCode=osi&th=1&psc=1"><img src="https://m.media-amazon.com/images/I/31CADZzpR7L._SL500_.jpg" alt="Product Image"></a><p>Marc Anthony Biotin Styling Hair Cream, Instantly Thick - Biotin & Vitamin E Hair Thickening Cream, Lightweight Hold for Thicker & Fuller Hair - Volumizing Hair Product for Thin, Flat Hair</p><p>$8.99 ($1.82 / Ounce)</p><a href="https://www.amazon.com/dp/B09MZS3D3K?tag=eloabder-20&linkCode=osi&th=1&psc=1">View Product</a></div><div class="product"><a href="https://www.amazon.com/dp/B0009OMNQQ?tag=eloabder-20&linkCode=osi&th=1&psc=1"><img src="https://m.media-amazon.com/images/I/21BMUFOie3L._SL500_.jpg" alt="Product Image"></a><p>Paul Mitchell Extra-Body Sculpting Foam, Thickens + Builds Body, For Fine Hair, 6.7 oz.</p><p>$16.50 ($2.46 / Fl Oz)</p><a href="https://www.amazon.com/dp/B0009OMNQQ?tag=eloabder-20&linkCode=osi&th=1&psc=1">View Product</a></div>
<div class="product"><a href="https://www.amazon.com/dp/B09LXMXSMN?tag=eloabder-20&linkCode=osi&th=1&psc=1"><img src="https://m.media-amazon.com/images/I/51Sly6w-y7L._SL500_.jpg" alt="Product Image"></a><p>Revlon ColorSilk Beautiful Color Permanent Hair Color, Long-Lasting High-Definition Color, Shine & Silky Softness with 100% Gray Coverage, Ammonia Free, 41 Medium Brown, 3 Pack</p><p>$11.91 ($0.90 / Fl Oz)</p><a href="https://www.amazon.com/dp/B09LXMXSMN?tag=eloabder-20&linkCode=osi&th=1&psc=1">View Product</a></div><div class="product"><a href="https://www.amazon.com/dp/B004INIW1Y?tag=eloabder-20&linkCode=osi&th=1&psc=1"><img src="https://m.media-amazon.com/images/I/51QXVxOgEkL._SL500_.jpg" alt="Product Image"></a><p>L'Oreal Paris Excellence Creme Permanent Hair Color, 4 Dark Brown, 100 percent Gray Coverage Hair Dye, Pack of 1</p><p>$10.97</p><a href="https://www.amazon.com/dp/B004INIW1Y?tag=eloabder-20&linkCode=osi&th=1&psc=1">View Product</a></div><div class="product"><a href="https://www.amazon.com/dp/B00TUM6QUC?tag=eloabder-20&linkCode=osi&th=1&psc=1"><img src="https://m.media-amazon.com/images/I/511vRRkzayL._SL500_.jpg" alt="Product Image"></a><p>Schwarzkopf Keratin Color Permanent Hair Color, 6.0 Delicate Praline, 1 Application - Salon Inspired Permanent Hair Dye, for up to 80% Less Breakage vs Untreated Hair and up to 100% Gray Coverage</p><p>$11.97</p><a href="https://www.amazon.com/dp/B00TUM6QUC?tag=eloabder-20&linkCode=osi&th=1&psc=1">View Product</a></div><div class="product"><a href="https://www.amazon.com/dp/B00006JN4M?tag=eloabder-20&linkCode=osi&th=1&psc=1"><img src="https://m.media-amazon.com/images/I/41YBT6aEgWL._SL500_.jpg" alt="Product Image"></a><p>L'Oreal Paris Superior Preference Fade-Defying + Shine Permanent Hair Color, 6 Light Brown, Pack of 1, Hair Dye</p><p>$11.97</p><a href="https://www.amazon.com/dp/B00006JN4M?tag=eloabder-20&linkCode=osi&th=1&psc=1">View Product</a></div><div class="product"><a href="https://www.amazon.com/dp/B07HXH48TF?tag=eloabder-20&linkCode=osi&th=1&psc=1"><img src="https://m.media-amazon.com/images/I/51VP1hHWq9L._SL500_.jpg" alt="Product Image"></a><p>Garnier Hair Color Nutrisse Nourishing Creme, 50 Medium Natural Brown (Truffle) Permanent Hair Dye, 2 Count (Packaging May Vary)</p><p>$16.98 ($8.49 / Count)</p><a href="https://www.amazon.com/dp/B07HXH48TF?tag=eloabder-20&linkCode=osi&th=1&psc=1">View Product</a></div><div class="product"><a href="https://www.amazon.com/dp/B001UMV18M?tag=eloabder-20&linkCode=osi&th=1&psc=1"><img src="https://m.media-amazon.com/images/I/51h21IlxAhL._SL500_.jpg" alt="Product Image"></a><p>Garnier Hair Color Nutrisse Nourishing Creme, 415 Soft Mahogany Brown (Raspberry Truffle) Permanent Hair Dye, 1 Count (Packaging May Vary)</p><p>$8.47</p><a href="https://www.amazon.com/dp/B001UMV18M?tag=eloabder-20&linkCode=osi&th=1&psc=1">View Product</a></div><div class="product"><a href="https://www.amazon.com/dp/B0B3KWJ242?tag=eloabder-20&linkCode=osi&th=1&psc=1"><img src="https://m.media-amazon.com/images/I/41fqsQmb0VL._SL500_.jpg" alt="Product Image"></a><p>COLORCHARM Demi Permanent Hair Color, 3N Medium Neutral Brown 2 oz</p><p>$9.99 ($5.00 / Fl Oz)</p><a href="https://www.amazon.com/dp/B0B3KWJ242?tag=eloabder-20&linkCode=osi&th=1&psc=1">View Product</a></div>
<div class="product"><a href="https://www.amazon.com/dp/B01ACPW1SG?tag=eloabder-20&linkCode=osi&th=1&psc=1"><img src="https://m.media-amazon.com/images/I/41aIRzbHxNL._SL500_.jpg" alt="Product Image"></a><p>CoverGirl & Olay Simply Ageless 3-in-1 Liquid Foundation, Matte Finish, Hyaluronic & Vitamin C Formula, Cruelty Free, Classic Ivory, 1 Count</p><p>$10.49</p><a href="https://www.amazon.com/dp/B01ACPW1SG?tag=eloabder-20&linkCode=osi&th=1&psc=1">View Product</a></div><div class="product"><a href="https://www.amazon.com/dp/B07MWSP8SG?tag=eloabder-20&linkCode=osi&th=1&psc=1"><img src="https://m.media-amazon.com/images/I/31B37fmqI7L._SL500_.jpg" alt="Product Image"></a><p>e.l.f. Flawless Finish Foundation, Improves Uneven Skin Tone, Lightweight, Medium Coverage & Semi-Matte, Vegan & Cruelty-Free, Beige 0.67 Fl Oz</p><p>$6.00</p><a href="https://www.amazon.com/dp/B07MWSP8SG?tag=eloabder-20&linkCode=osi&th=1&psc=1">View Product</a></div><div class="product"><a href="https://www.amazon.com/dp/B00PFCSUNC?tag=eloabder-20&linkCode=osi&th=1&psc=1"><img src="https://m.media-amazon.com/images/I/41FK6ukLnvL._SL500_.jpg" alt="Product Image"></a><p>Maybelline Fit Me Matte + Poreless Liquid Oil-Free Foundation Makeup, Natural Ivory, 1 Count (Packaging May Vary)</p><p>$7.10</p><a href="https://www.amazon.com/dp/B00PFCSUNC?tag=eloabder-20&linkCode=osi&th=1&psc=1">View Product</a></div><div class="product"><a href="https://www.amazon.com/dp/B0BCGZMTSY?tag=eloabder-20&linkCode=osi&th=1&psc=1"><img src="https://m.media-amazon.com/images/I/31Qa6QbmaiL._SL500_.jpg" alt="Product Image"></a><p>L'Oreal Paris True Match Super-Blendable Foundation, Medium Coverage Liquid Foundation Makeup, N3, Light Medium, 1 Fl Oz</p><p>$9.97</p><a href="https://www.amazon.com/dp/B0BCGZMTSY?tag=eloabder-20&linkCode=osi&th=1&psc=1">View Product</a></div><div class="product"><a href="https://www.amazon.com/dp/B000IEMGGE?tag=eloabder-20&linkCode=osi&th=1&psc=1"><img src="https://m.media-amazon.com/images/I/41RtSkNmHSL._SL500_.jpg" alt="Product Image"></a><p>LAURA GELLER NEW YORK Award-Winning Baked Balance-n-Brighten Color Correcting Powder Foundation - Fair - Buildable Light to Medium Coverage - Demi-Matte Natural Finish</p><p>$22.13</p><a href="https://www.amazon.com/dp/B000IEMGGE?tag=eloabder-20&linkCode=osi&th=1&psc=1">View Product</a></div><div class="product"><a href="https://www.amazon.com/dp/B01LMMZY6O?tag=eloabder-20&linkCode=osi&th=1&psc=1"><img src="https://m.media-amazon.com/images/I/41WWjJXCsFL._SL500_.jpg" alt="Product Image"></a><p>IT Cosmetics Your Skin But Better CC+ Cream, Medium (W) - Color Correcting Cream, Full-Coverage Foundation, Hydrating Serum & SPF 50+ Sunscreen - Natural Finish - 1.08 fl oz</p><p>$47.00 ($43.52 / Fl Oz)</p><a href="https://www.amazon.com/dp/B01LMMZY6O?tag=eloabder-20&linkCode=osi&th=1&psc=1">View Product</a></div><div class="product"><a href="https://www.amazon.com/dp/B07CVFY5PQ?tag=eloabder-20&linkCode=osi&th=1&psc=1"><img src="https://m.media-amazon.com/images/I/416VSGy4SKL._SL500_.jpg" alt="Product Image"></a><p>MagicMinerals AirBrush Foundation by Jerome Alexander – 2pc Set with Airbrush Foundation and Kabuki Brush - Spray Makeup with Anti-aging Ingredients for Smooth Radiant Skin - Medium</p><p>$19.99 ($11.11 / Fl Oz)</p><a href="https://www.amazon.com/dp/B07CVFY5PQ?tag=eloabder-20&linkCode=osi&th=1&psc=1">View Product</a></div><div class="product"><a href="https://www.amazon.com/dp/B0039UTUZE?tag=eloabder-20&linkCode=osi&th=1&psc=1"><img src="https://m.media-amazon.com/images/I/41eXDpZ835L._SL500_.jpg" alt="Product Image"></a><p>Revlon Liquid Foundation, ColorStay Face Makeup for Combination & Oily Skin, SPF 15, Medium-Full Coverage with Matte Finish, Natural Beige ((220), 1.0 oz</p><p>$9.70</p><a href="https://www.amazon.com/dp/B0039UTUZE?tag=eloabder-20&linkCode=osi&th=1&psc=1">View Product</a></div><div class="product"><a href="https://www.amazon.com/dp/B00I52QPAE?tag=eloabder-20&linkCode=osi&th=1&psc=1"><img src="https://m.media-amazon.com/images/I/317EDqzSg+L._SL500_.jpg" alt="Product Image"></a><p>Revlon Liquid Foundation, Age Defying 3XFace Makeup, Anti-Aging and Firming Formula, SPF 30, Longwear Medium Buildable Coverage with Natural Finish, 035 Natural Beige, 1 Fl Oz</p><p>$13.48</p><a href="https://www.amazon.com/dp/B00I52QPAE?tag=eloabder-20&linkCode=osi&th=1&psc=1">View Product</a></div><div class="product"><a href="https://www.amazon.com/dp/B07H621Q3H?tag=eloabder-20&linkCode=osi&th=1&psc=1"><img src="https://m.media-amazon.com/images/I/31JtVpLZ4FL._SL500_.jpg" alt="Product Image"></a><p>L'Oreal Paris Makeup Infallible Up to 32 Hour Fresh Wear Lightweight Foundation, 420 True Beige, 1 Fl Oz, Packaging May Vary</p><p>$11.98</p><a href="https://www.amazon.com/dp/B07H621Q3H?tag=eloabder-20&linkCode=osi&th=1&psc=1">View Product</a></div>
<div class="product"><a href="https://www.amazon.com/dp/B07Q9V4KMJ?tag=eloabder-20&linkCode=osi&th=1&psc=1"><img src="https://m.media-amazon.com/images/I/31pro1JWTCL._SL500_.jpg" alt="Product Image"></a><p>Maybelline Instant Age Rewind Eraser Dark Circles Treatment Multi-Use Concealer, 115, 1 Count (Packaging May Vary)</p><p>$8.42</p><a href="https://www.amazon.com/dp/B07Q9V4KMJ?tag=eloabder-20&linkCode=osi&th=1&psc=1">View Product</a></div><div class="product"><a href="https://www.amazon.com/dp/B07ZR14WBZ?tag=eloabder-20&linkCode=osi&th=1&psc=1"><img src="https://m.media-amazon.com/images/I/313ljymBVaL._SL500_.jpg" alt="Product Image"></a><p>e.l.f. Hydrating Camo Concealer, Lightweight, Full Coverage, Long Lasting, Conceals, Corrects, Covers, Hydrates, Highlights, Light Sand, Satin Finish, 25 Shades, All-Day Wear, 0.20 Fl Oz</p><p>$7.00</p><a href="https://www.amazon.com/dp/B07ZR14WBZ?tag=eloabder-20&linkCode=osi&th=1&psc=1">View Product</a></div><div class="product"><a href="https://www.amazon.com/dp/B0046VJV36?tag=eloabder-20&linkCode=osi&th=1&psc=1"><img src="https://m.media-amazon.com/images/I/31-ZFCLgLcL._SL500_.jpg" alt="Product Image"></a><p>Maybelline New York Fit Me Liquid Concealer Makeup, Natural Coverage, Lightweight, Conceals, Covers Oil-Free, Fair, 1 Count (Packaging May Vary)</p><p>$6.31</p><a href="https://www.amazon.com/dp/B0046VJV36?tag=eloabder-20&linkCode=osi&th=1&psc=1">View Product</a></div><div class="product"><a href="https://www.amazon.com/dp/B07ZR1CQHS?tag=eloabder-20&linkCode=osi&th=1&psc=1"><img src="https://m.media-amazon.com/images/I/31s0zWRX+4L._SL500_.jpg" alt="Product Image"></a><p>e.l.f. 16HR Camo Concealer, Full Coverage, Highly Pigmented Concealer With Matte Finish, Crease-proof, Vegan & Cruelty-Free, Light Ivory, 0.203 Fl Oz</p><p>$7.00</p><a href="https://www.amazon.com/dp/B07ZR1CQHS?tag=eloabder-20&linkCode=osi&th=1&psc=1">View Product</a></div><div class="product"><a href="https://www.amazon.com/dp/B009WI05BU?tag=eloabder-20&linkCode=osi&th=1&psc=1"><img src="https://m.media-amazon.com/images/I/312BFbzGKlL._SL500_.jpg" alt="Product Image"></a><p>L.A. Girl Pro Concealer, Fawn, 0.28 Oz (LAX-GC983-A)</p><p>$4.99</p><a href="https://www.amazon.com/dp/B009WI05BU?tag=eloabder-20&linkCode=osi&th=1&psc=1">View Product</a></div><div class="product"><a href="https://www.amazon.com/dp/B0814SLHQH?tag=eloabder-20&linkCode=osi&th=1&psc=1"><img src="https://m.media-amazon.com/images/I/312GW4aGnRL._SL500_.jpg" alt="Product Image"></a><p>Neutrogena Healthy Skin Radiant Brightening Cream Concealer with Peptides & Vitamin E Antioxidant,Lightweight Perfecting Concealer,Non-Comedogenic,Bisque Light/Medium 02 neutral undertones,0.24 oz</p><p>$5.62</p><a href="https://www.amazon.com/dp/B0814SLHQH?tag=eloabder-20&linkCode=osi&th=1&psc=1">View Product</a></div><div class="product"><a href="https://www.amazon.com/dp/B06XQWS1N9?tag=eloabder-20&linkCode=osi&th=1&psc=1"><img src="https://m.media-amazon.com/images/I/31rKumTg1GL._SL500_.jpg" alt="Product Image"></a><p>COVERGIRL Smoothers Concealer, Medium 715, 0.14 ounce (packaging may vary)</p><p>$7.28</p><a href="https://www.amazon.com/dp/B06XQWS1N9?tag=eloabder-20&linkCode=osi&th=1&psc=1">View Product</a></div><div class="product"><a href="https://www.amazon.com/dp/B07GWH2GDP?tag=eloabder-20&linkCode=osi&th=1&psc=1"><img src="https://m.media-amazon.com/images/I/41U+lbOEtuL._SL500_.jpg" alt="Product Image"></a><p>IT Cosmetics Bye Bye Under Eye Full Coverage Concealer - for Dark Circles, Fine Lines, Redness & Discoloration – Waterproof - Anti-Aging - Natural Finish – 0.4 fl oz</p><p>$17.40 ($43.50 / Fl Oz)</p><a href="https://www.amazon.com/dp/B07GWH2GDP?tag=eloabder-20&linkCode=osi&th=1&psc=1">View Product</a></div><div class="product"><a href="https://www.amazon.com/dp/B07H67H5LH?tag=eloabder-20&linkCode=osi&th=1&psc=1"><img src="https://m.media-amazon.com/images/I/31bWoYCj-nL._SL500_.jpg" alt="Product Image"></a><p>L'Oreal Paris Makeup Infallible Full Wear Waterproof Matte Concealer, Full Coverage, Ivory, 0.33 fl. oz.</p><p>$10.82</p><a href="https://www.amazon.com/dp/B07H67H5LH?tag=eloabder-20&linkCode=osi&th=1&psc=1">View Product</a></div><div class="product"><a href="https://www.amazon.com/dp/B0B51NLJWQ?tag=eloabder-20&linkCode=osi&th=1&psc=1"><img src="https://m.media-amazon.com/images/I/31GXqccxM0L._SL500_.jpg" alt="Product Image"></a><p>Fièra Luxury Concealer with Anti-Aging - All Day Coverage for Dark Circles, Fine Lines, Wrinkles & Spots - Neutral Beige, 0.5 Ounce</p><p>$27.00</p><a href="https://www.amazon.com/dp/B0B51NLJWQ?tag=eloabder-20&linkCode=osi&th=1&psc=1">View Product</a></div>
<div class="product"><a href="https://www.amazon.com/dp/B092JQ23N5?tag=eloabder-20&linkCode=osi&th=1&psc=1"><img src="https://m.media-amazon.com/images/I/51OUufwItlL._SL500_.jpg" alt="Product Image"></a><p>URBAN DECAY 24/7 Longwear Eyeshadow Single (Sin - Champagne Shimmer), High-Pigment Eye Shadow Compact, Smooth & Blendable Colors, Crease-free, Vegan - 0.06 oz</p><p>$22.00</p><a href="https://www.amazon.com/dp/B092JQ23N5?tag=eloabder-20&linkCode=osi&th=1&psc=1">View Product</a></div><div class="product"><a href="https://www.amazon.com/dp/B01IW02HX2?tag=eloabder-20&linkCode=osi&th=1&psc=1"><img src="https://m.media-amazon.com/images/I/510F-WOAL4L._SL500_.jpg" alt="Product Image"></a><p>NYX PROFESSIONAL MAKEUP Ultimate Shadow Palette, Eyeshadow Palette - Warm Neutrals</p><p>$12.40</p><a href="https://www.amazon.com/dp/B01IW02HX2?tag=eloabder-20&linkCode=osi&th=1&psc=1">View Product</a></div><div class="product"><a href="https://www.amazon.com/dp/B085WR3YDT?tag=eloabder-20&linkCode=osi&th=1&psc=1"><img src="https://m.media-amazon.com/images/I/41cuO8PyoTL._SL500_.jpg" alt="Product Image"></a><p>wet n wild Color Icon Cream Eyeshadow Multi-Stick, Moisturizing, Nourishing Velvety Cream-to-Powder Buildable & Blendable Formula, Cruelty-Free & Vegan - Champagne Room</p><p>$3.28</p><a href="https://www.amazon.com/dp/B085WR3YDT?tag=eloabder-20&linkCode=osi&th=1&psc=1">View Product</a></div><div class="product"><a href="https://www.amazon.com/dp/B00L5SMFJU?tag=eloabder-20&linkCode=osi&th=1&psc=1"><img src="https://m.media-amazon.com/images/I/41-WaM3A3tL._SL500_.jpg" alt="Product Image"></a><p>Covergirl Eye Enhancers Eye Shadow Palette, Natural Nudes, 0.19 Ounce</p><p>$4.97</p><a href="https://www.amazon.com/dp/B00L5SMFJU?tag=eloabder-20&linkCode=osi&th=1&psc=1">View Product</a></div><div class="product"><a href="https://www.amazon.com/dp/B01LW1983J?tag=eloabder-20&linkCode=osi&th=1&psc=1"><img src="https://m.media-amazon.com/images/I/51EsPf59XBL._SL500_.jpg" alt="Product Image"></a><p>Julep Eyeshadow 101 Crème to Powder Waterproof Eyeshadow Stick, Champagne Shimmer</p><p>$18.00</p><a href="https://www.amazon.com/dp/B01LW1983J?tag=eloabder-20&linkCode=osi&th=1&psc=1">View Product</a></div><div class="product"><a href="https://www.amazon.com/dp/B00UKP1M2K?tag=eloabder-20&linkCode=osi&th=1&psc=1"><img src="https://m.media-amazon.com/images/I/41hSsvPHKxL._SL500_.jpg" alt="Product Image"></a><p>Maybelline The Blushed Nudes Eyeshadow Palette Makeup, 12 Pigmented Matte & Shimmer Shades, Blendable Powder, 1 Count</p><p>$9.32</p><a href="https://www.amazon.com/dp/B00UKP1M2K?tag=eloabder-20&linkCode=osi&th=1&psc=1">View Product</a></div><div class="product"><a href="https://www.amazon.com/dp/B073ZBGLJF?tag=eloabder-20&linkCode=osi&th=1&psc=1"><img src="https://m.media-amazon.com/images/I/41go9Ug8AOL._SL500_.jpg" alt="Product Image"></a><p>BestLand 2 Pack 12 Colors Makeup Nude Colors Eyeshadow Palette Natural Nude Matte Shimmer Glitter Pigment Eye Shadow Pallete Set Waterproof Smokey Professional Beauty Makeup Kit (2 PCS)</p><p>$9.99</p><a href="https://www.amazon.com/dp/B073ZBGLJF?tag=eloabder-20&linkCode=osi&th=1&psc=1">View Product</a></div><div class="product"><a href="https://www.amazon.com/dp/B08RS6WNX7?tag=eloabder-20&linkCode=osi&th=1&psc=1"><img src="https://m.media-amazon.com/images/I/51qCii788PL._SL500_.jpg" alt="Product Image"></a><p>wet n wild Color Icon 5-Pan Palette Brown Walking On Eggshells</p><p>$3.19</p><a href="https://www.amazon.com/dp/B08RS6WNX7?tag=eloabder-20&linkCode=osi&th=1&psc=1">View Product</a></div><div class="product"><a href="https://www.amazon.com/dp/B0CV5ZTFCR?tag=eloabder-20&linkCode=osi&th=1&psc=1"><img src="https://m.media-amazon.com/images/I/21inptU-eJL._SL500_.jpg" alt="Product Image"></a><p>Covergirl Clean Eye Color, French Violet, Eyeshadow Sticks, Ultra Creamy Formula, Lightweight, Buildable Formula, Lasts All Day, Smudge-Proof, 0.05oz</p><p>$8.98</p><a href="https://www.amazon.com/dp/B0CV5ZTFCR?tag=eloabder-20&linkCode=osi&th=1&psc=1">View Product</a></div><div class="product"><a href="https://www.amazon.com/dp/B0CXF99TNQ?tag=eloabder-20&linkCode=osi&th=1&psc=1"><img src="https://m.media-amazon.com/images/I/31kCYsLvwwL._SL500_.jpg" alt="Product Image"></a><p>L'Oreal Paris Makeup Paradise Le Shadow Stick Eyeshadow, Blendable, Smudge-Resistant, Cream Eyeshadow, 120 Magnetic Mauve (Shimmering Lavender Mauve), 0.05 Oz</p><p>$9.98</p><a href="https://www.amazon.com/dp/B0CXF99TNQ?tag=eloabder-20&linkCode=osi&th=1&psc=1">View Product</a></div>
<div class="product"><a href="https://www.amazon.com/dp/B0BG7MWNNN?tag=eloabder-20&linkCode=osi&th=1&psc=1"><img src="https://m.media-amazon.com/images/I/41E8W4N+FkL._SL500_.jpg" alt="Product Image"></a><p>Prime Prometics PrimeLash Mascara for Older Women – Volumizing, Incredible Length in 2 Coats – Long-Stay, Zero Clumps, Hypoallergenic (Brown)</p><p>$28.00</p><a href="https://www.amazon.com/dp/B0BG7MWNNN?tag=eloabder-20&linkCode=osi&th=1&psc=1">View Product</a></div><div class="product"><a href="https://www.amazon.com/dp/B00T0C9XRK?tag=eloabder-20&linkCode=osi&th=1&psc=1"><img src="https://m.media-amazon.com/images/I/41IP2ZEXFNL._SL500_.jpg" alt="Product Image"></a><p>essence | Lash Princess False Lash Effect Mascara | Volumizing & Lengthening | Cruelty Free & Paraben Free</p><p>$4.99 ($12.17 / Fl Oz )</p><a href="https://www.amazon.com/dp/B00T0C9XRK?tag=eloabder-20&linkCode=osi&th=1&psc=1">View Product</a></div><div class="product"><a href="https://www.amazon.com/dp/B01DPA6OHO?tag=eloabder-20&linkCode=osi&th=1&psc=1"><img src="https://m.media-amazon.com/images/I/31xGLWu4IKL._SL500_.jpg" alt="Product Image"></a><p>L'Oreal Paris Makeup Voluminous Lash Boosting Conditioning Primer Mascara, White Primer, 0.24 fl; oz.</p><p>$8.98</p><a href="https://www.amazon.com/dp/B01DPA6OHO?tag=eloabder-20&linkCode=osi&th=1&psc=1">View Product</a></div><div class="product"><a href="https://www.amazon.com/dp/B004BD107O?tag=eloabder-20&linkCode=osi&th=1&psc=1"><img src="https://m.media-amazon.com/images/I/31OWqsdljyL._SL500_.jpg" alt="Product Image"></a><p>L'Oreal Paris Makeup Telescopic Original Lengthening Mascara, Blackest Black, 0.27 Fl Oz (1 Count)</p><p>$10.99</p><a href="https://www.amazon.com/dp/B004BD107O?tag=eloabder-20&linkCode=osi&th=1&psc=1">View Product</a></div><div class="product"><a href="https://www.amazon.com/dp/B06XF2TR11?tag=eloabder-20&linkCode=osi&th=1&psc=1"><img src="https://m.media-amazon.com/images/I/31B6RR270IL._SL500_.jpg" alt="Product Image"></a><p>L'Oreal Paris Voluminous Makeup Lash Paradise Mascara, Voluptuous Volume, Intense Length, Feathery Soft Full Lashes, No Flaking, No Smudging, No Clumping, Blackest Black, 1 Count</p><p>$9.97</p><a href="https://www.amazon.com/dp/B06XF2TR11?tag=eloabder-20&linkCode=osi&th=1&psc=1">View Product</a></div><div class="product"><a href="https://www.amazon.com/dp/B00PFCT2R0?tag=eloabder-20&linkCode=osi&th=1&psc=1"><img src="https://m.media-amazon.com/images/I/31RyE6ZtDIL._SL500_.jpg" alt="Product Image"></a><p>Maybelline Lash Sensational Washable Mascara, Lengthening and Volumizing for a Full Fan Effect, Blackest Black, 1 Count</p><p>$9.09</p><a href="https://www.amazon.com/dp/B00PFCT2R0?tag=eloabder-20&linkCode=osi&th=1&psc=1">View Product</a></div><div class="product"><a href="https://www.amazon.com/dp/B08TPCHYLW?tag=eloabder-20&linkCode=osi&th=1&psc=1"><img src="https://m.media-amazon.com/images/I/31EWIaihEwL._SL500_.jpg" alt="Product Image"></a><p>Lancôme Lash Idôle Lash-Lifting & Volumizing Mascara - Black Mascara for Instant Volume, Length & Lift - Smudge Proof & Up To 24H Wear - Black</p><p>$30.00 ($111.11 / Fl Oz)</p><a href="https://www.amazon.com/dp/B08TPCHYLW?tag=eloabder-20&linkCode=osi&th=1&psc=1">View Product</a></div><div class="product"><a href="https://www.amazon.com/dp/B08M96YZN1?tag=eloabder-20&linkCode=osi&th=1&psc=1"><img src="https://m.media-amazon.com/images/I/31ByMmFi-qL._SL500_.jpg" alt="Product Image"></a><p>CoverGirl Lash Blast Clean Volume Mascara, Vegan Formula, Volumizing, Smudge-Proof, Cruelty Free, Very Black, 1 Count</p><p>$9.37</p><a href="https://www.amazon.com/dp/B08M96YZN1?tag=eloabder-20&linkCode=osi&th=1&psc=1">View Product</a></div>
<div class="product"><a href="https://www.amazon.com/dp/B0C9TXLWLY?tag=eloabder-20&linkCode=osi&th=1&psc=1"><img src="https://m.media-amazon.com/images/I/31-5KVw5KDL._SL500_.jpg" alt="Product Image"></a><p>PRIME PROMETICS PrimeEyes Glide Eyeliner for Mature Women – Water-Resistant, Long-Stay and Mess-Proof – Gel Cream Texture, Discreet Sharpener and Effective Smudger (Black)</p><p>$28.00 ($28.00 / Count)</p><a href="https://www.amazon.com/dp/B0C9TXLWLY?tag=eloabder-20&linkCode=osi&th=1&psc=1">View Product</a></div><div class="product"><a href="https://www.amazon.com/dp/B07MWSXPT1?tag=eloabder-20&linkCode=osi&th=1&psc=1"><img src="https://m.media-amazon.com/images/I/315xthaPi6L._SL500_.jpg" alt="Product Image"></a><p>e.l.f. No Budge Retractable Eyeliner, Creamy, Ultra-Pigmented & Waterproof, Creates Bold & Defined Lines, Vegan & Cruelty-Free, Black 0.006 Oz</p><p>$4.00</p><a href="https://www.amazon.com/dp/B07MWSXPT1?tag=eloabder-20&linkCode=osi&th=1&psc=1">View Product</a></div><div class="product"><a href="https://www.amazon.com/dp/B074Y8LM6T?tag=eloabder-20&linkCode=osi&th=1&psc=1"><img src="https://m.media-amazon.com/images/I/316blXt1KxL._SL500_.jpg" alt="Product Image"></a><p>NYX PROFESSIONAL MAKEUP Epic Ink Liner, Waterproof Liquid Eyeliner - Black, Vegan Formula</p><p>$8.06</p><a href="https://www.amazon.com/dp/B074Y8LM6T?tag=eloabder-20&linkCode=osi&th=1&psc=1">View Product</a></div><div class="product"><a href="https://www.amazon.com/dp/B01J1A3TFW?tag=eloabder-20&linkCode=osi&th=1&psc=1"><img src="https://m.media-amazon.com/images/I/51z42sdOArL._SL500_.jpg" alt="Product Image"></a><p>Revlon Pencil Eyeliner, ColorStay Eye Makeup with Built-in Sharpener, Waterproof, Smudge-proof, Longwearing with Ultra-Fine Tip, 201 Black, 2 count (Pack of 1)</p><p>$11.38</p><a href="https://www.amazon.com/dp/B01J1A3TFW?tag=eloabder-20&linkCode=osi&th=1&psc=1">View Product</a></div><div class="product"><a href="https://www.amazon.com/dp/B07W8JJ61X?tag=eloabder-20&linkCode=osi&th=1&psc=1"><img src="https://m.media-amazon.com/images/I/31wj5vRROwL._SL500_.jpg" alt="Product Image"></a><p>Maybelline Hyper Easy Liquid Pen No-Skip Eyeliner, Satin Finish, Waterproof Formula, Pitch Black, 0.018 Fl Oz</p><p>$8.38</p><a href="https://www.amazon.com/dp/B07W8JJ61X?tag=eloabder-20&linkCode=osi&th=1&psc=1">View Product</a></div><div class="product"><a href="https://www.amazon.com/dp/B005G9E9FW?tag=eloabder-20&linkCode=osi&th=1&psc=1"><img src="https://m.media-amazon.com/images/I/51poZdEojrL._SL500_.jpg" alt="Product Image"></a><p>NYX PROFESSIONAL MAKEUP Vivid Rich Mechanical Eye Pencil, Vivid Rich Mechanical, Creamy Retractable Eyeliner - Smokin Topaz, Brown Eyeliner</p><p>$6.00</p><a href="https://www.amazon.com/dp/B005G9E9FW?tag=eloabder-20&linkCode=osi&th=1&psc=1">View Product</a></div><div class="product"><a href="https://www.amazon.com/dp/B07NX61ZHN?tag=eloabder-20&linkCode=osi&th=1&psc=1"><img src="https://m.media-amazon.com/images/I/31kQNTwJazL._SL500_.jpg" alt="Product Image"></a><p>Rimmel London exaggerate auto waterproof eye definer in blackest black, 2 Count</p><p>$6.97</p><a href="https://www.amazon.com/dp/B07NX61ZHN?tag=eloabder-20&linkCode=osi&th=1&psc=1">View Product</a></div><div class="product"><a href="https://www.amazon.com/dp/B0BQWT8R9K?tag=eloabder-20&linkCode=osi&th=1&psc=1"><img src="https://m.media-amazon.com/images/I/31F1asQuosL._SL500_.jpg" alt="Product Image"></a><p>wet n wild Breakup Proof Liquid Eyeliner - Ultra-Fine Brush, Waterproof, Long-Lasting - Cruelty-Free & Vegan - Ultra Black</p><p>$4.04</p><a href="https://www.amazon.com/dp/B0BQWT8R9K?tag=eloabder-20&linkCode=osi&th=1&psc=1">View Product</a></div><div class="product"><a href="https://www.amazon.com/dp/B082YPRCMM?tag=eloabder-20&linkCode=osi&th=1&psc=1"><img src="https://m.media-amazon.com/images/I/317ubI9GTBL._SL500_.jpg" alt="Product Image"></a><p>wet n wild Mega Last Breakup Proof Eyeliner, Quick Drying, Waterproof, 16-Hour Wear - Cruelty-Free & Vegan - Blackest Black</p><p>$2.28</p><a href="https://www.amazon.com/dp/B082YPRCMM?tag=eloabder-20&linkCode=osi&th=1&psc=1">View Product</a></div><div class="product"><a href="https://www.amazon.com/dp/B07GX832KD?tag=eloabder-20&linkCode=osi&th=1&psc=1"><img src="https://m.media-amazon.com/images/I/315wR2F58-L._SL500_.jpg" alt="Product Image"></a><p>Maybelline TattooStudio Long-Lasting Sharpenable Eyeliner Pencil, Glide on Smooth Gel Pigments with 36 Hour Wear, Waterproof, Deep Onyx, 1 Count</p><p>$6.66</p><a href="https://www.amazon.com/dp/B07GX832KD?tag=eloabder-20&linkCode=osi&th=1&psc=1">View Product</a></div>
<div class="product"><a href="https://www.amazon.com/dp/B09T8DQ1SG?tag=eloabder-20&linkCode=osi&th=1&psc=1"><img src="https://m.media-amazon.com/images/I/41gpuwrIhOL._SL500_.jpg" alt="Product Image"></a><p>Maybelline Super Stay Vinyl Ink Longwear No-Budge Liquid Lipcolor Makeup, Highly Pigmented Color and Instant Shine, Royal, Deep Wine Red Lipstick, 0.14 fl oz, 1 Count</p><p>$9.82</p><a href="https://www.amazon.com/dp/B09T8DQ1SG?tag=eloabder-20&linkCode=osi&th=1&psc=1">View Product</a></div><div class="product"><a href="https://www.amazon.com/dp/B004BCTEF0?tag=eloabder-20&linkCode=osi&th=1&psc=1"><img src="https://m.media-amazon.com/images/I/31G9f-P8tML._SL500_.jpg" alt="Product Image"></a><p>L’Oréal Paris Colour Riche Original Creamy, Hydrating Satin Lipstick with Argan Oil and Vitamin E, Saucy Mauve , 1 Count</p><p>$6.71</p><a href="https://www.amazon.com/dp/B004BCTEF0?tag=eloabder-20&linkCode=osi&th=1&psc=1">View Product</a></div><div class="product"><a href="https://www.amazon.com/dp/B08H4FSGDX?tag=eloabder-20&linkCode=osi&th=1&psc=1"><img src="https://m.media-amazon.com/images/I/31OAiyoloML._SL500_.jpg" alt="Product Image"></a><p>Maybelline Super Stay Matte Ink Liquid Lipstick Makeup, Long Lasting High Impact Color, Up to 16H Wear, Exhilarator, Ruby Red, 1 Count</p><p>$9.18</p><a href="https://www.amazon.com/dp/B08H4FSGDX?tag=eloabder-20&linkCode=osi&th=1&psc=1">View Product</a></div><div class="product"><a href="https://www.amazon.com/dp/B07XTTDTWR?tag=eloabder-20&linkCode=osi&th=1&psc=1"><img src="https://m.media-amazon.com/images/I/31M4QldCq3L._SL500_.jpg" alt="Product Image"></a><p>REVLON Lipstick, Super Lustrous Lipstick, Creamy Formula For Soft, Fuller-Looking Lips, Moisturized Feel in Nudes & Browns, Bare It All (755) 0.15 oz</p><p>$6.48</p><a href="https://www.amazon.com/dp/B07XTTDTWR?tag=eloabder-20&linkCode=osi&th=1&psc=1">View Product</a></div><div class="product"><a href="https://www.amazon.com/dp/B079KFP7NT?tag=eloabder-20&linkCode=osi&th=1&psc=1"><img src="https://m.media-amazon.com/images/I/41Ih8G0FSmL._SL500_.jpg" alt="Product Image"></a><p>wet n wild Silk Finish Lipstick, Hydrating Rich Buildable Lip Color, Formulated with Vitamins A,E, & Macadamia for Ultimate Hydration, Cruelty-Free & Vegan - Raging Red</p><p>$1.29</p><a href="https://www.amazon.com/dp/B079KFP7NT?tag=eloabder-20&linkCode=osi&th=1&psc=1">View Product</a></div><div class="product"><a href="https://www.amazon.com/dp/B002F3R44K?tag=eloabder-20&linkCode=osi&th=1&psc=1"><img src="https://m.media-amazon.com/images/I/41-gXIE96GL._SL500_.jpg" alt="Product Image"></a><p>Revlon Lipstick, Super Lustrous Lipstick, Creamy Formula For Soft, Fuller-Looking Lips, Moisturized Feel in Pinks, Pink In The Afternoon (415) 0.15 oz</p><p>$6.48</p><a href="https://www.amazon.com/dp/B002F3R44K?tag=eloabder-20&linkCode=osi&th=1&psc=1">View Product</a></div><div class="product"><a href="https://www.amazon.com/dp/B001LFER98?tag=eloabder-20&linkCode=osi&th=1&psc=1"><img src="https://m.media-amazon.com/images/I/41wezVKuIoL._SL500_.jpg" alt="Product Image"></a><p>REVLON Lipstick, Super Lustrous Lipstick, Creamy Formula For Soft, Fuller-Looking Lips, Moisturized Feel in Reds & Corals, Peach Me (628) 0.15 oz</p><p>$4.99</p><a href="https://www.amazon.com/dp/B001LFER98?tag=eloabder-20&linkCode=osi&th=1&psc=1">View Product</a></div><div class="product"><a href="https://www.amazon.com/dp/B082YQ2978?tag=eloabder-20&linkCode=osi&th=1&psc=1"><img src="https://m.media-amazon.com/images/I/31QsMhXUSeL._SL500_.jpg" alt="Product Image"></a><p>wet n wild Mega Last High-Shine Lipstick Lip Color, Infused with Seed Oils For a Nourishing High-Shine, Buildable & Blendable Creamy Color, Cruelty-Free & Vegan - Mad for Mauve</p><p>$2.28</p><a href="https://www.amazon.com/dp/B082YQ2978?tag=eloabder-20&linkCode=osi&th=1&psc=1">View Product</a></div>
<div class="product"><a href="https://www.amazon.com/dp/B09SP2XHKT?tag=eloabder-20&linkCode=osi&th=1&psc=1"><img src="https://m.media-amazon.com/images/I/31KGrScgA8L._SL500_.jpg" alt="Product Image"></a><p>NYX PROFESSIONAL MAKEUP Butter Gloss, Non-Sticky Lip Gloss - Sugar Glass (Clear)</p><p>$5.99</p><a href="https://www.amazon.com/dp/B09SP2XHKT?tag=eloabder-20&linkCode=osi&th=1&psc=1">View Product</a></div><div class="product"><a href="https://www.amazon.com/dp/B08GSTZ7ZW?tag=eloabder-20&linkCode=osi&th=1&psc=1"><img src="https://m.media-amazon.com/images/I/41nPuTtXVgL._SL500_.jpg" alt="Product Image"></a><p>Ruby Kisses Broadway Vita-Lip Clear Lip Gloss - Moisturizing, Hydrating, Nourishing with Mint, Rosehip, Coconut, Mango, Argan, Honey & Shea</p><p>$7.99 ($2.12 / Ounce)</p><a href="https://www.amazon.com/dp/B08GSTZ7ZW?tag=eloabder-20&linkCode=osi&th=1&psc=1">View Product</a></div><div class="product"><a href="https://www.amazon.com/dp/B015RPE14S?tag=eloabder-20&linkCode=osi&th=1&psc=1"><img src="https://m.media-amazon.com/images/I/31FRC3fz7EL._SL500_.jpg" alt="Product Image"></a><p>L.A. Colors High Shine Shea Butter Lip Gloss, Clear, 0.14 Ounce</p><p>$1.98</p><a href="https://www.amazon.com/dp/B015RPE14S?tag=eloabder-20&linkCode=osi&th=1&psc=1">View Product</a></div><div class="product"><a href="https://www.amazon.com/dp/B00Q26VWZI?tag=eloabder-20&linkCode=osi&th=1&psc=1"><img src="https://m.media-amazon.com/images/I/31Bqig96T0L._SL500_.jpg" alt="Product Image"></a><p>Rimmel Stay Glossy Lip Gloss - Non-Sticky and Lightweight Formula for Lip Color and Shine - 130 Blushing Belgraves, .18oz</p><p>$4.32</p><a href="https://www.amazon.com/dp/B00Q26VWZI?tag=eloabder-20&linkCode=osi&th=1&psc=1">View Product</a></div><div class="product"><a href="https://www.amazon.com/dp/B0C1MH8R2M?tag=eloabder-20&linkCode=osi&th=1&psc=1"><img src="https://m.media-amazon.com/images/I/31adT7DtBYL._SL500_.jpg" alt="Product Image"></a><p>Maybelline New York Lifter Gloss Hydrating Lip Gloss with Hyaluronic Acid, Gummy Bear, Sheer Light Pink, 1 Count</p><p>$8.98</p><a href="https://www.amazon.com/dp/B0C1MH8R2M?tag=eloabder-20&linkCode=osi&th=1&psc=1">View Product</a></div><div class="product"><a href="https://www.amazon.com/dp/B01N1ZC8JZ?tag=eloabder-20&linkCode=osi&th=1&psc=1"><img src="https://m.media-amazon.com/images/I/41fsaqWz6SL._SL500_.jpg" alt="Product Image"></a><p>Broadway Vita-Lip Clear Lip Gloss 0.47oz/14ml (5PCS Mint & Coconut & Rosehip & Mango Butter & Argan Oil) (5 PCS SET)</p><p>$5.99</p><a href="https://www.amazon.com/dp/B01N1ZC8JZ?tag=eloabder-20&linkCode=osi&th=1&psc=1">View Product</a></div><div class="product"><a href="https://www.amazon.com/dp/B07DY2QRF6?tag=eloabder-20&linkCode=osi&th=1&psc=1"><img src="https://m.media-amazon.com/images/I/31qXrVfhvCL._SL500_.jpg" alt="Product Image"></a><p>LANEIGE Lip Glowy Balm Berry: Hydrate, Glossy, Lightweight, Moisturize & Tint with Shea Butter</p><p>$19.00 ($54.29 / Ounce)</p><a href="https://www.amazon.com/dp/B07DY2QRF6?tag=eloabder-20&linkCode=osi&th=1&psc=1">View Product</a></div><div class="product"><a href="https://www.amazon.com/dp/B09DMGWJKY?tag=eloabder-20&linkCode=osi&th=1&psc=1"><img src="https://m.media-amazon.com/images/I/41nIFmIKHRL._SL500_.jpg" alt="Product Image"></a><p>Broadway Vita-Lip Clear Lip Gloss Moisturizing Hydrating Nourishing Long Lasting High Shine Glossy Lip Care Gloss 0.47oz/14ml (10 PCS SET)</p><p>$9.99</p><a href="https://www.amazon.com/dp/B09DMGWJKY?tag=eloabder-20&linkCode=osi&th=1&psc=1">View Product</a></div><div class="product"><a href="https://www.amazon.com/dp/B0BSR85M24?tag=eloabder-20&linkCode=osi&th=1&psc=1"><img src="https://m.media-amazon.com/images/I/31eKHNoE3KL._SL500_.jpg" alt="Product Image"></a><p>e.l.f. Lip Lacquer, Nourishing, Non-Sticky Ultra-Shine Lip Gloss With Sheer Color, Infused With Vitamins A & E, Vegan & Cruelty-Free, Whisper Pink</p><p>$3.00</p><a href="https://www.amazon.com/dp/B0BSR85M24?tag=eloabder-20&linkCode=osi&th=1&psc=1">View Product</a></div><div class="product"><a href="https://www.amazon.com/dp/B081C6PXZJ?tag=eloabder-20&linkCode=osi&th=1&psc=1"><img src="https://m.media-amazon.com/images/I/51+emO79aqL._SL500_.jpg" alt="Product Image"></a><p>NICKA K NEW YORK VARIETY SET OF 5 NK Hydrating Lip Gel - Vitamin E (Clear, Rosehip Oil, Bubble Gum, Cherry, Strawberry)</p><p>$5.43</p><a href="https://www.amazon.com/dp/B081C6PXZJ?tag=eloabder-20&linkCode=osi&th=1&psc=1">View Product</a></div>
<div class="product"><a href="https://www.amazon.com/dp/B07PNCB73M?tag=eloabder-20&linkCode=osi&th=1&psc=1"><img src="https://m.media-amazon.com/images/I/41+KYSFOLML._SL500_.jpg" alt="Product Image"></a><p>Milani Baked Blush - Petal Primavera (0.12 Ounce) Cruelty-Free Powder Blush - Shape, Contour & Highlight Face for a Shimmery or Matte Finish</p><p>$8.97</p><a href="https://www.amazon.com/dp/B07PNCB73M?tag=eloabder-20&linkCode=osi&th=1&psc=1">View Product</a></div><div class="product"><a href="https://www.amazon.com/dp/B0CZ5HLDK9?tag=eloabder-20&linkCode=osi&th=1&psc=1"><img src="https://m.media-amazon.com/images/I/41rZu1cS8QL._SL500_.jpg" alt="Product Image"></a><p>NYX PROFESSIONAL MAKEUP Buttermelt Powder Blush, Fade and Transfer-Resistant Blush, Up to 12HR Make Up Wear, Vegan Formula - For The Butta</p><p>$9.97</p><a href="https://www.amazon.com/dp/B0CZ5HLDK9?tag=eloabder-20&linkCode=osi&th=1&psc=1">View Product</a></div><div class="product"><a href="https://www.amazon.com/dp/B0CPFYGNR7?tag=eloabder-20&linkCode=osi&th=1&psc=1"><img src="https://m.media-amazon.com/images/I/31EJvMa7jyL._SL500_.jpg" alt="Product Image"></a><p>e.l.f. Camo Liquid Blush, Long-lasting Liquid Blush For High-pigment Color, Creates A Soft, Dewy Finish, Vegan & Cruelty-free, Dusty Rosé</p><p>$7.00</p><a href="https://www.amazon.com/dp/B0CPFYGNR7?tag=eloabder-20&linkCode=osi&th=1&psc=1">View Product</a></div><div class="product"><a href="https://www.amazon.com/dp/B06XDNPXD1?tag=eloabder-20&linkCode=osi&th=1&psc=1"><img src="https://m.media-amazon.com/images/I/41IryPTf51L._SL500_.jpg" alt="Product Image"></a><p>Maybelline Fit Me Powder Blush, Lightweight, Smooth, Blendable, Long-lasting All-Day Face Enhancing Makeup Color, Mauve, 1 Count</p><p>$4.62</p><a href="https://www.amazon.com/dp/B06XDNPXD1?tag=eloabder-20&linkCode=osi&th=1&psc=1">View Product</a></div><div class="product"><a href="https://www.amazon.com/dp/B082YPNTZ4?tag=eloabder-20&linkCode=osi&th=1&psc=1"><img src="https://m.media-amazon.com/images/I/41vtXkWXs8L._SL500_.jpg" alt="Product Image"></a><p>wet n wild Color Icon Blush, Effortless Glow & Seamless Blend infused with Luxuriously Smooth Jojoba Oil, Sheer Finish with a Matte Natural Glow, Cruelty-Free & Vegan - Pinch Me Pink</p><p>$3.28</p><a href="https://www.amazon.com/dp/B082YPNTZ4?tag=eloabder-20&linkCode=osi&th=1&psc=1">View Product</a></div><div class="product"><a href="https://www.amazon.com/dp/B0CPFWJJQJ?tag=eloabder-20&linkCode=osi&th=1&psc=1"><img src="https://m.media-amazon.com/images/I/41+GdEwyGqL._SL500_.jpg" alt="Product Image"></a><p>e.l.f. Primer-Infused Matte Blush, Long-Lasting, Lightweight & Buildable Powder Blush, Delivers A Matte Finish, Vegan & Cruelty-Free, Always Crushing</p><p>$7.00</p><a href="https://www.amazon.com/dp/B0CPFWJJQJ?tag=eloabder-20&linkCode=osi&th=1&psc=1">View Product</a></div><div class="product"><a href="https://www.amazon.com/dp/B0B64GX5LN?tag=eloabder-20&linkCode=osi&th=1&psc=1"><img src="https://m.media-amazon.com/images/I/31aZBeyUSsL._SL500_.jpg" alt="Product Image"></a><p>LAURA GELLER NEW YORK Serum Blush Tint, Lightweight Liquid Blush for Cheeks, Weightless Watercolor Sheer Finish, Practical Pink</p><p>$15.74</p><a href="https://www.amazon.com/dp/B0B64GX5LN?tag=eloabder-20&linkCode=osi&th=1&psc=1">View Product</a></div><div class="product"><a href="https://www.amazon.com/dp/B00J56D0G6?tag=eloabder-20&linkCode=osi&th=1&psc=1"><img src="https://m.media-amazon.com/images/I/31MVN0QAhfL._SL500_.jpg" alt="Product Image"></a><p>e.l.f. Cosmetics Powder Blush Palette, Four Blush Shades for Beautiful, Long-Lasting Pigment, Light</p><p>$6.00</p><a href="https://www.amazon.com/dp/B00J56D0G6?tag=eloabder-20&linkCode=osi&th=1&psc=1">View Product</a></div><div class="product"><a href="https://www.amazon.com/dp/B0BHFBBH25?tag=eloabder-20&linkCode=osi&th=1&psc=1"><img src="https://m.media-amazon.com/images/I/31uqOuPPf5L._SL500_.jpg" alt="Product Image"></a><p>SHEGLAM Color Bloom Liquid Blush Makeup for Cheeks Matte Finish - Love Cake</p><p>$6.99</p><a href="https://www.amazon.com/dp/B0BHFBBH25?tag=eloabder-20&linkCode=osi&th=1&psc=1">View Product</a></div><div class="product"><a href="https://www.amazon.com/dp/B07J47FHR1?tag=eloabder-20&linkCode=osi&th=1&psc=1"><img src="https://m.media-amazon.com/images/I/41Xyor9x2SL._SL500_.jpg" alt="Product Image"></a><p>Nars Blush in ORGASM Full Size 0.16 oz. / 4.8 g in Retail Box New Edition</p><p>$22.00</p><a href="https://www.amazon.com/dp/B07J47FHR1?tag=eloabder-20&linkCode=osi&th=1&psc=1">View Product</a></div>
<div class="product"><a href="https://www.amazon.com/dp/B018B8Q5Z6?tag=eloabder-20&linkCode=osi&th=1&psc=1"><img src="https://m.media-amazon.com/images/I/41D9ZHQRaSL._SL500_.jpg" alt="Product Image"></a><p>Physicians Formula Murumuru Butter Bronzer, Moisturizing, Nourishing Murumuru Butter Blend for Silky All-Day Luminous Glow, Dermatologist Tested, Hypoallergenic, Vegan & Cruelty-Free -Bronzer</p><p>$12.15</p><a href="https://www.amazon.com/dp/B018B8Q5Z6?tag=eloabder-20&linkCode=osi&th=1&psc=1">View Product</a></div><div class="product"><a href="https://www.amazon.com/dp/B001B0H82Q?tag=eloabder-20&linkCode=osi&th=1&psc=1"><img src="https://m.media-amazon.com/images/I/41I3B-YoLkL._SL500_.jpg" alt="Product Image"></a><p>Rimmel London Natural - 022 Sun Bronze - Bronzer, Matte Finish, 0.49oz</p><p>$3.97</p><a href="https://www.amazon.com/dp/B001B0H82Q?tag=eloabder-20&linkCode=osi&th=1&psc=1">View Product</a></div><div class="product"><a href="https://www.amazon.com/dp/B0BM5HX7DN?tag=eloabder-20&linkCode=osi&th=1&psc=1"><img src="https://m.media-amazon.com/images/I/41DwoHQgzsL._SL500_.jpg" alt="Product Image"></a><p>Benefit Hoola Matte Bronzer Mini 0.08 Ounce</p><p>$17.92</p><a href="https://www.amazon.com/dp/B0BM5HX7DN?tag=eloabder-20&linkCode=osi&th=1&psc=1">View Product</a></div><div class="product"><a href="https://www.amazon.com/dp/B07M7NGVW7?tag=eloabder-20&linkCode=osi&th=1&psc=1"><img src="https://m.media-amazon.com/images/I/51dvod9PjTL._SL500_.jpg" alt="Product Image"></a><p>wet n wild Color Icon Bronzer What Shady Beaches</p><p>$2.96</p><a href="https://www.amazon.com/dp/B07M7NGVW7?tag=eloabder-20&linkCode=osi&th=1&psc=1">View Product</a></div><div class="product"><a href="https://www.amazon.com/dp/B0CPFVTY7M?tag=eloabder-20&linkCode=osi&th=1&psc=1"><img src="https://m.media-amazon.com/images/I/41rO68Q0mlL._SL500_.jpg" alt="Product Image"></a><p>e.l.f. Primer-Infused Bronzer, Long-Lasting, Lightweight & Buildable Powder Bronzer, Delivers A Matte Finish, Vegan & Cruelty-Free, Fresh Tan</p><p>$7.00</p><a href="https://www.amazon.com/dp/B0CPFVTY7M?tag=eloabder-20&linkCode=osi&th=1&psc=1">View Product</a></div><div class="product"><a href="https://www.amazon.com/dp/B07ZR187P5?tag=eloabder-20&linkCode=osi&th=1&psc=1"><img src="https://m.media-amazon.com/images/I/410nkMFZLYL._SL500_.jpg" alt="Product Image"></a><p>e.l.f. Primer-infused Bronzer, Long-Wear, Matte, Bold, Lightweight, Blends Easily, Contours Cheeks, Forever Sun Kissed, All-Day Wear, 0.35 Oz</p><p>$7.00 ($20.00 / Ounce)</p><a href="https://www.amazon.com/dp/B07ZR187P5?tag=eloabder-20&linkCode=osi&th=1&psc=1">View Product</a></div><div class="product"><a href="https://www.amazon.com/dp/B00518N3VE?tag=eloabder-20&linkCode=osi&th=1&psc=1"><img src="https://m.media-amazon.com/images/I/41SzIseWK6L._SL500_.jpg" alt="Product Image"></a><p>Milani Baked Bronzer - Glow, Cruelty-Free Shimmer Bronzing Powder to Use For Contour Makeup, Highlighters Makeup, Bronzer Makeup, 0.25 Ounce</p><p>$9.97 ($39.88 / Ounce)</p><a href="https://www.amazon.com/dp/B00518N3VE?tag=eloabder-20&linkCode=osi&th=1&psc=1">View Product</a></div><div class="product"><a href="https://www.amazon.com/dp/B0CNTYPSSZ?tag=eloabder-20&linkCode=osi&th=1&psc=1"><img src="https://m.media-amazon.com/images/I/416D4Z7hQ8L._SL500_.jpg" alt="Product Image"></a><p>Milani Cheek Kiss Cream Bronzer-110 Hey Honey</p><p>$9.97</p><a href="https://www.amazon.com/dp/B0CNTYPSSZ?tag=eloabder-20&linkCode=osi&th=1&psc=1">View Product</a></div><div class="product"><a href="https://www.amazon.com/dp/B006WZ9O72?tag=eloabder-20&linkCode=osi&th=1&psc=1"><img src="https://m.media-amazon.com/images/I/51rDNo9JnqL._SL500_.jpg" alt="Product Image"></a><p>Physicians Formula Bronze Booster Glow-Boosting Season-to-Season, Customizable Seasonal Glow Glow, Lasting Tan Boost, Hypoallergenic Powder, Cruelty-Free & Hypoallergenic- Light-to-Medium</p><p>$12.98</p><a href="https://www.amazon.com/dp/B006WZ9O72?tag=eloabder-20&linkCode=osi&th=1&psc=1">View Product</a></div>
<div class="product"><a href="https://www.amazon.com/dp/B09288DSSX?tag=eloabder-20&linkCode=osi&th=1&psc=1"><img src="https://m.media-amazon.com/images/I/417z6evbmhL._SL500_.jpg" alt="Product Image"></a><p>KYDA Face Highlighter Palette, High Glossy Face Illuminator Palette, Narutal Glow Finish, Pearl Shimmer Smooth Baked Powder, Lasting Sparkling Highlighter Makeup-SUN GLOW</p><p>$9.99</p><a href="https://www.amazon.com/dp/B09288DSSX?tag=eloabder-20&linkCode=osi&th=1&psc=1">View Product</a></div><div class="product"><a href="https://www.amazon.com/dp/B082YPL2SV?tag=eloabder-20&linkCode=osi&th=1&psc=1"><img src="https://m.media-amazon.com/images/I/51Y+MCkwArL._SL500_.jpg" alt="Product Image"></a><p>Wet n Wild MegaGlo Blushlighter, Blendable Blush & Highlighter Set, Shimmery Metallic Finish, Highlight Bling</p><p>$5.47</p><a href="https://www.amazon.com/dp/B082YPL2SV?tag=eloabder-20&linkCode=osi&th=1&psc=1">View Product</a></div><div class="product"><a href="https://www.amazon.com/dp/B0C41PSDZF?tag=eloabder-20&linkCode=osi&th=1&psc=1"><img src="https://m.media-amazon.com/images/I/41FLNU-tL-L._SL500_.jpg" alt="Product Image"></a><p>NYX PROFESSIONAL MAKEUP, Jumbo Multi-Use Face Highlighter Stick - Vanilla Ice Cream</p><p>$7.97</p><a href="https://www.amazon.com/dp/B0C41PSDZF?tag=eloabder-20&linkCode=osi&th=1&psc=1">View Product</a></div><div class="product"><a href="https://www.amazon.com/dp/B0C6V67KJW?tag=eloabder-20&linkCode=osi&th=1&psc=1"><img src="https://m.media-amazon.com/images/I/31Yh8b8JEjL._SL500_.jpg" alt="Product Image"></a><p>e.l.f. Halo Glow Highlight Beauty Wand, Liquid Highlighter Wand For Luminous, Glowing Skin, Buildable Formula, Vegan & Cruelty-free,Champagne Campaign</p><p>$9.00</p><a href="https://www.amazon.com/dp/B0C6V67KJW?tag=eloabder-20&linkCode=osi&th=1&psc=1">View Product</a></div><div class="product"><a href="https://www.amazon.com/dp/B073WMG59J?tag=eloabder-20&linkCode=osi&th=1&psc=1"><img src="https://m.media-amazon.com/images/I/51fz8bpJNNL._SL500_.jpg" alt="Product Image"></a><p>wet n wild MegaGlo Highlighting Powder, Highlighter Makeup, Shimmer Glow, Pink Rose Gold Blossom Glow</p><p>$5.41</p><a href="https://www.amazon.com/dp/B073WMG59J?tag=eloabder-20&linkCode=osi&th=1&psc=1">View Product</a></div><div class="product"><a href="https://www.amazon.com/dp/B07QPY11KY?tag=eloabder-20&linkCode=osi&th=1&psc=1"><img src="https://m.media-amazon.com/images/I/312T7p8cW6L._SL500_.jpg" alt="Product Image"></a><p>Revolution Beauty, Reloaded Pressed Powder Highlighter, Intensely Pigmented for a High Impact Dewy Finish, Dare To Divulge, 0.22 Oz.</p><p>$6.91</p><a href="https://www.amazon.com/dp/B07QPY11KY?tag=eloabder-20&linkCode=osi&th=1&psc=1">View Product</a></div><div class="product"><a href="https://www.amazon.com/dp/B074PTZCNW?tag=eloabder-20&linkCode=osi&th=1&psc=1"><img src="https://m.media-amazon.com/images/I/31btEAGukiL._SL500_.jpg" alt="Product Image"></a><p>L'Oreal Paris Makeup True Match Lumi Glotion, Natural Glow Enhancer, Illuminator Highlighter Skin Tint, for an All Day Radiant Glow, Light, 1.35 Ounces</p><p>$12.81</p><a href="https://www.amazon.com/dp/B074PTZCNW?tag=eloabder-20&linkCode=osi&th=1&psc=1">View Product</a></div><div class="product"><a href="https://www.amazon.com/dp/B075K784FK?tag=eloabder-20&linkCode=osi&th=1&psc=1"><img src="https://m.media-amazon.com/images/I/51q6Nf009iL._SL500_.jpg" alt="Product Image"></a><p>Physicians Formula Murumuru Butter Highlighter Makeup Face Powder Make Up, Pearl, Dermatologist Approved</p><p>$10.00</p><a href="https://www.amazon.com/dp/B075K784FK?tag=eloabder-20&linkCode=osi&th=1&psc=1">View Product</a></div><div class="product"><a href="https://www.amazon.com/dp/B0BD9HYBKD?tag=eloabder-20&linkCode=osi&th=1&psc=1"><img src="https://m.media-amazon.com/images/I/319tXl8nMUL._SL500_.jpg" alt="Product Image"></a><p>LAURA GELLER NEW YORK Baked Natural Glow Highlighter Radiance Enhancing Makeup, French Vanilla</p><p>$18.99</p><a href="https://www.amazon.com/dp/B0BD9HYBKD?tag=eloabder-20&linkCode=osi&th=1&psc=1">View Product</a></div><div class="product"><a href="https://www.amazon.com/dp/B083574V27?tag=eloabder-20&linkCode=osi&th=1&psc=1"><img src="https://m.media-amazon.com/images/I/41fyFVpDrXL._SL500_.jpg" alt="Product Image"></a><p>Milani Baked Highlighter (Dolce Perla) - Cruelty-Free Powder Highlighter, Highlight Face for a Shimmery or Matte Finish</p><p>$10.97 ($39.18 / Ounce)</p><a href="https://www.amazon.com/dp/B083574V27?tag=eloabder-20&linkCode=osi&th=1&psc=1">View Product</a></div>
<div class="product"><a href="https://www.amazon.com/dp/B0CMHSNYG8?tag=eloabder-20&linkCode=osi&th=1&psc=1"><img src="https://m.media-amazon.com/images/I/51iVcKQ6eIL._SL500_.jpg" alt="Product Image"></a><p>JODSONE Gel Nail Set 20 Colors High Shine Gorgeous Gel Polish Base Top Matte Coat Nice Gifts Show Charm</p><p>$19.99</p><a href="https://www.amazon.com/dp/B0CMHSNYG8?tag=eloabder-20&linkCode=osi&th=1&psc=1">View Product</a></div><div class="product"><a href="https://www.amazon.com/dp/B09KC56289?tag=eloabder-20&linkCode=osi&th=1&psc=1"><img src="https://m.media-amazon.com/images/I/51M-P1nM7QL._SL500_.jpg" alt="Product Image"></a><p>JODSONE 36 PCS Gel Nail Polish Set-32 Colors Gel Polish Kit Base Coat Glossy Matte and Glitter Top Coat Nail Polish Set Green Blue Red Pink Collection Gifts for Women</p><p>$25.99</p><a href="https://www.amazon.com/dp/B09KC56289?tag=eloabder-20&linkCode=osi&th=1&psc=1">View Product</a></div><div class="product"><a href="https://www.amazon.com/dp/B00GXVVDG0?tag=eloabder-20&linkCode=osi&th=1&psc=1"><img src="https://m.media-amazon.com/images/I/21vF-y2FfJL._SL500_.jpg" alt="Product Image"></a><p>Essie Nail Polish, Salon-Quality, 8-free Vegan, Finish, Mademoiselle, 0.46 Ounces (Packaging May Vary) Sheer Pink</p><p>$8.99</p><a href="https://www.amazon.com/dp/B00GXVVDG0?tag=eloabder-20&linkCode=osi&th=1&psc=1">View Product</a></div><div class="product"><a href="https://www.amazon.com/dp/B0987JZSP8?tag=eloabder-20&linkCode=osi&th=1&psc=1"><img src="https://m.media-amazon.com/images/I/31VZYZfCKbL._SL500_.jpg" alt="Product Image"></a><p>OPI Nature Strong Vegan Nail Polish, Knowledge is Flower, Pink Nail Polish, Natural Origin, Cruelty-Free Nail Lacquer, 0.5 fl oz.</p><p>$12.99 ($25.98 / Fl Oz)</p><a href="https://www.amazon.com/dp/B0987JZSP8?tag=eloabder-20&linkCode=osi&th=1&psc=1">View Product</a></div><div class="product"><a href="https://www.amazon.com/dp/B0CYLRWVVF?tag=eloabder-20&linkCode=osi&th=1&psc=1"><img src="https://m.media-amazon.com/images/I/51G1EY8ny6L._SL500_.jpg" alt="Product Image"></a><p>modelones Pearl Nail Polish 6 Colors Shimmer Pearl White Pink Mermaid Purple Nail Polish Set Summer Quick Dry Nail Polish Finger Nail Polish Bulk Manicure Diy Nail Art Salon Home Gift For Women Girl</p><p>$12.99</p><a href="https://www.amazon.com/dp/B0CYLRWVVF?tag=eloabder-20&linkCode=osi&th=1&psc=1">View Product</a></div>
<div class="product"><a href="https://www.amazon.com/dp/B005HGWGVS?tag=eloabder-20&linkCode=osi&th=1&psc=1"><img src="https://m.media-amazon.com/images/I/41NVfMcQBQL._SL500_.jpg" alt="Product Image"></a><p>Hard As Hoof Nail Strengthening Cream with Coconut Scent, Nail Growth & Conditioning Cuticle Cream Stops Splits, Chips, Cracks & Strengthens Nails, 1 oz</p><p>$8.88</p><a href="https://www.amazon.com/dp/B005HGWGVS?tag=eloabder-20&linkCode=osi&th=1&psc=1">View Product</a></div><div class="product"><a href="https://www.amazon.com/dp/B08YMJ4X4B?tag=eloabder-20&linkCode=osi&th=1&psc=1"><img src="https://m.media-amazon.com/images/I/41JNcOM8lBL._SL500_.jpg" alt="Product Image"></a><p>C CARE Sweet Almond Cuticle Oil For Nails - Repairs Cuticles Overnight - Moisturizes and Strengthens Nails and Cuticles - Dropper & Brush included - 2.5oz</p><p>$5.97 ($2.39 / Fl Oz)</p><a href="https://www.amazon.com/dp/B08YMJ4X4B?tag=eloabder-20&linkCode=osi&th=1&psc=1">View Product</a></div><div class="product"><a href="https://www.amazon.com/dp/B0046MK34G?tag=eloabder-20&linkCode=osi&th=1&psc=1"><img src="https://m.media-amazon.com/images/I/41PPyJFVAlL._SL500_.jpg" alt="Product Image"></a><p>Sally Hansen Instant Cuticle Remover™, Nail Treatment, Fast Drying, Contains Aloe and Chamomile</p><p>$4.97</p><a href="https://www.amazon.com/dp/B0046MK34G?tag=eloabder-20&linkCode=osi&th=1&psc=1">View Product</a></div><div class="product"><a href="https://www.amazon.com/dp/B00F644LTQ?tag=eloabder-20&linkCode=osi&th=1&psc=1"><img src="https://m.media-amazon.com/images/I/31+v2SZDagL._SL500_.jpg" alt="Product Image"></a><p>Cuccio Naturale Revitalizing- Hydrating Oil For Repaired Cuticles Overnight - Remedy For Damaged Skin And Thin Nails - Paraben /Cruelty-Free Formula - Milk And Honey - 2.5 Oz</p><p>$9.48 ($3.79 / Fl Oz)</p><a href="https://www.amazon.com/dp/B00F644LTQ?tag=eloabder-20&linkCode=osi&th=1&psc=1">View Product</a></div><div class="product"><a href="https://www.amazon.com/dp/B007QBKX08?tag=eloabder-20&linkCode=osi&th=1&psc=1"><img src="https://m.media-amazon.com/images/I/51BgkFaTnpL._SL500_.jpg" alt="Product Image"></a><p>Nail Tek Repairs Damaged Nails kit.Intensive Therapy(.5OZ),Foundation(.5OZ)& Renew(.48OZ)</p><p>$14.95</p><a href="https://www.amazon.com/dp/B007QBKX08?tag=eloabder-20&linkCode=osi&th=1&psc=1">View Product</a></div>
<div class="product"><a href="https://www.amazon.com/dp/B017PCGAXQ?tag=eloabder-20&linkCode=osi&th=1&psc=1"><img src="https://m.media-amazon.com/images/I/31-daQlUgGL._SL500_.jpg" alt="Product Image"></a><p>Garnier Micellar Water For Waterproof Makeup, Hydrating Facial Cleanser & Makeup Remover, Suitable for Sensitive Skin, Vegan, Cruelty Free, 13.5 Fl Oz (400mL), 1 Count</p><p>$8.97 ($0.66 / Fl Oz)</p><a href="https://www.amazon.com/dp/B017PCGAXQ?tag=eloabder-20&linkCode=osi&th=1&psc=1">View Product</a></div><div class="product"><a href="https://www.amazon.com/dp/B017PCGABI?tag=eloabder-20&linkCode=osi&th=1&psc=1"><img src="https://m.media-amazon.com/images/I/3106WC85aAL._SL500_.jpg" alt="Product Image"></a><p>Garnier Micellar Water, Hydrating Facial Cleanser & Makeup Remover, Suitable for Sensitive Skin, Vegan, Cruelty Free, 13.5 Fl Oz (400mL), 1 Count</p><p>$8.97 ($0.66 / Fl Oz)</p><a href="https://www.amazon.com/dp/B017PCGABI?tag=eloabder-20&linkCode=osi&th=1&psc=1">View Product</a></div><div class="product"><a href="https://www.amazon.com/dp/B00U2VQZDS?tag=eloabder-20&linkCode=osi&th=1&psc=1"><img src="https://m.media-amazon.com/images/I/41VzZfHAKpL._SL500_.jpg" alt="Product Image"></a><p>Neutrogena Makeup Remover Wipes, Ultra-Soft Cleansing Facial Towelettes for Waterproof Makeup, Alcohol-Free, Plant-Based, Twin Pack, 25 Count (Pack of 2)</p><p>$9.16 ($0.18 / Count)</p><a href="https://www.amazon.com/dp/B00U2VQZDS?tag=eloabder-20&linkCode=osi&th=1&psc=1">View Product</a></div><div class="product"><a href="https://www.amazon.com/dp/B07T9JV956?tag=eloabder-20&linkCode=osi&th=1&psc=1"><img src="https://m.media-amazon.com/images/I/310x+0QrxsL._SL500_.jpg" alt="Product Image"></a><p>Neutrogena Gentle Oil-Free Eye Makeup Remover & Cleanser for Sensitive Eyes, Non-Greasy Makeup Remover, Removes Waterproof Mascara, Dermatologist & Ophthalmologist Tested, 8.0 fl. oz</p><p>$9.39 ($1.17 / Fl Oz)</p><a href="https://www.amazon.com/dp/B07T9JV956?tag=eloabder-20&linkCode=osi&th=1&psc=1">View Product</a></div><div class="product"><a href="https://www.amazon.com/dp/B01M31HY3S?tag=eloabder-20&linkCode=osi&th=1&psc=1"><img src="https://m.media-amazon.com/images/I/319i79e7f4L._SL500_.jpg" alt="Product Image"></a><p>Cetaphil Gentle Waterproof Makeup Remover, Mother's Day Gifts, Oil-Free Formula Suitable for Sensitive Skin, 6.0 Fluid Ounce</p><p>$9.87 ($1.64 / Fl Oz)</p><a href="https://www.amazon.com/dp/B01M31HY3S?tag=eloabder-20&linkCode=osi&th=1&psc=1">View Product</a></div><div class="product"><a href="https://www.amazon.com/dp/B07SS6LFRG?tag=eloabder-20&linkCode=osi&th=1&psc=1"><img src="https://m.media-amazon.com/images/I/31Mwa89HfCL._SL500_.jpg" alt="Product Image"></a><p>Amazon Basics Eye Makeup Remover, Removes Waterproof Mascara, Dermatologist Tested, Fragrance Free, 5.5 Fl Oz (Pack of 1)</p><p>$5.99 ($1.09 / Fl Oz)</p><a href="https://www.amazon.com/dp/B07SS6LFRG?tag=eloabder-20&linkCode=osi&th=1&psc=1">View Product</a></div><div class="product"><a href="https://www.amazon.com/dp/B08TQTT8LK?tag=eloabder-20&linkCode=osi&th=1&psc=1"><img src="https://m.media-amazon.com/images/I/31R-Y-dhjEL._SL500_.jpg" alt="Product Image"></a><p>e.l.f. Holy Hydration! Makeup Melting Cleansing Balm, Face Cleanser & Makeup Remover, Infused with Hyaluronic Acid to Hydrate Skin, 2 Oz</p><p>$11.00 ($5.50 / Ounce)</p><a href="https://www.amazon.com/dp/B08TQTT8LK?tag=eloabder-20&linkCode=osi&th=1&psc=1">View Product</a></div><div class="product"><a href="https://www.amazon.com/dp/B08Q3CQM7X?tag=eloabder-20&linkCode=osi&th=1&psc=1"><img src="https://m.media-amazon.com/images/I/31edyzkByfL._SL500_.jpg" alt="Product Image"></a><p>JUNO & Co. Clean 10 Cleansing Balm 10 Ingredients Makeup Remover 85g / 3.0oz</p><p>$14.99 ($5.00 / Ounce)</p><a href="https://www.amazon.com/dp/B08Q3CQM7X?tag=eloabder-20&linkCode=osi&th=1&psc=1">View Product</a></div><div class="product"><a href="https://www.amazon.com/dp/B0B1PP1XCM?tag=eloabder-20&linkCode=osi&th=1&psc=1"><img src="https://m.media-amazon.com/images/I/31kOCqV2+BL._SL500_.jpg" alt="Product Image"></a><p>CeraVe Cleansing Balm for Sensitive Skin | Hydrating Makeup Remover with Ceramides and Plant-based Jojoba Oil for Face | Non-Comedogenic Fragrance Free Non-Greasy |1.3 Ounces</p><p>$9.97 ($7.67 / Ounce)</p><a href="https://www.amazon.com/dp/B0B1PP1XCM?tag=eloabder-20&linkCode=osi&th=1&psc=1">View Product</a></div><div class="product"><a href="https://www.amazon.com/dp/B0BX65V1BZ?tag=eloabder-20&linkCode=osi&th=1&psc=1"><img src="https://m.media-amazon.com/images/I/31t6WiWvdDL._SL500_.jpg" alt="Product Image"></a><p>Prime Prometics PrimeSkin Beauty Water – Deeply Hydrating Pro-Age Make-Up Remover for Mature Women – Clean, One Swipe – for All Skin Types – pH balanced, Hypoallergenic</p><p>$27.00 ($5.29 / Fl Oz)</p><a href="https://www.amazon.com/dp/B0BX65V1BZ?tag=eloabder-20&linkCode=osi&th=1&psc=1">View Product</a></div>
<div class="product"><a href="https://www.amazon.com/dp/B07XC569XF?tag=eloabder-20&linkCode=osi&th=1&psc=1"><img src="https://m.media-amazon.com/images/I/4109uyzn-sL._SL500_.jpg" alt="Product Image"></a><p>Neutrogena Hydro Boost Facial Cleansing Towelettes + Hyaluronic Acid, Hydrating Makeup Remover Face Wipes Remove Dirt & Waterproof Makeup, Hypoallergenic, 100% Plant-Based Cloth, 2 x 25 ct</p><p>$13.20 ($0.26 / Count)</p><a href="https://www.amazon.com/dp/B07XC569XF?tag=eloabder-20&linkCode=osi&th=1&psc=1">View Product</a></div><div class="product"><a href="https://www.amazon.com/dp/B00479FP4Q?tag=eloabder-20&linkCode=osi&th=1&psc=1"><img src="https://m.media-amazon.com/images/I/41L2wro-FlL._SL500_.jpg" alt="Product Image"></a><p>Olay Daily Facials, Daily Clean Makeup Removing Facial Cleansing Wipes, 5-in-1 Water Activated Cloths, Exfoliates, Tones and Hydrates Skin, 66 count</p><p>$9.74 ($0.15 / Count)</p><a href="https://www.amazon.com/dp/B00479FP4Q?tag=eloabder-20&linkCode=osi&th=1&psc=1">View Product</a></div><div class="product"><a href="https://www.amazon.com/dp/B0864VDH6F?tag=eloabder-20&linkCode=osi&th=1&psc=1"><img src="https://m.media-amazon.com/images/I/418baEPkUdL._SL500_.jpg" alt="Product Image"></a><p>Amazon Basics Make Up Remover Wipes, Night Calming, 50 Count (2 Packs of 25) (Previously Solimo)</p><p>$7.93 ($0.16 / Count)</p><a href="https://www.amazon.com/dp/B0864VDH6F?tag=eloabder-20&linkCode=osi&th=1&psc=1">View Product</a></div><div class="product"><a href="https://www.amazon.com/dp/B093T3LQPP?tag=eloabder-20&linkCode=osi&th=1&psc=1"><img src="https://m.media-amazon.com/images/I/51mLU+qr6tL._SL500_.jpg" alt="Product Image"></a><p>Burt's Bees Rose Water Face Wipes, for All Skin Types, Hydrating Micellar Makeup Remover & Facial Cleansing Towelettes, 30 Ct (3-Pack)</p><p>$16.47 ($0.18 / Count)</p><a href="https://www.amazon.com/dp/B093T3LQPP?tag=eloabder-20&linkCode=osi&th=1&psc=1">View Product</a></div><div class="product"><a href="https://www.amazon.com/dp/B00NUJQG7Y?tag=eloabder-20&linkCode=osi&th=1&psc=1"><img src="https://m.media-amazon.com/images/I/51apu8FIluL._SL500_.jpg" alt="Product Image"></a><p>Burt's Bees Aloe Vera Face Wipes, for Sensitive Skin, Soothing Makeup Remover & Facial Cleansing Towelettes, 30 Ct. (3-Pack)</p><p>$16.41 ($0.18 / Count)</p><a href="https://www.amazon.com/dp/B00NUJQG7Y?tag=eloabder-20&linkCode=osi&th=1&psc=1">View Product</a></div><div class="product"><a href="https://www.amazon.com/dp/B09LXWPB1V?tag=eloabder-20&linkCode=osi&th=1&psc=1"><img src="https://m.media-amazon.com/images/I/4117i-jJMKL._SL500_.jpg" alt="Product Image"></a><p>CeraVe Hydrating Facial Cleansing Makeup Remover Wipes| Plant Based Face Biodegradable in Home Compost| Wash Cloth| Suitable for Sensitive Skin| Fragrance-free Non-comedogenic| 25 Count</p><p>$9.97 ($0.40 / Count)</p><a href="https://www.amazon.com/dp/B09LXWPB1V?tag=eloabder-20&linkCode=osi&th=1&psc=1">View Product</a></div><div class="product"><a href="https://www.amazon.com/dp/B006RFZ9IK?tag=eloabder-20&linkCode=osi&th=1&psc=1"><img src="https://m.media-amazon.com/images/I/41c4Ogejt9L._SL500_.jpg" alt="Product Image"></a><p>Bioré Daily Make Up Removing Cloths, Facial Cleansing Wipes with Dirt-grabbing Fibers for Deep Pore Cleansing without Oily Residue, 60 Count</p><p>$11.99 ($0.20 / Count)</p><a href="https://www.amazon.com/dp/B006RFZ9IK?tag=eloabder-20&linkCode=osi&th=1&psc=1">View Product</a></div><div class="product"><a href="https://www.amazon.com/dp/B01M4NFD2N?tag=eloabder-20&linkCode=osi&th=1&psc=1"><img src="https://m.media-amazon.com/images/I/41-iPdzYWDL._SL500_.jpg" alt="Product Image"></a><p>Cetaphil Gentle Makeup Removing Face Wipes, Daily Cleansing Facial Towelettes Gently Remove Makeup, Fragrance and Alcohol Free, 25 Count</p><p>$6.85 ($0.27 / Count)</p><a href="https://www.amazon.com/dp/B01M4NFD2N?tag=eloabder-20&linkCode=osi&th=1&psc=1">View Product</a></div><div class="product"><a href="https://www.amazon.com/dp/B0B644ZQLV?tag=eloabder-20&linkCode=osi&th=1&psc=1"><img src="https://m.media-amazon.com/images/I/41E5FGVZrnL._SL500_.jpg" alt="Product Image"></a><p>Cetaphil Face and Body Wipes, Gentle Skin Cleansing Cloths, 25 Count (Pack of 3), for Dry, Sensitive Skin, Flip Top Closure, Great for the Gym, Hypoallergenic, Fragrance Free</p><p>$20.91 ($0.28 / Count)</p><a href="https://www.amazon.com/dp/B0B644ZQLV?tag=eloabder-20&linkCode=osi&th=1&psc=1">View Product</a></div>
<div class="product"><a href="https://www.amazon.com/dp/B08RD6S5HF?tag=eloabder-20&linkCode=osi&th=1&psc=1"><img src="https://m.media-amazon.com/images/I/41uDw-xQNuL._SL500_.jpg" alt="Product Image"></a><p>BAIMEI IcyMe Gua Sha & Jade Roller Facial Tools Face Roller and Gua Sha Set for Puffiness and Redness Reducing Skin Care Routine, Self Care Gift for Men Women - Green</p><p>$9.99</p><a href="https://www.amazon.com/dp/B08RD6S5HF?tag=eloabder-20&linkCode=osi&th=1&psc=1">View Product</a></div><div class="product"><a href="https://www.amazon.com/dp/B09961TCV4?tag=eloabder-20&linkCode=osi&th=1&psc=1"><img src="https://m.media-amazon.com/images/I/41cLCDErk6L._SL500_.jpg" alt="Product Image"></a><p>huefull Gua Sha Facial Tools & Jade Roller Set for Skin Care, Reduce Puffiness and Improve Wrinkles, Guasha Tool for Face, Gua Sha Stone Self Care Gift for Woman Man</p><p>$7.99 ($4.00 / Count)</p><a href="https://www.amazon.com/dp/B09961TCV4?tag=eloabder-20&linkCode=osi&th=1&psc=1">View Product</a></div><div class="product"><a href="https://www.amazon.com/dp/B09P88YNZZ?tag=eloabder-20&linkCode=osi&th=1&psc=1"><img src="https://m.media-amazon.com/images/I/31gv5dz1KML._SL500_.jpg" alt="Product Image"></a><p>Ice Roller for Face and Eye, Ice Face Roller,Facial Beauty Ice Roller Skin Care Tools, Ice Facial Cube, Gua Sha Face Massage, Silicone Ice Mold for Face Beauty (Pink)</p><p>$5.99 ($1.20 / Ounce)</p><a href="https://www.amazon.com/dp/B09P88YNZZ?tag=eloabder-20&linkCode=osi&th=1&psc=1">View Product</a></div><div class="product"><a href="https://www.amazon.com/dp/B09V5TRZTS?tag=eloabder-20&linkCode=osi&th=1&psc=1"><img src="https://m.media-amazon.com/images/I/31NWpXealIL._SL500_.jpg" alt="Product Image"></a><p>ROSELYNBOUTIQUE Ice Roller for Face Wrinkles Fine Lines Puffiness Stick Massager Facial Skin Care Tools Self Care Gifts for Men Women (Green)</p><p>$6.39</p><a href="https://www.amazon.com/dp/B09V5TRZTS?tag=eloabder-20&linkCode=osi&th=1&psc=1">View Product</a></div><div class="product"><a href="https://www.amazon.com/dp/B0BR7YG7QH?tag=eloabder-20&linkCode=osi&th=1&psc=1"><img src="https://m.media-amazon.com/images/I/41gFogNe+dL._SL500_.jpg" alt="Product Image"></a><p>8 Pieces Triangle Powder Puff Face Soft Triangle Makeup Puff Velour Cosmetic Foundation Blender Sponge Beauty Makeup Tools</p><p>$3.99 ($0.50 / Count)</p><a href="https://www.amazon.com/dp/B0BR7YG7QH?tag=eloabder-20&linkCode=osi&th=1&psc=1">View Product</a></div><div class="product"><a href="https://www.amazon.com/dp/B09XJYZDVG?tag=eloabder-20&linkCode=osi&th=1&psc=1"><img src="https://m.media-amazon.com/images/I/41jMEmTiSQL._SL500_.jpg" alt="Product Image"></a><p>Aaiffey Eyeliner Applicator Kit, Eyeliner Tool with Eyeliner Cream Black Eyeliner Gel Reusable Silicone Eye Liner Applicator Waterproof Eyeliner Easy No-Skip (eyeliner tool +black eyeliner creams)</p><p>$9.98</p><a href="https://www.amazon.com/dp/B09XJYZDVG?tag=eloabder-20&linkCode=osi&th=1&psc=1">View Product</a></div>
<div class="product"><a href="https://www.amazon.com/dp/B075S543DR?tag=eloabder-20&linkCode=osi&th=1&psc=1"><img src="https://m.media-amazon.com/images/I/418N6a3fvaL._SL500_.jpg" alt="Product Image"></a><p>EcoTools Start The Day Beautifully 6 Piece Makeup Brush Set, Makeup Brushes For Eyeshadow, Blush, Concealer, & Foundation Application, Eco-Friendly, Gift Set, Synthetic Hair, Vegan & Cruelty-Free</p><p>$9.98</p><a href="https://www.amazon.com/dp/B075S543DR?tag=eloabder-20&linkCode=osi&th=1&psc=1">View Product</a></div><div class="product"><a href="https://www.amazon.com/dp/B07FTXBNVL?tag=eloabder-20&linkCode=osi&th=1&psc=1"><img src="https://m.media-amazon.com/images/I/41O4pc78hYL._SL500_.jpg" alt="Product Image"></a><p>Real Techniques 5 Piece Everyday Essentials Makeup Brush Set, Includes 4 Brushes & Makeup Sponge, For Foundation, Blush, Bronzer, Contour, Eyeshadow, & Powder, Travel Gift Set, Cruelty-Free & Vegan</p><p>$13.99</p><a href="https://www.amazon.com/dp/B07FTXBNVL?tag=eloabder-20&linkCode=osi&th=1&psc=1">View Product</a></div>
<div class="product"><a href="https://www.amazon.com/dp/B00WZQTCS8?tag=eloabder-20&linkCode=osi&th=1&psc=1"><img src="https://m.media-amazon.com/images/I/41iVoW5QboL._SL500_.jpg" alt="Product Image"></a><p>NYX PROFESSIONAL MAKEUP Micro Brow Pencil, Eyebrow Pencil - Espresso</p><p>$7.50</p><a href="https://www.amazon.com/dp/B00WZQTCS8?tag=eloabder-20&linkCode=osi&th=1&psc=1">View Product</a></div><div class="product"><a href="https://www.amazon.com/dp/B01643FI0I?tag=eloabder-20&linkCode=osi&th=1&psc=1"><img src="https://m.media-amazon.com/images/I/21w1DpgxRoL._SL500_.jpg" alt="Product Image"></a><p>L'Oreal Paris Makeup Brow Stylist Definer Waterproof Eyebrow Pencil, Ultra-Fine Mechanical Pencil, Draws Tiny Brow Hairs and Fills in Sparse Areas and Gaps, Dark Brunette, 0.003 Ounce (Pack of 1)</p><p>$8.98</p><a href="https://www.amazon.com/dp/B01643FI0I?tag=eloabder-20&linkCode=osi&th=1&psc=1">View Product</a></div><div class="product"><a href="https://www.amazon.com/dp/B0B52KG7YP?tag=eloabder-20&linkCode=osi&th=1&psc=1"><img src="https://m.media-amazon.com/images/I/31Mi4FEPxYL._SL500_.jpg" alt="Product Image"></a><p>e.l.f. Instant Lift Brow Pencil, Dual-Ended Precision Brow Pencils For Shaping & Defining Eyebrows, Vegan & Cruelty-Free, Neutral Brown, 2-Pack</p><p>$5.00</p><a href="https://www.amazon.com/dp/B0B52KG7YP?tag=eloabder-20&linkCode=osi&th=1&psc=1">View Product</a></div><div class="product"><a href="https://www.amazon.com/dp/B078KB7L4G?tag=eloabder-20&linkCode=osi&th=1&psc=1"><img src="https://m.media-amazon.com/images/I/31QF5SK3tzL._SL500_.jpg" alt="Product Image"></a><p>wet n wild Ultimate Eyebrow Retractable Definer Pencil, Medium Brown, Dual-Sided Brow Brush, Fine Tip, Shapes, Defines, Fills Brow Makeup</p><p>$2.74</p><a href="https://www.amazon.com/dp/B078KB7L4G?tag=eloabder-20&linkCode=osi&th=1&psc=1">View Product</a></div><div class="product"><a href="https://www.amazon.com/dp/B074VD4X7W?tag=eloabder-20&linkCode=osi&th=1&psc=1"><img src="https://m.media-amazon.com/images/I/41eK8J1W2rL._SL500_.jpg" alt="Product Image"></a><p>Maybelline Total Temptation Eyebrow Definer Pencil, Soft Brown, 1 Count</p><p>$8.99</p><a href="https://www.amazon.com/dp/B074VD4X7W?tag=eloabder-20&linkCode=osi&th=1&psc=1">View Product</a></div><div class="product"><a href="https://www.amazon.com/dp/B001ESKLZQ?tag=eloabder-20&linkCode=osi&th=1&psc=1"><img src="https://m.media-amazon.com/images/I/31bw47frHzS._SL500_.jpg" alt="Product Image"></a><p>COVERGIRL - Easy Breezy Brow Fill + Define Brow Pencil, Sharpener Included, Long-Lasting, Deeply Pigmented, Blendable Formula, 100% Cruelty-Free</p><p>$4.47</p><a href="https://www.amazon.com/dp/B001ESKLZQ?tag=eloabder-20&linkCode=osi&th=1&psc=1">View Product</a></div><div class="product"><a href="https://www.amazon.com/dp/B0D12PWNK6?tag=eloabder-20&linkCode=osi&th=1&psc=1"><img src="https://m.media-amazon.com/images/I/51u7eOlEtFL._SL500_.jpg" alt="Product Image"></a><p>iMethod Microblading Eyebrow Pen - Eyebrow Pencil Magical 2-in-1 Dual-Ended Eye Brow Pencils for Women with 4-Fork-Tip & Precise Brush-Tip Create Natural Hair-Like Brows, Last All-Day, Dark Brown</p><p>$14.97 ($14.97 / Count)</p><a href="https://www.amazon.com/dp/B0D12PWNK6?tag=eloabder-20&linkCode=osi&th=1&psc=1">View Product</a></div><div class="product"><a href="https://www.amazon.com/dp/B0CPFY8K8W?tag=eloabder-20&linkCode=osi&th=1&psc=1"><img src="https://m.media-amazon.com/images/I/21SmXiqZZYL._SL500_.jpg" alt="Product Image"></a><p>e.l.f. Instant Lift Waterproof Brow Pencil, Long-Lasting Eyebrow Pencil For Grooming & Shaping Brows, Vegan & Cruelty-free, Deep Brown</p><p>$4.00</p><a href="https://www.amazon.com/dp/B0CPFY8K8W?tag=eloabder-20&linkCode=osi&th=1&psc=1">View Product</a></div>
<div class="product"><a href="https://www.amazon.com/dp/B079B8BFR3?tag=eloabder-20&linkCode=osi&th=1&psc=1"><img src="https://m.media-amazon.com/images/I/41DSmndr3KL._SL500_.jpg" alt="Product Image"></a><p>KISS Looks So Natural, False Eyelashes, Shy', 12 mm, Includes 5 Pairs Of Lashes, Contact Lens Friendly, Easy to Apply, Reusable Strip Lashes, Glue On</p><p>$7.09</p><a href="https://www.amazon.com/dp/B079B8BFR3?tag=eloabder-20&linkCode=osi&th=1&psc=1">View Product</a></div><div class="product"><a href="https://www.amazon.com/dp/B09MQCDVM7?tag=eloabder-20&linkCode=osi&th=1&psc=1"><img src="https://m.media-amazon.com/images/I/510lQqrrVtL._SL500_.jpg" alt="Product Image"></a><p>False Eyelashes 14mm Faux 3D Mink Lashes Natural Look Fluffy Cat Eye Wispy Lashes Pack by Kiromiro, 14 Pairs</p><p>$8.89</p><a href="https://www.amazon.com/dp/B09MQCDVM7?tag=eloabder-20&linkCode=osi&th=1&psc=1">View Product</a></div><div class="product"><a href="https://www.amazon.com/dp/B00DS4EIEE?tag=eloabder-20&linkCode=osi&th=1&psc=1"><img src="https://m.media-amazon.com/images/I/415k4JSKxOL._SL500_.jpg" alt="Product Image"></a><p>KISS So Wispy, False Eyelashes, Style #11', 12 mm, Includes 5 Pairs Of Lashes, Contact Lens Friendly, Easy to Apply, Reusable Strip Lashes, Glue On, Mulitpack</p><p>$8.97 ($1.79 / Count)</p><a href="https://www.amazon.com/dp/B00DS4EIEE?tag=eloabder-20&linkCode=osi&th=1&psc=1">View Product</a></div><div class="product"><a href="https://www.amazon.com/dp/B0C5QK1QHP?tag=eloabder-20&linkCode=osi&th=1&psc=1"><img src="https://m.media-amazon.com/images/I/51eSQ4cj35L._SL500_.jpg" alt="Product Image"></a><p>Veleasha Lashes 5D Faux Mink Lashes 100% Handmade Luxurious Fake Eyelashes Lightweight Fluffy False Eyelashes 5 Pairs Pack (G2)</p><p>$6.98 ($1.40 / Count)</p><a href="https://www.amazon.com/dp/B0C5QK1QHP?tag=eloabder-20&linkCode=osi&th=1&psc=1">View Product</a></div><div class="product"><a href="https://www.amazon.com/dp/B0B1LRRTCH?tag=eloabder-20&linkCode=osi&th=1&psc=1"><img src="https://m.media-amazon.com/images/I/41gc2Df+nAL._SL500_.jpg" alt="Product Image"></a><p>GMAGICTOBO False Eyelashes Natural Half Lashes Short Wispy Clear Band Lashes Pack Cat Eye 3D Faux Mink Lashes Fake Eyelashes 7 Pairs Multipack</p><p>$8.59 ($1.23 / Count)</p><a href="https://www.amazon.com/dp/B0B1LRRTCH?tag=eloabder-20&linkCode=osi&th=1&psc=1">View Product</a></div><div class="product"><a href="https://www.amazon.com/dp/B08R6PR7ND?tag=eloabder-20&linkCode=osi&th=1&psc=1"><img src="https://m.media-amazon.com/images/I/41r4c3ZiCWL._SL500_.jpg" alt="Product Image"></a><p>KISS My Lash But Better, False Eyelashes, All Mine', 10 mm, Includes 1 Pair Of Lashes, Contact Lens Friendly, Easy to Apply, Reusable Strip Lashes, Glue-On</p><p>$3.97</p><a href="https://www.amazon.com/dp/B08R6PR7ND?tag=eloabder-20&linkCode=osi&th=1&psc=1">View Product</a></div><div class="product"><a href="https://www.amazon.com/dp/B0BX3YHN14?tag=eloabder-20&linkCode=osi&th=1&psc=1"><img src="https://m.media-amazon.com/images/I/51YYa1vTElL._SL500_.jpg" alt="Product Image"></a><p>KISS imPRESS Falsies False Eyelashes, Lash Clusters, Voluminous', 14 mm, Includes 20 Clusters, 1 applicator, Contact Lens Friendly, Easy to Apply, Reusable Strip Lashes</p><p>$12.72</p><a href="https://www.amazon.com/dp/B0BX3YHN14?tag=eloabder-20&linkCode=osi&th=1&psc=1">View Product</a></div><div class="product"><a href="https://www.amazon.com/dp/B00YYHHI1E?tag=eloabder-20&linkCode=osi&th=1&psc=1"><img src="https://m.media-amazon.com/images/I/419bv9iNI9L._SL500_.jpg" alt="Product Image"></a><p>Ardell False Eyelashes Demi Wispies Black, 1 pack (6 pairs per pack)</p><p>$9.74 ($1.95 / Count)</p><a href="https://www.amazon.com/dp/B00YYHHI1E?tag=eloabder-20&linkCode=osi&th=1&psc=1">View Product</a></div><div class="product"><a href="https://www.amazon.com/dp/B0CG5SY8J1?tag=eloabder-20&linkCode=osi&th=1&psc=1"><img src="https://m.media-amazon.com/images/I/41SWlZB3plL._SL500_.jpg" alt="Product Image"></a><p>Natural Lashes Natural Eyelashes Short Eyelashes Natural Look False Eyelashes Wispy Eye Lashes 10mm Small Lashes Fake Lashes K50</p><p>$7.93 ($1.13 / Count)</p><a href="https://www.amazon.com/dp/B0CG5SY8J1?tag=eloabder-20&linkCode=osi&th=1&psc=1">View Product</a></div><div class="product"><a href="https://www.amazon.com/dp/B08SPVMDTV?tag=eloabder-20&linkCode=osi&th=1&psc=1"><img src="https://m.media-amazon.com/images/I/41Q6wh0HacL._SL500_.jpg" alt="Product Image"></a><p>KISS Falscara Multipack False Eyelashes, Lash Clusters, Natural Wispy Wisps', 10mm-12mm-14mm, Includes 24 Assorted Lengths Wisps, Contact Lens Friendly, Easy to Apply, Reusable Strip Lashes</p><p>$6.47 ($0.27 / Count)</p><a href="https://www.amazon.com/dp/B08SPVMDTV?tag=eloabder-20&linkCode=osi&th=1&psc=1">View Product</a></div>
<div class="product"><a href="https://www.amazon.com/dp/B08ZYKFNLK?tag=eloabder-20&linkCode=osi&th=1&psc=1"><img src="https://m.media-amazon.com/images/I/41LSyt4W-HL._SL500_.jpg" alt="Product Image"></a><p>Makeup Sponge Set BS-MALL Blender Sponges 7 Pcs for Liquid, Cream, and Powder, Multi-colored with 1 Mini Makeup Sponge Pink (A-Pink）</p><p>$6.99 ($1.00 / Count)</p><a href="https://www.amazon.com/dp/B08ZYKFNLK?tag=eloabder-20&linkCode=osi&th=1&psc=1">View Product</a></div><div class="product"><a href="https://www.amazon.com/dp/B01F36JEXE?tag=eloabder-20&linkCode=osi&th=1&psc=1"><img src="https://m.media-amazon.com/images/I/41AHaVc97tL._SL500_.jpg" alt="Product Image"></a><p>BEAKEY Makeup Sponge 5 Pcs Set, Makeup Sponges for Foundation, Liquid, Cream and Powder. Latex-Free Boun Boun Beauty Sponge for Blending, Blender for Enhanced Make Up Application, Ideal Gift</p><p>$6.99 ($1.40 / Count)</p><a href="https://www.amazon.com/dp/B01F36JEXE?tag=eloabder-20&linkCode=osi&th=1&psc=1">View Product</a></div><div class="product"><a href="https://www.amazon.com/dp/B07VBNQ367?tag=eloabder-20&linkCode=osi&th=1&psc=1"><img src="https://m.media-amazon.com/images/I/41tK1+FK+ML._SL500_.jpg" alt="Product Image"></a><p>Beautyblender® | Original Pink Beauty Blender Makeup Sponge, Super-Soft Foam Easily Blends Foundations, Powders & Creams, Made in USA, Reusable, Washable, Streak Free Application, Vegan, Cruelty Free</p><p>$20.00</p><a href="https://www.amazon.com/dp/B07VBNQ367?tag=eloabder-20&linkCode=osi&th=1&psc=1">View Product</a></div><div class="product"><a href="https://www.amazon.com/dp/B013XJUWC0?tag=eloabder-20&linkCode=osi&th=1&psc=1"><img src="https://m.media-amazon.com/images/I/519iY4n1lHL._SL500_.jpg" alt="Product Image"></a><p>Aesthetica Cosmetics Beauty Sponge Blender - Latex Free and Vegan Makeup Sponge Blender - For Powder, Cream or Liquid Application - One Piece Make Up Sponge</p><p>$3.97</p><a href="https://www.amazon.com/dp/B013XJUWC0?tag=eloabder-20&linkCode=osi&th=1&psc=1">View Product</a></div><div class="product"><a href="https://www.amazon.com/dp/B08T79281H?tag=eloabder-20&linkCode=osi&th=1&psc=1"><img src="https://m.media-amazon.com/images/I/41OyxvePdBL._SL500_.jpg" alt="Product Image"></a><p>DUAIU 4 Pcs Makeup Sponge Set Beauty Sponge Foundation Blending Sponge, Flawless for Liquid, Cream, and Powder, Multi-colored Makeup Sponges with Storage Box</p><p>$4.99 ($1.25 / Count)</p><a href="https://www.amazon.com/dp/B08T79281H?tag=eloabder-20&linkCode=osi&th=1&psc=1">View Product</a></div><div class="product"><a href="https://www.amazon.com/dp/B00EUBPHR6?tag=eloabder-20&linkCode=osi&th=1&psc=1"><img src="https://m.media-amazon.com/images/I/31BZh7Bg7hL._SL500_.jpg" alt="Product Image"></a><p>Real Techniques Miracle Complexion Sponge, Makeup Blending Sponge, For Liquid & Cream Foundation, Offers Light To Medium Coverage, Natural, Dewy Makeup, Orange Sponge, Latex-Free Foam, 1 Count</p><p>$4.57</p><a href="https://www.amazon.com/dp/B00EUBPHR6?tag=eloabder-20&linkCode=osi&th=1&psc=1">View Product</a></div><div class="product"><a href="https://www.amazon.com/dp/B0CL2FKVH2?tag=eloabder-20&linkCode=osi&th=1&psc=1"><img src="https://m.media-amazon.com/images/I/41u81y8DJoL._SL500_.jpg" alt="Product Image"></a><p>14 Pcs Makeup Sponge Set,Beauty Sponges Blender with 4 Pcs Powder Puff and 4 Pcs Mini Make up Sponges Valentine's Day Gift,Mother's Day Gift for Women Liquid,Foundation,Powder,Concealer,Cream(Pink)</p><p>$8.99 ($0.64 / Count)</p><a href="https://www.amazon.com/dp/B0CL2FKVH2?tag=eloabder-20&linkCode=osi&th=1&psc=1">View Product</a></div><div class="product"><a href="https://www.amazon.com/dp/B0CTX1X4F1?tag=eloabder-20&linkCode=osi&th=1&psc=1"><img src="https://m.media-amazon.com/images/I/31dP1yTUmWL._SL500_.jpg" alt="Product Image"></a><p>GFOUNS 15 pcs Beauty blender Makeup Sponge Bulk:Blender Sponges 15 Pcs for Liquid, Cream, and Powder, Multi-colored Pink make up sponges for foundation</p><p>$5.99</p><a href="https://www.amazon.com/dp/B0CTX1X4F1?tag=eloabder-20&linkCode=osi&th=1&psc=1">View Product</a></div>
<div class="product"><a href="https://www.amazon.com/dp/B010CRFSTI?tag=eloabder-20&linkCode=osi&th=1&psc=1"><img src="https://m.media-amazon.com/images/I/41JQ+znx4gL._SL500_.jpg" alt="Product Image"></a><p>Conair Salon Results Hairbrush Set - Travel Hair Brush - Hairbrushes for All Hair Types - Travel size + Full-size Brush</p><p>$5.88 ($2.94 / Count)</p><a href="https://www.amazon.com/dp/B010CRFSTI?tag=eloabder-20&linkCode=osi&th=1&psc=1">View Product</a></div><div class="product"><a href="https://www.amazon.com/dp/B094DK6JNF?tag=eloabder-20&linkCode=osi&th=1&psc=1"><img src="https://m.media-amazon.com/images/I/31dF+T3k3nL._SL500_.jpg" alt="Product Image"></a><p>Wet Brush Original Detangler Hair Brush, Amazon Exclusive Aqua- Ultra-Soft IntelliFlex Bristles-Detangling Hairbrush Glides Through Tangles For All Hair Types (Wet Dry & Damaged Hair) - Women & Men</p><p>$8.99</p><a href="https://www.amazon.com/dp/B094DK6JNF?tag=eloabder-20&linkCode=osi&th=1&psc=1">View Product</a></div>

<div class="product"><a href="https://www.amazon.com/dp/B07KSQZ4MR?tag=eloabder-20&linkCode=osi&th=1&psc=1"><img src="https://m.media-amazon.com/images/I/31A-mCllrgL._SL500_.jpg" alt="Product Image"></a><p>Hot Tools Pro Artist Black Gold Evolve Ionic Salon Hair Flat Iron | Long-Lasting Finish for Straightening Hair, (1-1/4 in), HT7123BG</p><p>$61.50</p><a href="https://www.amazon.com/dp/B07KSQZ4MR?tag=eloabder-20&linkCode=osi&th=1&psc=1">View Product</a></div>
<div class="product"><a href="https://www.amazon.com/dp/B0027SU9JU?tag=eloabder-20&linkCode=osi&th=1&psc=1"><img src="https://m.media-amazon.com/images/I/31rfzenB9mL._SL500_.jpg" alt="Product Image"></a><p>REVLON Turbo Hair Dryer with Advanced Ionic Technology, Ceramic Coating | Turbo Heat and Cold Shot Features, 1875 Watts for Fast Drying and Shine (Silver)</p><p>$19.99</p><a href="https://www.amazon.com/dp/B0027SU9JU?tag=eloabder-20&linkCode=osi&th=1&psc=1">View Product</a></div>

<div class="product"><a href="https://www.amazon.com/dp/B07PBXXNCY?tag=eloabder-20&linkCode=osi&th=1&psc=1"><img src="https://m.media-amazon.com/images/I/31OVxUr+bUL._SL500_.jpg" alt="Product Image"></a><p>Clean Skin Club Clean Towels XL™, 100% USDA Biobased Face Towel, Disposable Face Towelette, Makeup Remover Dry Wipes, Ultra Soft, 50 Ct, 1 Pack</p><p>$17.95 ($0.36 / Count)</p><a href="https://www.amazon.com/dp/B07PBXXNCY?tag=eloabder-20&linkCode=osi&th=1&psc=1">View Product</a></div><div class="product"><a href="https://www.amazon.com/dp/B01LEJ5MSK?tag=eloabder-20&linkCode=osi&th=1&psc=1"><img src="https://m.media-amazon.com/images/I/418xEMrk6LL._SL500_.jpg" alt="Product Image"></a><p>COSRX Snail Mucin 92% Repair Cream, Daily Face Gel Moisturizer for Dry Skin, Acne-prone, Sensitive Skin, Not Tested on Animals, No Parabens, Korean Skincare (3.52 Fl Oz (Pack of 1))</p><p>$13.99 ($3.97 / Fl Oz)</p><a href="https://www.amazon.com/dp/B01LEJ5MSK?tag=eloabder-20&linkCode=osi&th=1&psc=1">View Product</a></div>
<div class="product"><a href="https://www.amazon.com/dp/B076FHJ3K5?tag=eloabder-20&linkCode=osi&th=1&psc=1"><img src="https://m.media-amazon.com/images/I/31QAqxeYpoL._SL500_.jpg" alt="Product Image"></a><p>Marc Anthony Leave-In Conditioner Spray & Detangler, Grow Long Biotin - Anti-Frizz Deep Conditioner For Split Ends & Breakage - Vitamin E, Caffeine & Ginseng for Curly, Dry & Damaged Hair</p><p>$7.67 ($0.91 / Fl Oz)</p><a href="https://www.amazon.com/dp/B076FHJ3K5?tag=eloabder-20&linkCode=osi&th=1&psc=1">View Product</a></div><div class="product"><a href="https://www.amazon.com/dp/B0B941W753?tag=eloabder-20&linkCode=osi&th=1&psc=1"><img src="https://m.media-amazon.com/images/I/3154MYZlHiL._SL500_.jpg" alt="Product Image"></a><p>MONDAY HAIRCARE Volume Shampoo + Conditioner Set (2 Pack) 12oz Each for Thin, Fine, and Oily Hair, Made from Coconut Oil, Ginger Extract, & Vitamin E, 100% Recyclable Bottles</p><p>$13.99 ($0.58 / Fl Oz)</p><a href="https://www.amazon.com/dp/B0B941W753?tag=eloabder-20&linkCode=osi&th=1&psc=1">View Product</a></div><div class="product"><a href="https://www.amazon.com/dp/B0CS29PK2J?tag=eloabder-20&linkCode=osi&th=1&psc=1"><img src="https://m.media-amazon.com/images/I/315FU9SHGsL._SL500_.jpg" alt="Product Image"></a><p>Monday Moisture Leave-in Conditioner 5 Oz</p><p>$5.41 ($1.08 / Fl Oz)</p><a href="https://www.amazon.com/dp/B0CS29PK2J?tag=eloabder-20&linkCode=osi&th=1&psc=1">View Product</a></div><div class="product"><a href="https://www.amazon.com/dp/B0B941XTDZ?tag=eloabder-20&linkCode=osi&th=1&psc=1"><img src="https://m.media-amazon.com/images/I/41eavjiNYyL._SL500_.jpg" alt="Product Image"></a><p>MONDAY HAIRCARE Moisture Shampoo + Conditioner Set for Dry, Coarse, Stressed, Coily & Curly Hair, Made from Coconut Oil, Rice Protein, Shea Butter, & Vitamin E, All-Natural, 12 Fl Oz (Pack of 2)</p><p>$13.99 ($0.58 / Fl Oz)</p><a href="https://www.amazon.com/dp/B0B941XTDZ?tag=eloabder-20&linkCode=osi&th=1&psc=1">View Product</a></div><div class="product"><a href="https://www.amazon.com/dp/B07N7PK9QK?tag=eloabder-20&linkCode=osi&th=1&psc=1"><img src="https://m.media-amazon.com/images/I/416K3ahcJsL._SL500_.jpg" alt="Product Image"></a><p>Mielle Organics Rosemary Mint Scalp & Hair Strengthening Oil for All Hair Types, 2 Ounce</p><p>$9.50 ($4.75 / Fl Oz)</p><a href="https://www.amazon.com/dp/B07N7PK9QK?tag=eloabder-20&linkCode=osi&th=1&psc=1">View Product</a></div><div class="product"><a href="https://www.amazon.com/dp/B005PV0FDG?tag=eloabder-20&linkCode=osi&th=1&psc=1"><img src="https://m.media-amazon.com/images/I/310l+q4ImxL._SL500_.jpg" alt="Product Image"></a><p>It's a 10 Haircare Miracle Leave-In product, 10 fl. oz.</p><p>$27.98 ($2.80 / Fl Oz)</p><a href="https://www.amazon.com/dp/B005PV0FDG?tag=eloabder-20&linkCode=osi&th=1&psc=1">View Product</a></div><div class="product"><a href="https://www.amazon.com/dp/B0C3K3XX95?tag=eloabder-20&linkCode=osi&th=1&psc=1"><img src="https://m.media-amazon.com/images/I/41+CLmIGVIL._SL500_.jpg" alt="Product Image"></a><p>MONDAY HAIRCARE Repair Shampoo and Conditioner Set 12oz for Dry to Damaged Hair, Made with Keratin, Coconut Oil, Shea Butter and Vitamin E</p><p>$13.99 ($0.58 / Fl Oz)</p><a href="https://www.amazon.com/dp/B0C3K3XX95?tag=eloabder-20&linkCode=osi&th=1&psc=1">View Product</a></div>
<div class="product"><a href="https://www.amazon.com/dp/B09F5L7756?tag=eloabder-20&linkCode=osi&th=1&psc=1"><img src="https://m.media-amazon.com/images/I/61qJVRNSjFL._SL500_.jpg" alt="Product Image"></a><p>Vaseline Intensive Care Cocoa Radiant For Glowing Skin 3 Count Body Gel Oil Body Oil Made with 100% Pure Cocoa Butter + Replenishing Oils 6.8oz</p><p>$19.44 ($0.95 / Fl Oz)</p><a href="https://www.amazon.com/dp/B09F5L7756?tag=eloabder-20&linkCode=osi&th=1&psc=1">View Product</a></div><div class="product"><a href="https://www.amazon.com/dp/B08T4FLJQZ?tag=eloabder-20&linkCode=osi&th=1&psc=1"><img src="https://m.media-amazon.com/images/I/317LIpGPZiL._SL500_.jpg" alt="Product Image"></a><p>Dove Scrub Brown Sugar & Coconut Butter For Silky Smooth Skin Body Scrub Exfoliates & Restores Skin's Natural Nutrients 10.5 oz</p><p>$6.97 ($0.66 / Ounce)</p><a href="https://www.amazon.com/dp/B08T4FLJQZ?tag=eloabder-20&linkCode=osi&th=1&psc=1">View Product</a></div><div class="product"><a href="https://www.amazon.com/dp/B0CNKZW8HL?tag=eloabder-20&linkCode=osi&th=1&psc=1"><img src="https://m.media-amazon.com/images/I/61vGHE3wEWL._SL500_.jpg" alt="Product Image"></a><p>Dove Men+Care Body Wash Sandalwood + Cardamom Oil to Rebuild Skin in the Shower with Plant-Based Cleansers and Moisturizers 26 oz</p><p>$9.97 ($0.38 / Fl Oz)</p><a href="https://www.amazon.com/dp/B0CNKZW8HL?tag=eloabder-20&linkCode=osi&th=1&psc=1">View Product</a></div><div class="product"><a href="https://www.amazon.com/dp/B089NCFBQZ?tag=eloabder-20&linkCode=osi&th=1&psc=1"><img src="https://m.media-amazon.com/images/I/41WGBM4YipL._SL500_.jpg" alt="Product Image"></a><p>Vaseline Illuminate Me Shimmering Body Oil Created for Melanin Rich Skin, Illuminates Skin with Finishing Touch of Shimmer for Glowing Skin 3.3 oz</p><p>$8.75 ($2.65 / Fl Oz)</p><a href="https://www.amazon.com/dp/B089NCFBQZ?tag=eloabder-20&linkCode=osi&th=1&psc=1">View Product</a></div><div class="product"><a href="https://www.amazon.com/dp/B0CNL19TQG?tag=eloabder-20&linkCode=osi&th=1&psc=1"><img src="https://m.media-amazon.com/images/I/61kqkkFXOkL._SL500_.jpg" alt="Product Image"></a><p>Dove Men+Care Body Wash Eucalyptus + Cedar Oil to Rebuild Skin in the Shower with Plant-Based Cleansers and Moisturizers 26 oz</p><p>$9.99 ($0.38 / Fl Oz)</p><a href="https://www.amazon.com/dp/B0CNL19TQG?tag=eloabder-20&linkCode=osi&th=1&psc=1">View Product</a></div><div class="product"><a href="https://www.amazon.com/dp/B07HMDGJCJ?tag=eloabder-20&linkCode=osi&th=1&psc=1"><img src="https://m.media-amazon.com/images/I/31TuC5EJeNL._SL500_.jpg" alt="Product Image"></a><p>SOL DE JANEIRO 4 Play Moisturizing Shower Cream Gel Body Wash 90mL</p><p>$10.00 ($3.33 / Fl Oz)</p><a href="https://www.amazon.com/dp/B07HMDGJCJ?tag=eloabder-20&linkCode=osi&th=1&psc=1">View Product</a></div>
<div class="product"><a href="https://www.amazon.com/dp/B00HVI8WYU?tag=eloabder-20&linkCode=osi&th=1&psc=1"><img src="https://m.media-amazon.com/images/I/31educzzSsL._SL500_.jpg" alt="Product Image"></a><p>e.l.f. Hydrating Face Primer, Makeup Primer For Flawless, Smooth Skin & Long-Lasting Makeup, Fills In Pores & Fine Lines, Vegan & Cruelty-free, Small</p><p>$8.00</p><a href="https://www.amazon.com/dp/B00HVI8WYU?tag=eloabder-20&linkCode=osi&th=1&psc=1">View Product</a></div><div class="product"><a href="https://www.amazon.com/dp/B088W7L534?tag=eloabder-20&linkCode=osi&th=1&psc=1"><img src="https://m.media-amazon.com/images/I/31A5rZUAKyL._SL500_.jpg" alt="Product Image"></a><p>e.l.f. Monochromatic Multi Stick, Luxuriously Creamy & Blendable Color, For Eyes, Lips & Cheeks, Dazzling Peony, 0.17 oz (5 g)</p><p>$5.00</p><a href="https://www.amazon.com/dp/B088W7L534?tag=eloabder-20&linkCode=osi&th=1&psc=1">View Product</a></div><div class="product"><a href="https://www.amazon.com/dp/B0CMJZ8G6Y?tag=eloabder-20&linkCode=osi&th=1&psc=1"><img src="https://m.media-amazon.com/images/I/31KdGu0F8vL._SL500_.jpg" alt="Product Image"></a><p>e.l.f. Glow Reviver Lip Oil, Nourishing Tinted Lip Oil For A High-shine Finish, Infused With Jojoba Oil, Vegan & Cruelty-free, Rose Envy</p><p>$8.00</p><a href="https://www.amazon.com/dp/B0CMJZ8G6Y?tag=eloabder-20&linkCode=osi&th=1&psc=1">View Product</a></div><div class="product"><a href="https://www.amazon.com/dp/B08H3JPH74?tag=eloabder-20&linkCode=osi&th=1&psc=1"><img src="https://m.media-amazon.com/images/I/31hf532TEHL._SL500_.jpg" alt="Product Image"></a><p>Maybelline Lash Sensational Sky High Washable Mascara Makeup, Volumizing, Lengthening, Defining, Curling, Multiplying, Buildable Formula, Blackest Black, 1 Count</p><p>$9.98</p><a href="https://www.amazon.com/dp/B08H3JPH74?tag=eloabder-20&linkCode=osi&th=1&psc=1">View Product</a></div>
<div class="product"><a href="https://www.amazon.com/dp/B09C8VNWBP?tag=eloabder-20&linkCode=osi&th=1&psc=1"><img src="https://m.media-amazon.com/images/I/31ObnTRpJ5L._SL500_.jpg" alt="Product Image"></a><p>Lattafa Yara for Women Eau de Parfum Spray, 3.40 Ounce / 100 ml</p><p>$22.77 ($6.70 / Fl Oz)</p><a href="https://www.amazon.com/dp/B09C8VNWBP?tag=eloabder-20&linkCode=osi&th=1&psc=1">View Product</a></div><div class="product"><a href="https://www.amazon.com/dp/B000E7WHCI?tag=eloabder-20&linkCode=osi&th=1&psc=1"><img src="https://m.media-amazon.com/images/I/31V1XkKkWXL._SL500_.jpg" alt="Product Image"></a><p>Vera Wang Eau de Parfum for Women - Delicate, Floral Scent - Notes of Iris, Lillies, & Sandalwood - Feminine & Subtle - 3.4 Fl Oz</p><p>$26.47 ($7.79 / Fl Oz)</p><a href="https://www.amazon.com/dp/B000E7WHCI?tag=eloabder-20&linkCode=osi&th=1&psc=1">View Product</a></div><div class="product"><a href="https://www.amazon.com/dp/B0B1HB719V?tag=eloabder-20&linkCode=osi&th=1&psc=1"><img src="https://m.media-amazon.com/images/I/31R9CfuokSL._SL500_.jpg" alt="Product Image"></a><p>Sol de Janeiro Cheirosa '68 Hair & Body Fragrance Mist 90mL/3.0 fl oz.</p><p>$24.00 ($8.00 / Fl Oz)</p><a href="https://www.amazon.com/dp/B0B1HB719V?tag=eloabder-20&linkCode=osi&th=1&psc=1">View Product</a></div><div class="product"><a href="https://www.amazon.com/dp/B01KYRUBT8?tag=eloabder-20&linkCode=osi&th=1&psc=1"><img src="https://m.media-amazon.com/images/I/41BYbHm20iL._SL500_.jpg" alt="Product Image"></a><p>Al-Rehab Choco Musk Eau de Parfum Spray for Women, 1.7 Ounce</p><p>$7.80 ($4.59 / Fl Oz)</p><a href="https://www.amazon.com/dp/B01KYRUBT8?tag=eloabder-20&linkCode=osi&th=1&psc=1">View Product</a></div><div class="product"><a href="https://www.amazon.com/dp/B07NJJZK3W?tag=eloabder-20&linkCode=osi&th=1&psc=1"><img src="https://m.media-amazon.com/images/I/41YNfQAjjLL._SL500_.jpg" alt="Product Image"></a><p>Swiss Arabian Layali Rouge - Luxury Products From Dubai - Lasting And Addictive Personal Perfume Oil Fragrance - A Seductive, Signature Aroma - The Luxurious Scent Of Arabia - 0.5 Oz</p><p>$23.48 ($46.96 / Fl Oz)</p><a href="https://www.amazon.com/dp/B07NJJZK3W?tag=eloabder-20&linkCode=osi&th=1&psc=1">View Product</a></div><div class="product"><a href="https://www.amazon.com/dp/B000JL7WQK?tag=eloabder-20&linkCode=osi&th=1&psc=1"><img src="https://m.media-amazon.com/images/I/41WJsYdkRbL._SL500_.jpg" alt="Product Image"></a><p>Vera Wang Princess Eau de Toilette Spray for Women, Vanilla, 3.4 Fl Ounce</p><p>$25.49 ($7.50 / Fl Oz)</p><a href="https://www.amazon.com/dp/B000JL7WQK?tag=eloabder-20&linkCode=osi&th=1&psc=1">View Product</a></div><div class="product"><a href="https://www.amazon.com/dp/B000C1Z5AW?tag=eloabder-20&linkCode=osi&th=1&psc=1"><img src="https://m.media-amazon.com/images/I/31pCnWTh3yL._SL500_.jpg" alt="Product Image"></a><p>Pleasures By Estee Lauder For Women. Eau De Parfum Spray 3.4 Ounces</p><p>$35.00 ($10.29 / Fl Oz)</p><a href="https://www.amazon.com/dp/B000C1Z5AW?tag=eloabder-20&linkCode=osi&th=1&psc=1">View Product</a></div><div class="product"><a href="https://www.amazon.com/dp/B000P22TIY?tag=eloabder-20&linkCode=osi&th=1&psc=1"><img src="https://m.media-amazon.com/images/I/31h9AoIGn3L._SL500_.jpg" alt="Product Image"></a><p>Nautica Voyage Eau De Toilette for Men - Fresh, Romantic, Fruity Scent Woody, Aquatic Notes of Apple, Water Lotus, Cedarwood, and Musk Ideal Day Wear 3.3 Fl Oz</p><p>$18.90 ($5.73 / Fl Oz)</p><a href="https://www.amazon.com/dp/B000P22TIY?tag=eloabder-20&linkCode=osi&th=1&psc=1">View Product</a></div><div class="product"><a href="https://www.amazon.com/dp/B00GZP041Y?tag=eloabder-20&linkCode=osi&th=1&psc=1"><img src="https://m.media-amazon.com/images/I/41-2Bb4gj+L._SL500_.jpg" alt="Product Image"></a><p>Versace Bright Crystal Absolu Eau de Perfume Spray, 3.0 Ounce</p><p>$52.67 ($17.56 / Fl Oz)</p><a href="https://www.amazon.com/dp/B00GZP041Y?tag=eloabder-20&linkCode=osi&th=1&psc=1">View Product</a></div>





<div class="product"><a href="https://www.amazon.com/dp/B0B2RM68G2?tag=eloabder-20&linkCode=osi&th=1&psc=1"><img src="https://m.media-amazon.com/images/I/41VafG53fjL._SL500_.jpg" alt="Product Image"></a><p>BIODANCE Bio-Collagen Real Deep Mask, Hydrating Overnight Hydrogel Mask, Pore Minimizing, Elasticity Improvement, 34g x4ea</p><p>$19.00 ($4.75 / Count)</p><a href="https://www.amazon.com/dp/B0B2RM68G2?tag=eloabder-20&linkCode=osi&th=1&psc=1">View Product</a></div><div class="product"><a href="https://www.amazon.com/dp/B00BAM7F8C?tag=eloabder-20&linkCode=osi&th=1&psc=1"><img src="https://m.media-amazon.com/images/I/51jsS9SDHeL._SL500_.jpg" alt="Product Image"></a><p>DERMAL 16 Combo Pack A Collagen Essencce Korean Face Mask - Hydrating & Soothing Facial Mask with Panthenol - Hypoallergenic Self Care Sheet Mask for All Skin Types - Natural Home Spa Treatment Masks</p><p>$11.99</p><a href="https://www.amazon.com/dp/B00BAM7F8C?tag=eloabder-20&linkCode=osi&th=1&psc=1">View Product</a></div><div class="product"><a href="https://www.amazon.com/dp/B07FPJHPX1?tag=eloabder-20&linkCode=osi&th=1&psc=1"><img src="https://m.media-amazon.com/images/I/51uNOnTpxTL._SL500_.jpg" alt="Product Image"></a><p>Celavi Essence Facial Sheet Face Mask Variety Set Classic Authentic Korean Moisturizing Skincare (12-Packs)</p><p>$9.40 ($0.78 / Count)</p><a href="https://www.amazon.com/dp/B07FPJHPX1?tag=eloabder-20&linkCode=osi&th=1&psc=1">View Product</a></div><div class="product"><a href="https://www.amazon.com/dp/B0722LVW3B?tag=eloabder-20&linkCode=osi&th=1&psc=1"><img src="https://m.media-amazon.com/images/I/51Vm0lozSIL._SL500_.jpg" alt="Product Image"></a><p>DERMAL 24 Combo Pack A Collagen Essence Korean Face Mask - Hydrating & Soothing Facial Mask with Panthenol - Hypoallergenic Self Care Sheet Mask for All Skin Types - Natural Home Spa Treatment Mask</p><p>$16.99 ($0.71 / Count)</p><a href="https://www.amazon.com/dp/B0722LVW3B?tag=eloabder-20&linkCode=osi&th=1&psc=1">View Product</a></div><div class="product"><a href="https://www.amazon.com/dp/B0D7LXSSS5?tag=eloabder-20&linkCode=osi&th=1&psc=1"><img src="https://m.media-amazon.com/images/I/41N5HKnGTtL._SL500_.jpg" alt="Product Image"></a><p>SOYUB Collagen Face Mask - Hydrating Overnight Collagen Face Mask Deep Collagen Anti Wrinkle Lifting Mask - Pure Collagen Films for Improve Elasticity Firming And Moisturizing (4pcs/1 Box)</p><p>$13.79 ($3.45 / Count)</p><a href="https://www.amazon.com/dp/B0D7LXSSS5?tag=eloabder-20&linkCode=osi&th=1&psc=1">View Product</a></div><div class="product"><a href="https://www.amazon.com/dp/B007CY2C76?tag=eloabder-20&linkCode=osi&th=1&psc=1"><img src="https://m.media-amazon.com/images/I/31-131ZWvEL._SL500_.jpg" alt="Product Image"></a><p>Freeman Dead Sea Minerals Anti-Stress Clay Facial Mask, Hydrating & Clarifying, Clears Pores, Face Mask With Lavender & Bergamot For Radiant Skin, For All Skin Types, 6 fl. oz./175 mL Tube, 1 Count</p><p>$3.86 ($0.64 / Ounce)</p><a href="https://www.amazon.com/dp/B007CY2C76?tag=eloabder-20&linkCode=osi&th=1&psc=1">View Product</a></div>



<div class="product"><a href="https://www.amazon.com/dp/B0CZXG68J4?tag=eloabder-20&linkCode=osi&th=1&psc=1"><img src="https://m.media-amazon.com/images/I/41Xkis0092L._SL500_.jpg" alt="Product Image"></a><p>CNP Honey Lip Butter (0.5 fl.oz / 15ml) - Propolis Lipcerin™, Hydrating Overnight Manuka Lip Balm & Mask, 12hrs Long-lasting Moisture, Gentle Exfoliation, Hygienic Twist Dispenser, Korean Skin Care</p><p>$17.80 ($35.60 / Fl Oz)</p><a href="https://www.amazon.com/dp/B0CZXG68J4?tag=eloabder-20&linkCode=osi&th=1&psc=1">View Product</a></div><div class="product"><a href="https://www.amazon.com/dp/B08GJH4RZV?tag=eloabder-20&linkCode=osi&th=1&psc=1"><img src="https://m.media-amazon.com/images/I/41PXqEpAI1L._SL500_.jpg" alt="Product Image"></a><p>2PCS Lip Mask Overnight, Honey&Sakura Day and Night Repair Sleeping Lip Balm, Fade Lip Lines Bee Balm, Hydrating &Prevention Dry and Crack Lip Scrubs Exfoliator</p><p>$6.49</p><a href="https://www.amazon.com/dp/B08GJH4RZV?tag=eloabder-20&linkCode=osi&th=1&psc=1">View Product</a></div><div class="product"><a href="https://www.amazon.com/dp/B07XXPHQZK?tag=eloabder-20&linkCode=osi&th=1&psc=1"><img src="https://m.media-amazon.com/images/I/31mJBoxFgQL._SL500_.jpg" alt="Product Image"></a><p>LANEIGE Lip Sleeping Mask Berry: Nourish, Hydrate, Vitamin C, Murumuru & Shea Butter, Antioxidants, Flaky, Dry Lips</p><p>$24.00 ($34.29 / Ounce)</p><a href="https://www.amazon.com/dp/B07XXPHQZK?tag=eloabder-20&linkCode=osi&th=1&psc=1">View Product</a></div><div class="product"><a href="https://www.amazon.com/dp/B07Y91BMSK?tag=eloabder-20&linkCode=osi&th=1&psc=1"><img src="https://m.media-amazon.com/images/I/51P5ul4ewsL._SL500_.jpg" alt="Product Image"></a><p>NIVEA Lip Care, Fruity Tinted Lip Balm Variety Pack, Includes Cherry, Strawberry, Blackberry and Watermelon Scents, 0.17 Oz, Pack of 4</p><p>$9.69</p><a href="https://www.amazon.com/dp/B07Y91BMSK?tag=eloabder-20&linkCode=osi&th=1&psc=1">View Product</a></div><div class="product"><a href="https://www.amazon.com/dp/B082JJ4D98?tag=eloabder-20&linkCode=osi&th=1&psc=1"><img src="https://m.media-amazon.com/images/I/41zIrQdHI5L._SL500_.jpg" alt="Product Image"></a><p>NIVEA Smoothness Lip Care, Lip Balm SPF 15, Mineral Oil Free Lip Moisturizer with Shea Butter, Jojoba Oil and Avocado Oil, 0.17 Oz, Pack of 4</p><p>$8.40</p><a href="https://www.amazon.com/dp/B082JJ4D98?tag=eloabder-20&linkCode=osi&th=1&psc=1">View Product</a></div><div class="product"><a href="https://www.amazon.com/dp/B07MBHRYTJ?tag=eloabder-20&linkCode=osi&th=1&psc=1"><img src="https://m.media-amazon.com/images/I/410u8zP2pDL._SL500_.jpg" alt="Product Image"></a><p>Palmer's Coconut Oil Formula Lip Balm Duo, All-Day Moisturization, Lip Balm Easter Basket Stuffers, Hydrates Dry, Cracked Lips (Pack of 2)</p><p>$3.10 ($1.94 / Ounce)</p><a href="https://www.amazon.com/dp/B07MBHRYTJ?tag=eloabder-20&linkCode=osi&th=1&psc=1">View Product</a></div><div class="product"><a href="https://www.amazon.com/dp/B07YG8YVQW?tag=eloabder-20&linkCode=osi&th=1&psc=1"><img src="https://m.media-amazon.com/images/I/41tKxZOfwPL._SL500_.jpg" alt="Product Image"></a><p>NIVEA Moisture Lip Care, Lip Balm Stick with Shea Butter, Jojoba Oil and Avocado Oil, 0.17 Oz, Pack of 4</p><p>$9.98</p><a href="https://www.amazon.com/dp/B07YG8YVQW?tag=eloabder-20&linkCode=osi&th=1&psc=1">View Product</a></div><div class="product"><a href="https://www.amazon.com/dp/B08C8WMPMR?tag=eloabder-20&linkCode=osi&th=1&psc=1"><img src="https://m.media-amazon.com/images/I/410NuIkftlL._SL500_.jpg" alt="Product Image"></a><p>eos Medicated Lip Balm - The Fixer | Lip Care to Repair and Protect Chapped and Dry Lips | Instant Cooling and Pain Relief with Natural Ingredients | 0.35 oz</p><p>$3.97 ($11.34 / Fl Oz)</p><a href="https://www.amazon.com/dp/B08C8WMPMR?tag=eloabder-20&linkCode=osi&th=1&psc=1">View Product</a></div>



<div class="product"><a href="https://www.amazon.com/dp/B08GSTPT8Y?tag=eloabder-20&linkCode=osi&th=1&psc=1"><img src="https://m.media-amazon.com/images/I/41sX+hKcbML._SL500_.jpg" alt="Product Image"></a><p>AOA Studio Collection makeup Sponge Set Latex Free and High-definition Set of 6 makeup Wonder blender For Powder Cream and Liquid, Super Soft Wonder Beauty Cosmetic</p><p>$9.95 ($1.66 / Count)</p><a href="https://www.amazon.com/dp/B08GSTPT8Y?tag=eloabder-20&linkCode=osi&th=1&psc=1">View Product</a></div><div class="product"><a href="https://www.amazon.com/dp/B0CJFFR574?tag=eloabder-20&linkCode=osi&th=1&psc=1"><img src="https://m.media-amazon.com/images/I/41nkQ05yLcL._SL500_.jpg" alt="Product Image"></a><p>SUNGBOON EDITOR Deep Collagen Overnight Mask 37gx4ea | The real collagen 2,160,000ppb | Facial Hydrogel Masks with low molecular weight collagen for elasticity, firming, and moisturizing</p><p>$19.00 ($4.75 / Count)</p><a href="https://www.amazon.com/dp/B0CJFFR574?tag=eloabder-20&linkCode=osi&th=1&psc=1">View Product</a></div><div class="product"><a href="https://www.amazon.com/dp/B0B45LL4DD?tag=eloabder-20&linkCode=osi&th=1&psc=1"><img src="https://m.media-amazon.com/images/I/31ZNIWikbtL._SL500_.jpg" alt="Product Image"></a><p>Beauty of Joseon Revive Eye Serum with Retinal Niacinamide Correction for Puffy Eye Bags Fine Lines Dark Circles Wrinkles, Korean Skin Care 30ml, 1 fl.oz</p><p>$14.50 ($14.50 / Fl Oz)</p><a href="https://www.amazon.com/dp/B0B45LL4DD?tag=eloabder-20&linkCode=osi&th=1&psc=1">View Product</a></div><div class="product"><a href="https://www.amazon.com/dp/B0C4H1GPG1?tag=eloabder-20&linkCode=osi&th=1&psc=1"><img src="https://m.media-amazon.com/images/I/41jyzyKyY2L._SL500_.jpg" alt="Product Image"></a><p>BEAKEY Latex Free Blender Makeup Sponge for Blending, Pink Makeup Sponge Set, Soft Beauty Sponge, for Flawless Application of Liquid, Cream, and Powder Cosmetics, Pink Makeup Gifts</p><p>$6.99 ($1.40 / Count)</p><a href="https://www.amazon.com/dp/B0C4H1GPG1?tag=eloabder-20&linkCode=osi&th=1&psc=1">View Product</a></div><div class="product"><a href="https://www.amazon.com/dp/B00QPNVC0I?tag=eloabder-20&linkCode=osi&th=1&psc=1"><img src="https://m.media-amazon.com/images/I/31wV3gYUEpL._SL500_.jpg" alt="Product Image"></a><p>Real Techniques Miracle Complexion Sponge Set Duo, 2 Makeup Sponges For Liquid & Cream Makeup, Makeup Blender Sponge For Buildable Coverage, Foundation Sponge For Natural, Dewy Base, Latex-Free Foam</p><p>$7.69 ($3.84 / Count)</p><a href="https://www.amazon.com/dp/B00QPNVC0I?tag=eloabder-20&linkCode=osi&th=1&psc=1">View Product</a></div><div class="product"><a href="https://www.amazon.com/dp/B0CZYJYX4Q?tag=eloabder-20&linkCode=osi&th=1&psc=1"><img src="https://m.media-amazon.com/images/I/31hNatkE-9L._SL500_.jpg" alt="Product Image"></a><p>LANEIGE Lip Glowy Balm Mango: Hydrate, Glossy, Lightweight, Moisturize & Tint with Shea Butter</p><p>$19.00 ($54.29 / Ounce)</p><a href="https://www.amazon.com/dp/B0CZYJYX4Q?tag=eloabder-20&linkCode=osi&th=1&psc=1">View Product</a></div><div class="product"><a href="https://www.amazon.com/dp/B0CXQR14J3?tag=eloabder-20&linkCode=osi&th=1&psc=1"><img src="https://m.media-amazon.com/images/I/31RRaB6c+JL._SL500_.jpg" alt="Product Image"></a><p>e.l.f. Power Grip Dewy Setting Spray, Ultra Fine Mist Made With Hyaluronic Acid, Grips Makeup For A Hydrated, Dewy Finish, Vegan & Cruelty-Free</p><p>$10.00 ($3.70 / Fl Oz)</p><a href="https://www.amazon.com/dp/B0CXQR14J3?tag=eloabder-20&linkCode=osi&th=1&psc=1">View Product</a></div>
<div class="product"><a href="https://www.amazon.com/dp/B0057X7S7I?tag=eloabder-20&linkCode=osi&th=1&psc=1"><img src="https://m.media-amazon.com/images/I/31EGxy1hPjL._SL500_.jpg" alt="Product Image"></a><p>Rimmel Stay Glossy Lip Gloss - Non-Sticky and Lightweight Formula for Lip Color and Shine - 120 Non-Stop Glamour, .18oz</p><p>$3.97</p><a href="https://www.amazon.com/dp/B0057X7S7I?tag=eloabder-20&linkCode=osi&th=1&psc=1">View Product</a></div><div class="product"><a href="https://www.amazon.com/dp/B07MWTH3BY?tag=eloabder-20&linkCode=osi&th=1&psc=1"><img src="https://m.media-amazon.com/images/I/31xb-X48IBL._SL500_.jpg" alt="Product Image"></a><p>e.l.f. Monochromatic Multi Stick, Luxuriously Creamy & Blendable Color, For Eyes, Lips & Cheeks, Glistening Peach, 0.17 oz (5g)</p><p>$5.00</p><a href="https://www.amazon.com/dp/B07MWTH3BY?tag=eloabder-20&linkCode=osi&th=1&psc=1">View Product</a></div><div class="product"><a href="https://www.amazon.com/dp/B0CPFXMMBH?tag=eloabder-20&linkCode=osi&th=1&psc=1"><img src="https://m.media-amazon.com/images/I/21poCyHDdxL._SL500_.jpg" alt="Product Image"></a><p>e.l.f. Instant Lift Waterproof Brow Pencil, Long-Lasting Eyebrow Pencil For Grooming & Shaping Eyebrows, Vegan & Cruelty-free, Taupe</p><p>$3.00</p><a href="https://www.amazon.com/dp/B0CPFXMMBH?tag=eloabder-20&linkCode=osi&th=1&psc=1">View Product</a></div><div class="product"><a href="https://www.amazon.com/dp/B082YQ4QWW?tag=eloabder-20&linkCode=osi&th=1&psc=1"><img src="https://m.media-amazon.com/images/I/31S+aqgvx6L._SL500_.jpg" alt="Product Image"></a><p>wet n wild Mega Last High-Shine Lipstick Lip Color, Infused with Seed Oils For a Nourishing High-Shine, Buildable & Blendable Creamy Color, Cruelty-Free & Vegan - Pinky Ring</p><p>$2.28</p><a href="https://www.amazon.com/dp/B082YQ4QWW?tag=eloabder-20&linkCode=osi&th=1&psc=1">View Product</a></div><div class="product"><a href="https://www.amazon.com/dp/B0BDD7D34M?tag=eloabder-20&linkCode=osi&th=1&psc=1"><img src="https://m.media-amazon.com/images/I/51O5AVRXcUL._SL500_.jpg" alt="Product Image"></a><p>Maskiss 24k Gold Under Eye Patches (25 Pairs), eye mask, Collagen Skin Care Products, Eye Patches for Puffy Eyes, eye masks for dark circles and puffiness</p><p>$14.99 ($0.60 / Count)</p><a href="https://www.amazon.com/dp/B0BDD7D34M?tag=eloabder-20&linkCode=osi&th=1&psc=1">View Product</a></div><div class="product"><a href="https://www.amazon.com/dp/B004BCXEF6?tag=eloabder-20&linkCode=osi&th=1&psc=1"><img src="https://m.media-amazon.com/images/I/31t3gAw-N7L._SL500_.jpg" alt="Product Image"></a><p>L’Oreal Paris Makeup Voluminous Original Volume Building Waterproof Mascara, Carbon Black, 0.23 Fl Oz</p><p>$8.98</p><a href="https://www.amazon.com/dp/B004BCXEF6?tag=eloabder-20&linkCode=osi&th=1&psc=1">View Product</a></div>
<div class="product"><a href="https://www.amazon.com/dp/B0BSZ23FTF?tag=eloabder-20&linkCode=osi&th=1&psc=1"><img src="https://m.media-amazon.com/images/I/31GRN7P2p8L._SL500_.jpg" alt="Product Image"></a><p>Bubble Skincare Slam Dunk Face Moisturizer - Hydrating Face Cream for Dry Skin Made with Vitamin E + Aloe Vera Juice for a Glowing Complexion - Skin Care with Blue Light Protection (50ml)</p><p>$14.98 ($8.81 / Ounce)</p><a href="https://www.amazon.com/dp/B0BSZ23FTF?tag=eloabder-20&linkCode=osi&th=1&psc=1">View Product</a></div><div class="product"><a href="https://www.amazon.com/dp/B08T7DSZYD?tag=eloabder-20&linkCode=osi&th=1&psc=1"><img src="https://m.media-amazon.com/images/I/41WwUSxcyGL._SL500_.jpg" alt="Product Image"></a><p>e.l.f. SKIN Hydrated Ever After Skincare Mini Kit, Cleanser, Makeup Remover, Moisturiser & Eye Cream For Hydrating Skin, Airplane-Friendly Sizes</p><p>$19.99</p><a href="https://www.amazon.com/dp/B08T7DSZYD?tag=eloabder-20&linkCode=osi&th=1&psc=1">View Product</a></div><div class="product"><a href="https://www.amazon.com/dp/B0BSYX57T2?tag=eloabder-20&linkCode=osi&th=1&psc=1"><img src="https://m.media-amazon.com/images/I/31ssRlEo5QL._SL500_.jpg" alt="Product Image"></a><p>Bubble Skincare Bounce Back Balancing Facial Toner Mist - Hydrating Toner Spray + Pore Minimizer Made with Sea Water and Niacinamide to Help Improve Texture & Radiance (55ml)</p><p>$12.99 ($7.22 / Fl Oz)</p><a href="https://www.amazon.com/dp/B0BSYX57T2?tag=eloabder-20&linkCode=osi&th=1&psc=1">View Product</a></div><div class="product"><a href="https://www.amazon.com/dp/B000VPPUEA?tag=eloabder-20&linkCode=osi&th=1&psc=1"><img src="https://m.media-amazon.com/images/I/31e4JzjWhkL._SL500_.jpg" alt="Product Image"></a><p>Bio-Oil Skincare Body Oil, Vitamin E, Serum for Scars & Stretchmarks, Face & Body Moisturizer, 2 oz, All Skin Types</p><p>$11.12 ($5.56 / Fl Oz)</p><a href="https://www.amazon.com/dp/B000VPPUEA?tag=eloabder-20&linkCode=osi&th=1&psc=1">View Product</a></div><div class="product"><a href="https://www.amazon.com/dp/B0C2JPBNFX?tag=eloabder-20&linkCode=osi&th=1&psc=1"><img src="https://m.media-amazon.com/images/I/51LF1OXoo0L._SL500_.jpg" alt="Product Image"></a><p>Celavi K-Beauty Skincare Essence Facial Face Mask Korea Skin Care Moisturizing B Set 12 Pack</p><p>$9.99 ($0.83 / Count)</p><a href="https://www.amazon.com/dp/B0C2JPBNFX?tag=eloabder-20&linkCode=osi&th=1&psc=1">View Product</a></div><div class="product"><a href="https://www.amazon.com/dp/B0BSYJYQY2?tag=eloabder-20&linkCode=osi&th=1&psc=1"><img src="https://m.media-amazon.com/images/I/31aQkQwjJYL._SL500_.jpg" alt="Product Image"></a><p>Bubble Skincare Level Up Balancing Face Moisturizer - Hydrating Gel Moisturizer Formulated with Zinc PCA + Niacinamide for Improved Texture & Radiance - Skin Care for Oily or Combination Skin (50ml)</p><p>$14.99 ($8.87 / Fl Oz)</p><a href="https://www.amazon.com/dp/B0BSYJYQY2?tag=eloabder-20&linkCode=osi&th=1&psc=1">View Product</a></div><div class="product"><a href="https://www.amazon.com/dp/B0B826XRPH?tag=eloabder-20&linkCode=osi&th=1&psc=1"><img src="https://m.media-amazon.com/images/I/516nsOEA-mL._SL500_.jpg" alt="Product Image"></a><p>AURUZA Ice Face Roller and Gua Sha Set, Ice Roller for Face & Eye Puffiness Relief Beauty Facial Rollers Mold Icing Massage Skin Care Tools for Brighten Lubricate Shrink Pores Remove Fine Lines</p><p>$5.49</p><a href="https://www.amazon.com/dp/B0B826XRPH?tag=eloabder-20&linkCode=osi&th=1&psc=1">View Product</a></div><div class="product"><a href="https://www.amazon.com/dp/B0BS8Y2FLK?tag=eloabder-20&linkCode=osi&th=1&psc=1"><img src="https://m.media-amazon.com/images/I/41CX-bGjaRL._SL500_.jpg" alt="Product Image"></a><p>PEAUAMIE Under Eye Patches (30 Pairs) Gold Eye Mask and Hyaluronic Acid Eye Patches for puffy eyes,Rose Eye Masks for Dark Circles and Puffiness under eye skin care Smooth Wrinkles products</p><p>$9.99 ($0.33 / Count)</p><a href="https://www.amazon.com/dp/B0BS8Y2FLK?tag=eloabder-20&linkCode=osi&th=1&psc=1">View Product</a></div><div class="product"><a href="https://www.amazon.com/dp/B09NXS395V?tag=eloabder-20&linkCode=osi&th=1&psc=1"><img src="https://m.media-amazon.com/images/I/41ZHn0qwWwL._SL500_.jpg" alt="Product Image"></a><p>NAZANO Under Eye Patches - 60 Pcs - 24K Gold Eye Mask- Puffy Eyes & Dark Circles Treatments,Reduce Under Eye Bags and Smooth Wrinkles,Eye Skin Care Pads With Collagen,Hyaluronic Acid & Castor Oil</p><p>$8.99 ($0.30 / Count)</p><a href="https://www.amazon.com/dp/B09NXS395V?tag=eloabder-20&linkCode=osi&th=1&psc=1">View Product</a></div>
<div class="product"><a href="https://www.amazon.com/dp/B01N9SPQHQ?tag=eloabder-20&linkCode=osi&th=1&psc=1"><img src="https://m.media-amazon.com/images/I/41NHgWAaYAL._SL500_.jpg" alt="Product Image"></a><p>La Roche-Posay Toleriane Double Repair Face Moisturizer, Daily Moisturizer Face Cream with Ceramide and Niacinamide for All Skin Types, Oil Free, Fragrance Free</p><p>$23.99 ($7.10 / Fl Oz)</p><a href="https://www.amazon.com/dp/B01N9SPQHQ?tag=eloabder-20&linkCode=osi&th=1&psc=1">View Product</a></div><div class="product"><a href="https://www.amazon.com/dp/B00TTD9BRC?tag=eloabder-20&linkCode=osi&th=1&psc=1"><img src="https://m.media-amazon.com/images/I/41Kc6H7fboL._SL500_.jpg" alt="Product Image"></a><p>CeraVe Moisturizing Cream | Body and Face Moisturizer for Dry Skin | Body Cream with Hyaluronic Acid and Ceramides | Daily Moisturizer | Oil-Free | Fragrance Free | Non-Comedogenic | 19 Ounce</p><p>$17.78 ($0.94 / Ounce)</p><a href="https://www.amazon.com/dp/B00TTD9BRC?tag=eloabder-20&linkCode=osi&th=1&psc=1">View Product</a></div><div class="product"><a href="https://www.amazon.com/dp/B00NR1YQHM?tag=eloabder-20&linkCode=osi&th=1&psc=1"><img src="https://m.media-amazon.com/images/I/41yzZFTW63L._SL500_.jpg" alt="Product Image"></a><p>Neutrogena Hydro Boost Face Moisturizer with Hyaluronic Acid for Dry Skin, Oil-Free and Non-Comedogenic Water Gel Face Lotion, 1.7 oz</p><p>$13.31 ($7.83 / Ounce)</p><a href="https://www.amazon.com/dp/B00NR1YQHM?tag=eloabder-20&linkCode=osi&th=1&psc=1">View Product</a></div><div class="product"><a href="https://www.amazon.com/dp/B00HNSSPHC?tag=eloabder-20&linkCode=osi&th=1&psc=1"><img src="https://m.media-amazon.com/images/I/41rWFzQZdOL._SL500_.jpg" alt="Product Image"></a><p>Neutrogena Triple Age Repair Anti-Aging Daily Facial Moisturizer with SPF 25 Sunscreen & Vitamin C, Firming Anti-Wrinkle Face & Neck Cream for Dark Spots, Glycerin & Shea Butter, 1.7 oz</p><p>$19.56 ($11.51 / Ounce)</p><a href="https://www.amazon.com/dp/B00HNSSPHC?tag=eloabder-20&linkCode=osi&th=1&psc=1">View Product</a></div><div class="product"><a href="https://www.amazon.com/dp/B000YJ2SLG?tag=eloabder-20&linkCode=osi&th=1&psc=1"><img src="https://m.media-amazon.com/images/I/31J9bWXnQ+L._SL500_.jpg" alt="Product Image"></a><p>CeraVe Daily Moisturizing Lotion for Dry Skin | Body Lotion & Face Moisturizer with Hyaluronic Acid and Ceramides | Daily Moisturizer | Fragrance Free | Oil-Free | 12 Ounce</p><p>$13.68 ($1.14 / Fl Oz)</p><a href="https://www.amazon.com/dp/B000YJ2SLG?tag=eloabder-20&linkCode=osi&th=1&psc=1">View Product</a></div><div class="product"><a href="https://www.amazon.com/dp/B099N1LC4R?tag=eloabder-20&linkCode=osi&th=1&psc=1"><img src="https://m.media-amazon.com/images/I/41lZIG8wQNL._SL500_.jpg" alt="Product Image"></a><p>Cetaphil Face & Body Moisturizer, Hydrating Moisturizing Cream For Dry To Very Dry, Sensitive Skin, NEW 20 Oz, Fragrance Free, Non-Comedogenic, Non-Greasy (Packaging May Vary)</p><p>$15.97 ($0.80 / Ounce)</p><a href="https://www.amazon.com/dp/B099N1LC4R?tag=eloabder-20&linkCode=osi&th=1&psc=1">View Product</a></div><div class="product"><a href="https://www.amazon.com/dp/B01H20MA62?tag=eloabder-20&linkCode=osi&th=1&psc=1"><img src="https://m.media-amazon.com/images/I/41xuvNUpUML._SL500_.jpg" alt="Product Image"></a><p>Cetaphil Face & Body Moisturizer, Hydrating Moisturizing Cream for Dry to Very Dry, Sensitive Skin, NEW 16 Oz 2 Pack, Fragrance Free, Non-Comedogenic, Non-Greasy</p><p>$19.48 ($0.61 / Ounce)</p><a href="https://www.amazon.com/dp/B01H20MA62?tag=eloabder-20&linkCode=osi&th=1&psc=1">View Product</a></div><div class="product"><a href="https://www.amazon.com/dp/B01NCWV3KM?tag=eloabder-20&linkCode=osi&th=1&psc=1"><img src="https://m.media-amazon.com/images/I/41Q1ESUhSeL._SL500_.jpg" alt="Product Image"></a><p>La Roche-Posay Toleriane Double Repair UV SPF Moisturizer for Face, Daily Facial Moisturizer with Sunscreen SPF 30, Niacinamide and Glycerin, Oil Free, Moisturizing Sun Protection</p><p>$24.99 ($10.00 / Fl Oz)</p><a href="https://www.amazon.com/dp/B01NCWV3KM?tag=eloabder-20&linkCode=osi&th=1&psc=1">View Product</a></div>
<div class="product"><a href="https://www.amazon.com/dp/B07P5TMHD9?tag=eloabder-20&linkCode=osi&th=1&psc=1"><img src="https://m.media-amazon.com/images/I/51xr2lw0Y7L._SL500_.jpg" alt="Product Image"></a><p>Vitamin C Face Serum - Dark Spot Remover Facial Serum, Vit C Serum with Hyaluronic Acid, Ferulic Acid, & Vit E - Anti Aging and Skin Brightening Serum, Pure Vitamin C Serum Skin Care</p><p>$9.98</p><a href="https://www.amazon.com/dp/B07P5TMHD9?tag=eloabder-20&linkCode=osi&th=1&psc=1">View Product</a></div><div class="product"><a href="https://www.amazon.com/dp/B014PGEEO2?tag=eloabder-20&linkCode=osi&th=1&psc=1"><img src="https://m.media-amazon.com/images/I/51v+djIfQGL._SL500_.jpg" alt="Product Image"></a><p>Tree of Life Facial Serum Set for Face, Brightening, Firming, Hydrating, Dry Skin, Dermatologist Tested - Trio Power Skin Care Set, Vitamin C, Retinol and Hyaluronic Acid, 3 count of 1 Fl Oz</p><p>$19.99 ($6.66 / Fl Oz)</p><a href="https://www.amazon.com/dp/B014PGEEO2?tag=eloabder-20&linkCode=osi&th=1&psc=1">View Product</a></div><div class="product"><a href="https://www.amazon.com/dp/B08R994Q1L?tag=eloabder-20&linkCode=osi&th=1&psc=1"><img src="https://m.media-amazon.com/images/I/418KUv8uVkL._SL500_.jpg" alt="Product Image"></a><p>Good Molecules Niacinamide Serum - 10% Niacinamide Balancing B3 Facial Serum for Acne, Tone, Texture - Brightening and Hydrating Skincare for Face</p><p>$6.00</p><a href="https://www.amazon.com/dp/B08R994Q1L?tag=eloabder-20&linkCode=osi&th=1&psc=1">View Product</a></div><div class="product"><a href="https://www.amazon.com/dp/B07VWSN95S?tag=eloabder-20&linkCode=osi&th=1&psc=1"><img src="https://m.media-amazon.com/images/I/411Y0nzh9zL._SL500_.jpg" alt="Product Image"></a><p>CeraVe Retinol Serum for Post-Acne Marks and Skin Texture | Pore Refining, Resurfacing, Brightening Facial Serum with Retinol and Niacinamide | Fragrance Free, Paraben Free & Non-Comedogenic| 1 Oz</p><p>$18.68</p><a href="https://www.amazon.com/dp/B07VWSN95S?tag=eloabder-20&linkCode=osi&th=1&psc=1">View Product</a></div><div class="product"><a href="https://www.amazon.com/dp/B08L8B5JR2?tag=eloabder-20&linkCode=osi&th=1&psc=1"><img src="https://m.media-amazon.com/images/I/51Ee0RzYONL._SL500_.jpg" alt="Product Image"></a><p>Vibriance Super C Serum for Mature Skin, Made in USA, All-In-One Formula Hydrates, Firms, Lifts, Smooths, Targets Age Spots, Wrinkles, Vitamin C Serum; 1 fl oz</p><p>$32.90</p><a href="https://www.amazon.com/dp/B08L8B5JR2?tag=eloabder-20&linkCode=osi&th=1&psc=1">View Product</a></div><div class="product"><a href="https://www.amazon.com/dp/B0CLLV2T1P?tag=eloabder-20&linkCode=osi&th=1&psc=1"><img src="https://m.media-amazon.com/images/I/31ZBa-zgbjL._SL500_.jpg" alt="Product Image"></a><p>Anua 10% Niacinamide+ 4% Tranexamic Acid Serum, Ceramide, Hyaluronic Acid, Vitamin B12 natural color, for Sensitive skin, Korean Glass Skin, Fragrance-Free (30ml /1.01 fl.oz.)</p><p>$19.00 ($18.81 / Fl Oz)</p><a href="https://www.amazon.com/dp/B0CLLV2T1P?tag=eloabder-20&linkCode=osi&th=1&psc=1">View Product</a></div><div class="product"><a href="https://www.amazon.com/dp/B08TM8DLFJ?tag=eloabder-20&linkCode=osi&th=1&psc=1"><img src="https://m.media-amazon.com/images/I/41g0Mg7pRIL._SL500_.jpg" alt="Product Image"></a><p>Good Molecules Hyaluronic Acid Serum - Hydrating, Non-greasy formula to Moisturize, Plump - 1% HA, Anti-aging, Water-Based Skincare for Face</p><p>$6.00 ($6.00 / Fl Oz)</p><a href="https://www.amazon.com/dp/B08TM8DLFJ?tag=eloabder-20&linkCode=osi&th=1&psc=1">View Product</a></div><div class="product"><a href="https://www.amazon.com/dp/B01B5G45R6?tag=eloabder-20&linkCode=osi&th=1&psc=1"><img src="https://m.media-amazon.com/images/I/51JgyVg967L._SL500_.jpg" alt="Product Image"></a><p>artnaturals Anti-Aging-Set with Vitamin-C Retinol and Hyaluronic-Acid - (3 x 1 Fl Oz / 30ml) Serum for Anti Wrinkle and Dark Circle Remover – All Natural and Moisturizing</p><p>$24.95 ($8.32 / Fl Oz)</p><a href="https://www.amazon.com/dp/B01B5G45R6?tag=eloabder-20&linkCode=osi&th=1&psc=1">View Product</a></div><div class="product"><a href="https://www.amazon.com/dp/B086VKZZZY?tag=eloabder-20&linkCode=osi&th=1&psc=1"><img src="https://m.media-amazon.com/images/I/31l7jUL7jOL._SL500_.jpg" alt="Product Image"></a><p>Beauty of Joseon Glow Serum Propolis and Niacinamide Hydrating Facial Soothing Moisturizer for Irritated Uneven Skin Tone, Korean Skin Care 30ml, 1 fl.oz</p><p>$13.60 ($13.47 / Fl Oz)</p><a href="https://www.amazon.com/dp/B086VKZZZY?tag=eloabder-20&linkCode=osi&th=1&psc=1">View Product</a></div>
<div class="product"><a href="https://www.amazon.com/dp/B0CYGT3CR4?tag=eloabder-20&linkCode=osi&th=1&psc=1"><img src="https://m.media-amazon.com/images/I/51LbfzrqiUL._SL500_.jpg" alt="Product Image"></a><p>KONEUK 14 Pack Sheet Face Masks Skincare for All Skin Types, Hydrating Face Masks Suitable for Sensitive Skin, Bulk Facial Mask Set for Women Skin Care, Face Mask Gifts Set for Face Spa</p><p>$8.99 ($0.64 / Count)</p><a href="https://www.amazon.com/dp/B0CYGT3CR4?tag=eloabder-20&linkCode=osi&th=1&psc=1">View Product</a></div><div class="product"><a href="https://www.amazon.com/dp/B01N37AK8V?tag=eloabder-20&linkCode=osi&th=1&psc=1"><img src="https://m.media-amazon.com/images/I/41zyExDkGCL._SL500_.jpg" alt="Product Image"></a><p>Ebanel 10 Pack Collagen Face Mask, Instant Brightening & Hydrating Face Sheet Mask with Aloe Vera, Hyaluronic Acid, Vitamin C and E, Chamomile, Anti Aging Face Mask with Hydrolyzed Collagen, Peptide</p><p>$13.99 ($1.40 / Count)</p><a href="https://www.amazon.com/dp/B01N37AK8V?tag=eloabder-20&linkCode=osi&th=1&psc=1">View Product</a></div><div class="product"><a href="https://www.amazon.com/dp/B07C3NBJ33?tag=eloabder-20&linkCode=osi&th=1&psc=1"><img src="https://m.media-amazon.com/images/I/51DMM9KU+AL._SL500_.jpg" alt="Product Image"></a><p>GLAM UP Premium Facial Sheet Mask 12 Combo (Pack of 12) | Clean Face Masks Skincare, Hydrating Face Masks, Moisturizing, Soothing, Beauty Mask For All Skin Type Variety Beauty Mask Set</p><p>$13.20 ($1.10 / Count)</p><a href="https://www.amazon.com/dp/B07C3NBJ33?tag=eloabder-20&linkCode=osi&th=1&psc=1">View Product</a></div><div class="product"><a href="https://www.amazon.com/dp/B0B5XTMJMJ?tag=eloabder-20&linkCode=osi&th=1&psc=1"><img src="https://m.media-amazon.com/images/I/61voysA0eEL._SL500_.jpg" alt="Product Image"></a><p>Meleell Collagen Sheet Face Masks Skincare Bulk Pack,Hydrating Spa Face Mask For Sensitive Skin,Anti Aging Facial Masks Sets For Women/Teen Girls(40 Combo Pack)</p><p>$25.99 ($0.65 / Count)</p><a href="https://www.amazon.com/dp/B0B5XTMJMJ?tag=eloabder-20&linkCode=osi&th=1&psc=1">View Product</a></div><div class="product"><a href="https://www.amazon.com/dp/B0CR6NHHVL?tag=eloabder-20&linkCode=osi&th=1&psc=1"><img src="https://m.media-amazon.com/images/I/514yWBJNkFL._SL500_.jpg" alt="Product Image"></a><p>Kaely 10 Pack Variety Sheet Masks,Spa Face Masks for Kids Skin Care,Facial Mask Skincare Set Korean,Moisturize,Brighten,Nourish for All Skin Types,Birthday Gifts for Women Men Boys Girls,Set01</p><p>$8.99 ($0.90 / Count)</p><a href="https://www.amazon.com/dp/B0CR6NHHVL?tag=eloabder-20&linkCode=osi&th=1&psc=1">View Product</a></div><div class="product"><a href="https://www.amazon.com/dp/B086V843R8?tag=eloabder-20&linkCode=osi&th=1&psc=1"><img src="https://m.media-amazon.com/images/I/410evC+SQHL._SL500_.jpg" alt="Product Image"></a><p>ANAI RUI Turmeric Clay Mask - Green Tea Clay Mask - Dead Sea Minerals Mud Mask, Spa Facial Mask Set, Face Mask Gift Set 2.5 oz each</p><p>$22.99</p><a href="https://www.amazon.com/dp/B086V843R8?tag=eloabder-20&linkCode=osi&th=1&psc=1">View Product</a></div><div class="product"><a href="https://www.amazon.com/dp/B07JMTMHGS?tag=eloabder-20&linkCode=osi&th=1&psc=1"><img src="https://m.media-amazon.com/images/I/41PeKCZ7NtL._SL500_.jpg" alt="Product Image"></a><p>LAPCOS Aloe Sheet Mask, Daily Face Mask with Cucumber and Aloe Gel to Calm and Moisturize Skin, Korean Beauty Favorite, 5-Pack</p><p>$20.00 ($4.00 / count)</p><a href="https://www.amazon.com/dp/B07JMTMHGS?tag=eloabder-20&linkCode=osi&th=1&psc=1">View Product</a></div><div class="product"><a href="https://www.amazon.com/dp/B0CMQKTJDQ?tag=eloabder-20&linkCode=osi&th=1&psc=1"><img src="https://m.media-amazon.com/images/I/51oosdS4y8L._SL500_.jpg" alt="Product Image"></a><p>VESPRO 100 Pack Collagen Essence Sheet Facial Masks, Bulk Face Masks Skincare, Hydrating Face Masks for All Skin Types, Moisturizing and Soothing, Natural Skin Care Spa Face Mask</p><p>$45.99 ($0.46 / Count)</p><a href="https://www.amazon.com/dp/B0CMQKTJDQ?tag=eloabder-20&linkCode=osi&th=1&psc=1">View Product</a></div><div class="product"><a href="https://www.amazon.com/dp/B0B41LVMJ3?tag=eloabder-20&linkCode=osi&th=1&psc=1"><img src="https://m.media-amazon.com/images/I/51xduFirI6L._SL500_.jpg" alt="Product Image"></a><p>#OOTD Collagen Hydrating Sheet Masks for Face Korean Anti Aging Mask Sheet for Dry Skin & Sensitive Skin, EVE Vegan, Not Tested on Animals, No Parabens, No Sulfates, Hyaluronic Acid, Witch Hazel 10EA</p><p>$18.00 ($1.80 / Count)</p><a href="https://www.amazon.com/dp/B0B41LVMJ3?tag=eloabder-20&linkCode=osi&th=1&psc=1">View Product</a></div>
<div class="product"><a href="https://www.amazon.com/dp/B01N34XW93?tag=eloabder-20&linkCode=osi&th=1&psc=1"><img src="https://m.media-amazon.com/images/I/31OMOTCxlmL._SL500_.jpg" alt="Product Image"></a><p>La Roche-Posay Toleriane Purifying Foaming Facial Cleanser, Oil Free Face Wash for Oily Skin and for Sensitive Skin with Niacinamide, Pore Cleanser Won’t Dry Out Skin, Unscented</p><p>$17.99 ($1.33 / Fl Oz)</p><a href="https://www.amazon.com/dp/B01N34XW93?tag=eloabder-20&linkCode=osi&th=1&psc=1">View Product</a></div><div class="product"><a href="https://www.amazon.com/dp/B01MSSDEPK?tag=eloabder-20&linkCode=osi&th=1&psc=1"><img src="https://m.media-amazon.com/images/I/41YuSwjJUIL._SL500_.jpg" alt="Product Image"></a><p>CeraVe Hydrating Facial Cleanser | Moisturizing Face Wash For Dry Skin | Hyaluronic Acid + Ceramides + Glycerin | Hydrating Cleanser For Normal To Dry Skin | National Eczema Assosiation Certified</p><p>$15.48 ($0.97 / Fl Oz)</p><a href="https://www.amazon.com/dp/B01MSSDEPK?tag=eloabder-20&linkCode=osi&th=1&psc=1">View Product</a></div><div class="product"><a href="https://www.amazon.com/dp/B01N7T7JKJ?tag=eloabder-20&linkCode=osi&th=1&psc=1"><img src="https://m.media-amazon.com/images/I/31VXK3y1KYL._SL500_.jpg" alt="Product Image"></a><p>La Roche-Posay Toleriane Hydrating Gentle Face Cleanser, Daily Facial Cleanser with Niacinamide and Ceramides for Sensitive Skin, Moisturizing Face Wash for Normal to Dry Skin, Fragrance Free</p><p>$17.99 ($1.33 / Fl Oz)</p><a href="https://www.amazon.com/dp/B01N7T7JKJ?tag=eloabder-20&linkCode=osi&th=1&psc=1">View Product</a></div><div class="product"><a href="https://www.amazon.com/dp/B01N1LL62W?tag=eloabder-20&linkCode=osi&th=1&psc=1"><img src="https://m.media-amazon.com/images/I/41kwN8dWWzL._SL500_.jpg" alt="Product Image"></a><p>CeraVe Foaming Facial Cleanser | Daily Face Wash for Oily Skin with Hyaluronic Acid, Ceramides, and Niacinamide| Fragrance Free | 16 Fluid Ounce</p><p>$15.19 ($0.95 / Fl Oz)</p><a href="https://www.amazon.com/dp/B01N1LL62W?tag=eloabder-20&linkCode=osi&th=1&psc=1">View Product</a></div><div class="product"><a href="https://www.amazon.com/dp/B00U1YCRD8?tag=eloabder-20&linkCode=osi&th=1&psc=1"><img src="https://m.media-amazon.com/images/I/31LVb8KvKwL._SL500_.jpg" alt="Product Image"></a><p>CeraVe SA Cleanser | Salicylic Acid Cleanser with Hyaluronic Acid, Niacinamide & Ceramides| BHA Exfoliant for Face | Fragrance Free Non-Comedogenic | 8 Ounce</p><p>$12.37 ($1.55 / Ounce)</p><a href="https://www.amazon.com/dp/B00U1YCRD8?tag=eloabder-20&linkCode=osi&th=1&psc=1">View Product</a></div><div class="product"><a href="https://www.amazon.com/dp/B0BVV8BNYJ?tag=eloabder-20&linkCode=osi&th=1&psc=1"><img src="https://m.media-amazon.com/images/I/31tSZvBReoL._SL500_.jpg" alt="Product Image"></a><p>ANUA Heartleaf Quercetinol Pore Deep Cleansing Foam, Facial Cleanser, for Double Cleansing, BHA, Hyaluronic Acid, Glycerin, Face Wash, Blackhead Remover, Korean Skincare (150ml/5.07 fl.oz.)</p><p>$13.00 ($2.56 / Fl Oz)</p><a href="https://www.amazon.com/dp/B0BVV8BNYJ?tag=eloabder-20&linkCode=osi&th=1&psc=1">View Product</a></div><div class="product"><a href="https://www.amazon.com/dp/B00QY1XZ4W?tag=eloabder-20&linkCode=osi&th=1&psc=1"><img src="https://m.media-amazon.com/images/I/319pG+OQZxL._SL500_.jpg" alt="Product Image"></a><p>Vanicream Gentle Facial Cleanser with Pump Dispenser - 8 fl oz - Formulated Without Common Irritants for Those with Sensitive Skin</p><p>$8.86 ($1.11 / Fl Oz)</p><a href="https://www.amazon.com/dp/B00QY1XZ4W?tag=eloabder-20&linkCode=osi&th=1&psc=1">View Product</a></div><div class="product"><a href="https://www.amazon.com/dp/B016NRXO06?tag=eloabder-20&linkCode=osi&th=1&psc=1"><img src="https://m.media-amazon.com/images/I/31jSFIvh2TS._SL500_.jpg" alt="Product Image"></a><p>COSRX Low pH Good Morning Gel Cleanser, Daily Mild Face Cleanser for Sensitive Skin with BHA & Tea-Tree Oil, PH Balancing, Korean Skincare (5.07fl.oz/150ml)</p><p>$11.49 ($2.27 / Fl Oz)</p><a href="https://www.amazon.com/dp/B016NRXO06?tag=eloabder-20&linkCode=osi&th=1&psc=1">View Product</a></div><div class="product"><a href="https://www.amazon.com/dp/B09Y4HHY1P?tag=eloabder-20&linkCode=osi&th=1&psc=1"><img src="https://m.media-amazon.com/images/I/41Crw80Q3yL._SL500_.jpg" alt="Product Image"></a><p>Cetaphil Face Wash, Daily Facial Cleanser for Sensitive, Combination to Oily Skin, NEW 16 oz, Fragrance Free, Gentle Foaming, Soap Free, Hypoallergenic (Packaging May Vary)</p><p>$11.97 ($0.75 / Fl Oz)</p><a href="https://www.amazon.com/dp/B09Y4HHY1P?tag=eloabder-20&linkCode=osi&th=1&psc=1">View Product</a></div><div class="product"><a href="https://www.amazon.com/dp/B0BN2PX8V3?tag=eloabder-20&linkCode=osi&th=1&psc=1"><img src="https://m.media-amazon.com/images/I/31n4TECLwuL._SL500_.jpg" alt="Product Image"></a><p>ANUA Heartleaf Pore Control Cleansing Oil, Oil Cleanser for Face, Makeup Blackhead Remover, Korean Skin Care 6.76 fl oz(200ml) (original)</p><p>$17.69 ($2.64 / Fl Oz)</p><a href="https://www.amazon.com/dp/B0BN2PX8V3?tag=eloabder-20&linkCode=osi&th=1&psc=1">View Product</a></div>
<div class="product"><a href="https://www.amazon.com/dp/B08CMS8P67?tag=eloabder-20&linkCode=osi&th=1&psc=1"><img src="https://m.media-amazon.com/images/I/31LVyuSsJEL._SL500_.jpg" alt="Product Image"></a><p>Anua Heartleaf 77 Soothing Toner I pH 5.5 Trouble Care, Calming Skin, Refreshing, Hydrating, Purifying, Cruelty Free, Vegan,(250ml / 8.45 fl.oz.)</p><p>$19.69 ($2.33 / Fl Oz)</p><a href="https://www.amazon.com/dp/B08CMS8P67?tag=eloabder-20&linkCode=osi&th=1&psc=1">View Product</a></div><div class="product"><a href="https://www.amazon.com/dp/B09LKXR62L?tag=eloabder-20&linkCode=osi&th=1&psc=1"><img src="https://m.media-amazon.com/images/I/31D6ydy59dL._SL500_.jpg" alt="Product Image"></a><p>CeraVe Hydrating Toner for Face Non-Alcoholic with Hyaluronic Acid, Niacinamide, and Ceramides for Sensitive Dry Skin, Fragrance-Free Non Comedogenic, Full Size, 6.8 Fl Oz</p><p>$9.86 ($1.45 / Ounce)</p><a href="https://www.amazon.com/dp/B09LKXR62L?tag=eloabder-20&linkCode=osi&th=1&psc=1">View Product</a></div><div class="product"><a href="https://www.amazon.com/dp/B0CG1H8YRS?tag=eloabder-20&linkCode=osi&th=1&psc=1"><img src="https://m.media-amazon.com/images/I/31OZES5j9LL._SL500_.jpg" alt="Product Image"></a><p>TIRTIR Milk Skin Rice Toner | Deep Moisturizing, Instant Glow, 2% Niacinamide, Rice Bran Extract, Ceramide, Panthenol, Cruelty-Free, Fungal Acne Friendly, Vegan, 5.07 fl.oz.</p><p>$24.99 ($4.93 / Fl Oz)</p><a href="https://www.amazon.com/dp/B0CG1H8YRS?tag=eloabder-20&linkCode=osi&th=1&psc=1">View Product</a></div><div class="product"><a href="https://www.amazon.com/dp/B007HD570Q?tag=eloabder-20&linkCode=osi&th=1&psc=1"><img src="https://m.media-amazon.com/images/I/31uC8ENEVqL._SL500_.jpg" alt="Product Image"></a><p>Thayers Alcohol-Free, Hydrating Rose Petal Witch Hazel Facial Toner with Aloe Vera Formula, Vegan, Dermatologist Tested and Recommended, 12 Oz</p><p>$10.53 ($0.88 / Fl Oz)</p><a href="https://www.amazon.com/dp/B007HD570Q?tag=eloabder-20&linkCode=osi&th=1&psc=1">View Product</a></div><div class="product"><a href="https://www.amazon.com/dp/B01LZK411L?tag=eloabder-20&linkCode=osi&th=1&psc=1"><img src="https://m.media-amazon.com/images/I/31la+He5vRL._SL500_.jpg" alt="Product Image"></a><p>ACWELL Licorice pH Balancing Korean Toner for Cleansing 5.07 fl.oz. - Alcohol-Free PH5.5 Hydrating Facial Astringent - Skin Clarifying & Hydration Boosting Toner</p><p>$16.00 ($3.14 / Fl Oz)</p><a href="https://www.amazon.com/dp/B01LZK411L?tag=eloabder-20&linkCode=osi&th=1&psc=1">View Product</a></div><div class="product"><a href="https://www.amazon.com/dp/B07BYJF7L7?tag=eloabder-20&linkCode=osi&th=1&psc=1"><img src="https://m.media-amazon.com/images/I/31+G3Xc+J7L._SL500_.jpg" alt="Product Image"></a><p>SOME BY MI AHA BHA PHA 30 Days Miracle Toner - 5.07Oz, 150ml - Made from Tea Tree Water for Sensitive Skin - Mild Exfoliating Daily Face Toner - Skin Wastes, Sebum and Oiliness Care - Korean Skin Care</p><p>$12.00 ($2.37 / Fl Oz)</p><a href="https://www.amazon.com/dp/B07BYJF7L7?tag=eloabder-20&linkCode=osi&th=1&psc=1">View Product</a></div><div class="product"><a href="https://www.amazon.com/dp/B00LO2RO7K?tag=eloabder-20&linkCode=osi&th=1&psc=1"><img src="https://m.media-amazon.com/images/I/31Wb52+KYzL._SL500_.jpg" alt="Product Image"></a><p>La Roche-Posay Effaclar Clarifying Solution Acne Toner with Salicylic Acid and Glycolic Acid, Pore Refining Oily Skin Toner, Gentle Exfoliant to Unclog Pores and Remove Dead Skin Cells</p><p>$16.99 ($2.51 / Fl Oz)</p><a href="https://www.amazon.com/dp/B00LO2RO7K?tag=eloabder-20&linkCode=osi&th=1&psc=1">View Product</a></div><div class="product"><a href="https://www.amazon.com/dp/B008EPPIQ4?tag=eloabder-20&linkCode=osi&th=1&psc=1"><img src="https://m.media-amazon.com/images/I/31-lQL0AkZL._SL500_.jpg" alt="Product Image"></a><p>Paula's Choice Skin Balancing Pore-Reducing Toner for Combination and Oily Skin, Minimizes Large Pores, 6.4 Fluid Ounce Bottle</p><p>$26.00 ($4.06 / Fl Oz)</p><a href="https://www.amazon.com/dp/B008EPPIQ4?tag=eloabder-20&linkCode=osi&th=1&psc=1">View Product</a></div><div class="product"><a href="https://www.amazon.com/dp/B073P6BPF5?tag=eloabder-20&linkCode=osi&th=1&psc=1"><img src="https://m.media-amazon.com/images/I/31hqlVDLizL._SL500_.jpg" alt="Product Image"></a><p>COSRX AHA/BHA Clarifying Treatment Toner, 5.07 fl.oz / 150ml | Exfoliating Facial Spray | Korean Skin Care, Hydrating, Mild Exfoliation, Vegan, Animal Testing Free, Paraben Free</p><p>$10.75 ($2.11 / Fl Oz)</p><a href="https://www.amazon.com/dp/B073P6BPF5?tag=eloabder-20&linkCode=osi&th=1&psc=1">View Product</a></div>
<div class="product"><a href="https://www.amazon.com/dp/B07C5SS6YD?tag=eloabder-20&linkCode=osi&th=1&psc=1"><img src="https://m.media-amazon.com/images/I/31tzIszvgAL._SL500_.jpg" alt="Product Image"></a><p>Paula's Choice Skin Perfecting 2% BHA Liquid Salicylic Acid Exfoliant, Gentle Facial Exfoliator for Blackheads, Large Pores, Wrinkles & Fine Lines, Travel Size, 1 Fluid Ounce</p><p>$14.00</p><a href="https://www.amazon.com/dp/B07C5SS6YD?tag=eloabder-20&linkCode=osi&th=1&psc=1">View Product</a></div><div class="product"><a href="https://www.amazon.com/dp/B07VW3YSWH?tag=eloabder-20&linkCode=osi&th=1&psc=1"><img src="https://m.media-amazon.com/images/I/410j9ZFktHL._SL500_.jpg" alt="Product Image"></a><p>Tree Hut Vitamin C Shea Sugar Scrub, 18 oz, Ultra Hydrating and Exfoliating Scrub for Nourishing Essential Body Care</p><p>$8.94 ($0.50 / Ounce)</p><a href="https://www.amazon.com/dp/B07VW3YSWH?tag=eloabder-20&linkCode=osi&th=1&psc=1">View Product</a></div><div class="product"><a href="https://www.amazon.com/dp/B07NHZP4FW?tag=eloabder-20&linkCode=osi&th=1&psc=1"><img src="https://m.media-amazon.com/images/I/41znKaYV17L._SL500_.jpg" alt="Product Image"></a><p>Seraphic Skincare (Original) Premium Exfoliating Mitt for Body (2pc) – 100% Vegan Viscose Traditional Body Scrub Glove Kessa Korean Washcloth – Body Exfoliator for Self-Tan Removal & Keratosis Pilaris</p><p>$12.99 ($6.50 / Count)</p><a href="https://www.amazon.com/dp/B07NHZP4FW?tag=eloabder-20&linkCode=osi&th=1&psc=1">View Product</a></div><div class="product"><a href="https://www.amazon.com/dp/B001VMJSCW?tag=eloabder-20&linkCode=osi&th=1&psc=1"><img src="https://m.media-amazon.com/images/I/31N7x4-aJAL._SL500_.jpg" alt="Product Image"></a><p>Dermalogica Daily Microfoliant, Face Exfoliator Scrub Powder with Salicylic Acid and Papaya Enzyme, Achieve Brighter, Smoother Skin Daily, 0.45 Oz</p><p>$19.00 ($42.22 / Ounce)</p><a href="https://www.amazon.com/dp/B001VMJSCW?tag=eloabder-20&linkCode=osi&th=1&psc=1">View Product</a></div><div class="product"><a href="https://www.amazon.com/dp/B09Q88TVGJ?tag=eloabder-20&linkCode=osi&th=1&psc=1"><img src="https://m.media-amazon.com/images/I/31jQFJt0t7L._SL500_.jpg" alt="Product Image"></a><p>tingl Face and Body Exfoliator Pads - Anti Aging Acne Treatment with Glycolic Acid, Lactic Acid, and Salicylic Acid - Pore Minimizer, Oil Cleanser, Blackhead Remover and Skin Exfoliator in One</p><p>$38.00 ($38.00 / Count)</p><a href="https://www.amazon.com/dp/B09Q88TVGJ?tag=eloabder-20&linkCode=osi&th=1&psc=1">View Product</a></div><div class="product"><a href="https://www.amazon.com/dp/B0BNWXFH3P?tag=eloabder-20&linkCode=osi&th=1&psc=1"><img src="https://m.media-amazon.com/images/I/51HkdST1FCL._SL500_.jpg" alt="Product Image"></a><p>Dermasuri Deep Exfoliating Glove for Shower - Exfoliating Mitt Body Scrubber - Skin Exfoliator & Dead Skin Remover - Keratosis Pilaris Scrub - Spray Tan Remover - Korean Skincare for Body (2 Pack)</p><p>$19.99 ($10.00 / Count)</p><a href="https://www.amazon.com/dp/B0BNWXFH3P?tag=eloabder-20&linkCode=osi&th=1&psc=1">View Product</a></div><div class="product"><a href="https://www.amazon.com/dp/B076DSRB6B?tag=eloabder-20&linkCode=osi&th=1&psc=1"><img src="https://m.media-amazon.com/images/I/51lTK55c5UL._SL500_.jpg" alt="Product Image"></a><p>Himalayan Salt Scrub Face Foot & Body Exfoliator Infused with Collagen and Stem Cell Natural Exfoliating Salt Body Scrub for Toning Cellulite Skin Care by M3 Naturals</p><p>$25.81 ($2.15 / Ounce)</p><a href="https://www.amazon.com/dp/B076DSRB6B?tag=eloabder-20&linkCode=osi&th=1&psc=1">View Product</a></div><div class="product"><a href="https://www.amazon.com/dp/B004GEV9JW?tag=eloabder-20&linkCode=osi&th=1&psc=1"><img src="https://m.media-amazon.com/images/I/41MgyDfHXfL._SL500_.jpg" alt="Product Image"></a><p>Buf-Puf Gentle Facial Sponge, Dermatologist Developed, Removes Deep Down Dirt & Makeup That Causes Breakouts and Blackheads, Reusable, Exfoliating, 1 Count</p><p>$8.71</p><a href="https://www.amazon.com/dp/B004GEV9JW?tag=eloabder-20&linkCode=osi&th=1&psc=1">View Product</a></div><div class="product"><a href="https://www.amazon.com/dp/B0000632EN?tag=eloabder-20&linkCode=osi&th=1&psc=1"><img src="https://m.media-amazon.com/images/I/314AH1Zo0lL._SL500_.jpg" alt="Product Image"></a><p>Aveeno Positively Radiant Exfoliating Facial Scrub, Brightening Face Scrub with Soy Extract to Visibly Improve Skin Tone and Texture, Oil-Free, Soap-Free, Hypoallergenic Formula, 5 FL OZ</p><p>$7.97 ($1.59 / Ounce)</p><a href="https://www.amazon.com/dp/B0000632EN?tag=eloabder-20&linkCode=osi&th=1&psc=1">View Product</a></div>
<div class="product"><a href="https://www.amazon.com/dp/B005IHT94S?tag=eloabder-20&linkCode=osi&th=1&psc=1"><img src="https://m.media-amazon.com/images/I/31YAXVCRMAL._SL500_.jpg" alt="Product Image"></a><p>Neutrogena Ultra Sheer Dry-Touch Water Resistant and Non-Greasy Sunscreen Lotion with Broad Spectrum SPF 70, 3 Fl Oz (Pack of 1)</p><p>$9.88 ($3.29 / Fl Oz)</p><a href="https://www.amazon.com/dp/B005IHT94S?tag=eloabder-20&linkCode=osi&th=1&psc=1">View Product</a></div><div class="product"><a href="https://www.amazon.com/dp/B078BC1NJ6?tag=eloabder-20&linkCode=osi&th=1&psc=1"><img src="https://m.media-amazon.com/images/I/51V4LMN2zEL._SL500_.jpg" alt="Product Image"></a><p>Coppertone Sport Sunscreen Spray SPF 50, Water Resistant Spray Sunscreen, Broad Spectrum SPF 50 Sunscreen, Bulk Sunscreen Pack, 5.5 Oz Bottle, Pack of 3</p><p>$20.63 ($1.25 / Ounce)</p><a href="https://www.amazon.com/dp/B078BC1NJ6?tag=eloabder-20&linkCode=osi&th=1&psc=1">View Product</a></div><div class="product"><a href="https://www.amazon.com/dp/B01MQXX9US?tag=eloabder-20&linkCode=osi&th=1&psc=1"><img src="https://m.media-amazon.com/images/I/41Zi7BP15NL._SL500_.jpg" alt="Product Image"></a><p>Banana Boat Sport Ultra SPF 50 Sunscreen Spray Twin Pack | Banana Boat Sunscreen Spray SPF 50, Spray On Sunscreen, Water Resistant Sunscreen, Oxybenzone Free Sunscreen Pack, 6oz each</p><p>$13.97 ($1.16 / Ounce)</p><a href="https://www.amazon.com/dp/B01MQXX9US?tag=eloabder-20&linkCode=osi&th=1&psc=1">View Product</a></div><div class="product"><a href="https://www.amazon.com/dp/B00AEN4QZ8?tag=eloabder-20&linkCode=osi&th=1&psc=1"><img src="https://m.media-amazon.com/images/I/31QMrCJPoeL._SL500_.jpg" alt="Product Image"></a><p>Neutrogena Beach Defense Water-Resistant Face & Body SPF 70 Sunscreen Lotion with Broad Spectrum UVA/UVB Protection, Oil-Free Fast-Absorbing Sunscreen Lotion, Oxybenzone-Free, 6.7 oz</p><p>$9.60 ($1.43 / Fl Oz)</p><a href="https://www.amazon.com/dp/B00AEN4QZ8?tag=eloabder-20&linkCode=osi&th=1&psc=1">View Product</a></div><div class="product"><a href="https://www.amazon.com/dp/B076GZX3KL?tag=eloabder-20&linkCode=osi&th=1&psc=1"><img src="https://m.media-amazon.com/images/I/41BQoEZMuTL._SL500_.jpg" alt="Product Image"></a><p>Neutrogena Sunscreen Spray, Ultra Sheer ® Body Mist, Broad Spectrum SPF 70, Non-Greasy Water Resistant Body Sunscreen Mist, Non-Comedogenic, 5 oz (Pack of 3)</p><p>$22.60 ($1.51 / Ounce)</p><a href="https://www.amazon.com/dp/B076GZX3KL?tag=eloabder-20&linkCode=osi&th=1&psc=1">View Product</a></div><div class="product"><a href="https://www.amazon.com/dp/B004D2DR0Q?tag=eloabder-20&linkCode=osi&th=1&psc=1"><img src="https://m.media-amazon.com/images/I/41QwzCWNnFL._SL500_.jpg" alt="Product Image"></a><p>Neutrogena Ultra Sheer Dry-Touch Water Resistant and Non-Greasy Sunscreen Lotion with Broad Spectrum SPF 45, TSA-Compliant travel Size, 3 Fl Oz, Pack of 2, 6 Fl Oz</p><p>$13.99 ($2.33 / Fl Oz)</p><a href="https://www.amazon.com/dp/B004D2DR0Q?tag=eloabder-20&linkCode=osi&th=1&psc=1">View Product</a></div><div class="product"><a href="https://www.amazon.com/dp/B002CML1VG?tag=eloabder-20&linkCode=osi&th=1&psc=1"><img src="https://m.media-amazon.com/images/I/41ufC4L5QQL._SL500_.jpg" alt="Product Image"></a><p>La Roche-Posay Anthelios Melt-In Milk Sunscreen SPF 60 | Sunscreen For Body & Face | Broad Spectrum SPF + Antioxidants | Oil Free Sunscreen Lotion | Lightweight & Fast Absorbing | Oxybenzone Free</p><p>$37.99 ($7.60 / Fl Oz)</p><a href="https://www.amazon.com/dp/B002CML1VG?tag=eloabder-20&linkCode=osi&th=1&psc=1">View Product</a></div><div class="product"><a href="https://www.amazon.com/dp/B00B81XR1Y?tag=eloabder-20&linkCode=osi&th=1&psc=1"><img src="https://m.media-amazon.com/images/I/41NtDXr-dML._SL500_.jpg" alt="Product Image"></a><p>Banana Boat Sport Ultra SPF 30 Sunscreen Spray Twin Pack | Banana Boat Sunscreen Spray SPF 30, Spray On Sunscreen, Water Resistant Sunscreen, Oxybenzone Free Sunscreen Pack, 6oz each</p><p>$13.47 ($1.12 / Ounce)</p><a href="https://www.amazon.com/dp/B00B81XR1Y?tag=eloabder-20&linkCode=osi&th=1&psc=1">View Product</a></div><div class="product"><a href="https://www.amazon.com/dp/B07X1YDGSF?tag=eloabder-20&linkCode=osi&th=1&psc=1"><img src="https://m.media-amazon.com/images/I/31PSmI7nKIL._SL500_.jpg" alt="Product Image"></a><p>Neutrogena Beach Defense Sunscreen Spray SPF 50 Water-Resistant Body Spray with Broad Spectrum , PABA-Free, Oxybenzone-Free & Fast-Drying, Superior Sun Protection, 6.5 oz, Transparent</p><p>$9.88 ($1.52 / Ounce)</p><a href="https://www.amazon.com/dp/B07X1YDGSF?tag=eloabder-20&linkCode=osi&th=1&psc=1">View Product</a></div>
<div class="product"><a href="https://www.amazon.com/dp/B00JJPMXDO?tag=eloabder-20&linkCode=osi&th=1&psc=1"><img src="https://m.media-amazon.com/images/I/41xUbY21ojL._SL500_.jpg" alt="Product Image"></a><p>CeraVe Eye Repair Cream | Under Eye Cream For Puffiness And Bags Under Eyes | Hyaluronic Acid + Niacinamide + Marine Botanical Complex | Hydrating Eye Cream | Oil Free & Opthalmologist Tested</p><p>$13.43 ($26.86 / Ounce)</p><a href="https://www.amazon.com/dp/B00JJPMXDO?tag=eloabder-20&linkCode=osi&th=1&psc=1">View Product</a></div><div class="product"><a href="https://www.amazon.com/dp/B0B3GCCRVH?tag=eloabder-20&linkCode=osi&th=1&psc=1"><img src="https://m.media-amazon.com/images/I/41EdCdrw-AL._SL500_.jpg" alt="Product Image"></a><p>CeraVe Skin Renewing Eye Cream For Wrinkles | Under Eye Cream With Peptides + Caffeine + Niacinamide | Anti Aging Eye Cream For Wrinkles & Crows Feet | Paraben Free & Opthalmologist Tested</p><p>$18.49 ($36.98 / Ounce)</p><a href="https://www.amazon.com/dp/B0B3GCCRVH?tag=eloabder-20&linkCode=osi&th=1&psc=1">View Product</a></div><div class="product"><a href="https://www.amazon.com/dp/B00005333I?tag=eloabder-20&linkCode=osi&th=1&psc=1"><img src="https://m.media-amazon.com/images/I/31webfO63dL._SL500_.jpg" alt="Product Image"></a><p>L'Oreal Paris Dermo-Expertise Eye Defense Eye Cream with Caffeine and Hyaluronic Acid 0.5 oz</p><p>$12.27 ($24.54 / Ounce)</p><a href="https://www.amazon.com/dp/B00005333I?tag=eloabder-20&linkCode=osi&th=1&psc=1">View Product</a></div><div class="product"><a href="https://www.amazon.com/dp/B0CZJ8N83D?tag=eloabder-20&linkCode=osi&th=1&psc=1"><img src="https://m.media-amazon.com/images/I/31fQO3OHiML._SL500_.jpg" alt="Product Image"></a><p>PRIME PROMETICS PrimeEyes Hydrate Under Eye Cream for Mature Women – Hydrating Eye Cream for Dark Circles and Wrinkle Repair – Soft, Glowing & Healthy Under Eyes</p><p>$62.00</p><a href="https://www.amazon.com/dp/B0CZJ8N83D?tag=eloabder-20&linkCode=osi&th=1&psc=1">View Product</a></div><div class="product"><a href="https://www.amazon.com/dp/B0009RFB76?tag=eloabder-20&linkCode=osi&th=1&psc=1"><img src="https://m.media-amazon.com/images/I/31M2iQDNDOL._SL500_.jpg" alt="Product Image"></a><p>RoC Retinol Correxion Under Eye Cream for Dark Circles & Puffiness, Daily Wrinkle Cream, Anti Aging Line Smoothing Skin Care Treatment for Women and Men, 0.5 oz (Packaging May Vary)</p><p>$19.77 ($39.54 / Fl Oz)</p><a href="https://www.amazon.com/dp/B0009RFB76?tag=eloabder-20&linkCode=osi&th=1&psc=1">View Product</a></div><div class="product"><a href="https://www.amazon.com/dp/B0D3TG6MN3?tag=eloabder-20&linkCode=osi&th=1&psc=1"><img src="https://m.media-amazon.com/images/I/21-DQIJf5xL._SL500_.jpg" alt="Product Image"></a><p>Dr.Melaxin Eyephalt Eyebag Cream for Puffiness, Dark Circles&Fine Lines | EGF Anti-Aging Under Eye Moisturizer with Niacinamide&Ceramide 0.33 fl.oz.</p><p>$59.00 ($178.79 / Fl Oz)</p><a href="https://www.amazon.com/dp/B0D3TG6MN3?tag=eloabder-20&linkCode=osi&th=1&psc=1">View Product</a></div><div class="product"><a href="https://www.amazon.com/dp/B07CKJRJXB?tag=eloabder-20&linkCode=osi&th=1&psc=1"><img src="https://m.media-amazon.com/images/I/31pJCzbhXrL._SL500_.jpg" alt="Product Image"></a><p>No7 Lift & Luminate Triple Action Eye Cream - Anti-Aging Under Eye Cream for Dark Circles, Puffiness & Wrinkles - Formulated with Vitamin C to Brighten and Refresh Tired Eyes (0.5 Fl Oz)</p><p>$15.99</p><a href="https://www.amazon.com/dp/B07CKJRJXB?tag=eloabder-20&linkCode=osi&th=1&psc=1">View Product</a></div>
<div class="product"><a href="https://www.amazon.com/dp/B0BBSP2JNQ?tag=eloabder-20&linkCode=osi&th=1&psc=1"><img src="https://m.media-amazon.com/images/I/51qb7tiAJgL._SL500_.jpg" alt="Product Image"></a><p>SimplyVital Face Moisturizer Collagen Cream - Anti Aging Neck and Décolleté - Made in USA Day & Night Face Cream - Moisturizing, Lifting & Recovery – 1.7oz</p><p>$22.89 ($13.46 / Fl Oz)</p><a href="https://www.amazon.com/dp/B0BBSP2JNQ?tag=eloabder-20&linkCode=osi&th=1&psc=1">View Product</a></div><div class="product"><a href="https://www.amazon.com/dp/B008EKY8VK?tag=eloabder-20&linkCode=osi&th=1&psc=1"><img src="https://m.media-amazon.com/images/I/419EZkaOOIL._SL500_.jpg" alt="Product Image"></a><p>L'Oreal Paris Revitalift Triple Power Anti-Aging Face Moisturizer, Pro Retinol, Hyaluronic Acid & Vitamin C to Reduce Wrinkles, Firm & Brighten Skin, 1.7 Oz</p><p>$17.86 ($10.51 / Ounce)</p><a href="https://www.amazon.com/dp/B008EKY8VK?tag=eloabder-20&linkCode=osi&th=1&psc=1">View Product</a></div><div class="product"><a href="https://www.amazon.com/dp/B00HNSSPDG?tag=eloabder-20&linkCode=osi&th=1&psc=1"><img src="https://m.media-amazon.com/images/I/41zARcUorbL._SL500_.jpg" alt="Product Image"></a><p>Neutrogena Triple Age Repair Anti-Aging Night Cream with Vitamin C; Fights Wrinkles & Evens Tone, Firming Anti-Wrinkle Face & Neck Cream; Glycerin & Shea Butter, 1.7 oz</p><p>$19.19 ($11.29 / Ounce)</p><a href="https://www.amazon.com/dp/B00HNSSPDG?tag=eloabder-20&linkCode=osi&th=1&psc=1">View Product</a></div><div class="product"><a href="https://www.amazon.com/dp/B0C9H6PD9B?tag=eloabder-20&linkCode=osi&th=1&psc=1"><img src="https://m.media-amazon.com/images/I/51MQp9qtYZL._SL500_.jpg" alt="Product Image"></a><p>Collagen Face Moisturizer with Airless Pump - Collagen Botanical Stem Cells Cream for Skin with Retinol, Niacinamide, Hyaluronic Acid - Anti-Aging Day & Night Cream - Made in USA (1.7 Oz)</p><p>$14.99 ($8.82 / Ounce)</p><a href="https://www.amazon.com/dp/B0C9H6PD9B?tag=eloabder-20&linkCode=osi&th=1&psc=1">View Product</a></div><div class="product"><a href="https://www.amazon.com/dp/B01ES349CY?tag=eloabder-20&linkCode=osi&th=1&psc=1"><img src="https://m.media-amazon.com/images/I/51C9olHbYgL._SL500_.jpg" alt="Product Image"></a><p>LilyAna Naturals Retinol Cream - Made in USA, Anti Aging Moisturizer for Face and Neck,Wrinkle, Retinol Complex - 1.7oz</p><p>$18.16 ($10.68 / Ounce)</p><a href="https://www.amazon.com/dp/B01ES349CY?tag=eloabder-20&linkCode=osi&th=1&psc=1">View Product</a></div><div class="product"><a href="https://www.amazon.com/dp/B00QSHEN0M?tag=eloabder-20&linkCode=osi&th=1&psc=1"><img src="https://m.media-amazon.com/images/I/41XiN2SLyrL._SL500_.jpg" alt="Product Image"></a><p>Burt's Bees Renewal Firming Face Cream, Anti-Aging Retinol Alternative, Moisturizing Natural Origin Skin Care, 1.8 Ounce (Packaging May Vary)</p><p>$9.75 ($5.42 / Ounce)</p><a href="https://www.amazon.com/dp/B00QSHEN0M?tag=eloabder-20&linkCode=osi&th=1&psc=1">View Product</a></div><div class="product"><a href="https://www.amazon.com/dp/B0744JV661?tag=eloabder-20&linkCode=osi&th=1&psc=1"><img src="https://m.media-amazon.com/images/I/41uJ0OhvRuL._SL500_.jpg" alt="Product Image"></a><p>RoC Retinol Correxion Max Daily Hydration Anti-Aging Face Moisturizer with Hyaluronic Acid, Oil Free Skin Care Cream for Fine Lines, Dark Spots, Post-Acne Scars, 1.7 Ounces (Packaging May Vary)</p><p>$21.53 ($12.66 / Ounce)</p><a href="https://www.amazon.com/dp/B0744JV661?tag=eloabder-20&linkCode=osi&th=1&psc=1">View Product</a></div><div class="product"><a href="https://www.amazon.com/dp/B004D2C57M?tag=eloabder-20&linkCode=osi&th=1&psc=1"><img src="https://m.media-amazon.com/images/I/4106jzuxtsL._SL500_.jpg" alt="Product Image"></a><p>Neutrogena Retinol Face Moisturizer, Rapid Wrinkle Repair with SPF 30 Sunscreen, Daily Anti-Aging Face Cream with Retinol & Hyaluronic Acid to Fight Fine Lines, Wrinkles, & Dark Spots, 1 fl. oz</p><p>$17.14</p><a href="https://www.amazon.com/dp/B004D2C57M?tag=eloabder-20&linkCode=osi&th=1&psc=1">View Product</a></div><div class="product"><a href="https://www.amazon.com/dp/B0B5TBVX6C?tag=eloabder-20&linkCode=osi&th=1&psc=1"><img src="https://m.media-amazon.com/images/I/51nRJsctWHL._SL500_.jpg" alt="Product Image"></a><p>Retinol Cream for Face - Facial Moisturizer with Collagen and Hyaluronic Acid, Anti-Wrinkle Reduce Fine Lines Vitamin C+E Natural-Ingredient Day Night Anti-Aging For Women Men</p><p>$14.99 ($8.82 / Fl Oz)</p><a href="https://www.amazon.com/dp/B0B5TBVX6C?tag=eloabder-20&linkCode=osi&th=1&psc=1">View Product</a></div>
<div class="product"><a href="https://www.amazon.com/dp/B00DG8F02Q?tag=eloabder-20&linkCode=osi&th=1&psc=1"><img src="https://m.media-amazon.com/images/I/31+WLRw2Y6L._SL500_.jpg" alt="Product Image"></a><p>NIVEA Shea Nourish Body Lotion, 48-Hour Moisturizing Shea Butter Lotion for Dry Skin with Deep Nourishing Serum, 16.9 Fl Oz Pump Bottle</p><p>$6.29 ($0.37 / Fl Oz)</p><a href="https://www.amazon.com/dp/B00DG8F02Q?tag=eloabder-20&linkCode=osi&th=1&psc=1">View Product</a></div><div class="product"><a href="https://www.amazon.com/dp/B076G2XGY3?tag=eloabder-20&linkCode=osi&th=1&psc=1"><img src="https://m.media-amazon.com/images/I/41jIXvha20L._SL500_.jpg" alt="Product Image"></a><p>NIVEA Essentially Enriched Body Lotion for Dry Skin, Pack of 2, 16.9 Fl Oz Pump Bottles</p><p>$10.98 ($0.32 / Fl Oz)</p><a href="https://www.amazon.com/dp/B076G2XGY3?tag=eloabder-20&linkCode=osi&th=1&psc=1">View Product</a></div><div class="product"><a href="https://www.amazon.com/dp/B00DG8EZKO?tag=eloabder-20&linkCode=osi&th=1&psc=1"><img src="https://m.media-amazon.com/images/I/31DT3ghuyXL._SL500_.jpg" alt="Product Image"></a><p>NIVEA Intense Healing Body Lotion for Dry Skin, 72-Hour Moisturizing Lotion with Deep Nourishing Serum and Provitamin B5, 16.9 Fl Oz Pump Bottle</p><p>$6.29 ($0.37 / Fl Oz)</p><a href="https://www.amazon.com/dp/B00DG8EZKO?tag=eloabder-20&linkCode=osi&th=1&psc=1">View Product</a></div><div class="product"><a href="https://www.amazon.com/dp/B08KT5HM98?tag=eloabder-20&linkCode=osi&th=1&psc=1"><img src="https://m.media-amazon.com/images/I/311EVJ1x7tL._SL500_.jpg" alt="Product Image"></a><p>eos Shea Better Body Lotion- Coconut Waters, 24-Hour Moisture Skin Care, Lightweight & Non-Greasy, Made with Natural Shea, Vegan, 16 fl oz</p><p>$8.98 ($0.56 / Fl Oz)</p><a href="https://www.amazon.com/dp/B08KT5HM98?tag=eloabder-20&linkCode=osi&th=1&psc=1">View Product</a></div><div class="product"><a href="https://www.amazon.com/dp/B0034F9K36?tag=eloabder-20&linkCode=osi&th=1&psc=1"><img src="https://m.media-amazon.com/images/I/319i3EFVPvL._SL500_.jpg" alt="Product Image"></a><p>Jergens Ultra Healing Dry Skin Moisturizer, Body and Hand Lotion for Dry Skin, for Quick Absorption into Extra Dry Skin, with HYDRALUCENCE blend, Vitamins C, E, and B5, 32 Ounce</p><p>$8.17 ($0.26 / Fl Oz)</p><a href="https://www.amazon.com/dp/B0034F9K36?tag=eloabder-20&linkCode=osi&th=1&psc=1">View Product</a></div><div class="product"><a href="https://www.amazon.com/dp/B003JT8PKQ?tag=eloabder-20&linkCode=osi&th=1&psc=1"><img src="https://m.media-amazon.com/images/I/31TFisQDpKL._SL500_.jpg" alt="Product Image"></a><p>Lubriderm Daily Moisture Lotion + Pro-Ceramide with Shea Butter & Glycerin Helps Moisturize Dry Skin, Hydrating Face, Hand & Body Lotion is Lightly Scented & Non-Greasy, 24 fl. oz</p><p>$10.12 ($0.42 / Fl Oz)</p><a href="https://www.amazon.com/dp/B003JT8PKQ?tag=eloabder-20&linkCode=osi&th=1&psc=1">View Product</a></div><div class="product"><a href="https://www.amazon.com/dp/B07RK4HST7?tag=eloabder-20&linkCode=osi&th=1&psc=1"><img src="https://m.media-amazon.com/images/I/412DGoW35mL._SL500_.jpg" alt="Product Image"></a><p>CeraVe Daily Moisturizing Lotion for Dry Skin | Body Lotion & Face Moisturizer with Hyaluronic Acid and Ceramides | Daily Moisturizer | Fragrance Free | Oil-Free | 19 Ounce</p><p>$18.50 ($0.97 / Fl Oz)</p><a href="https://www.amazon.com/dp/B07RK4HST7?tag=eloabder-20&linkCode=osi&th=1&psc=1">View Product</a></div><div class="product"><a href="https://www.amazon.com/dp/B0D484X4RL?tag=eloabder-20&linkCode=osi&th=1&psc=1"><img src="https://m.media-amazon.com/images/I/31rZLOx+KEL._SL500_.jpg" alt="Product Image"></a><p>Native Body Lotion Contains Naturally Derived Plant-Based Moisturizers for Women and Men | Restores Dry Skin, Coconut & Vanilla, 16.5 fl oz</p><p>$13.97 ($0.85 / Fl Oz)</p><a href="https://www.amazon.com/dp/B0D484X4RL?tag=eloabder-20&linkCode=osi&th=1&psc=1">View Product</a></div><div class="product"><a href="https://www.amazon.com/dp/B073CXZ8KR?tag=eloabder-20&linkCode=osi&th=1&psc=1"><img src="https://m.media-amazon.com/images/I/31r1ImnqoOL._SL500_.jpg" alt="Product Image"></a><p>Nivea Oil Infused Cherry Blossom and Jojoba Oil Body Lotion, Non-Greasy Cherry Blossom Scented Lotion Moisturizes for 24+ Hours, 16.9 Fl Oz Pump Bottle</p><p>$6.29 ($0.37 / Fl Oz)</p><a href="https://www.amazon.com/dp/B073CXZ8KR?tag=eloabder-20&linkCode=osi&th=1&psc=1">View Product</a></div><div class="product"><a href="https://www.amazon.com/dp/B09HHBKK15?tag=eloabder-20&linkCode=osi&th=1&psc=1"><img src="https://m.media-amazon.com/images/I/31gFI+hSGmL._SL500_.jpg" alt="Product Image"></a><p>Amazon Basics Cocoa Butter Body Lotion, Lightly scented, 20.3 fl oz</p><p>$4.89 ($0.24 / Fl Oz)</p><a href="https://www.amazon.com/dp/B09HHBKK15?tag=eloabder-20&linkCode=osi&th=1&psc=1">View Product</a></div>
<div class="product"><a href="https://www.amazon.com/dp/B0BVBZPX9B?tag=eloabder-20&linkCode=osi&th=1&psc=1"><img src="https://m.media-amazon.com/images/I/61Y09jlKZkL._SL500_.jpg" alt="Product Image"></a><p>Dove Deep Moisture Body Wash 30.6 Fl Oz Pack of 3 with Pump, Luxurious Hydration for Dry Skin, Cleanser with 24hr Renewing MicroMoisture</p><p>$23.22 ($0.25 / Fl Oz)</p><a href="https://www.amazon.com/dp/B0BVBZPX9B?tag=eloabder-20&linkCode=osi&th=1&psc=1">View Product</a></div><div class="product"><a href="https://www.amazon.com/dp/B0BT1VXDGD?tag=eloabder-20&linkCode=osi&th=1&psc=1"><img src="https://m.media-amazon.com/images/I/217eAv7yKyL._SL500_.jpg" alt="Product Image"></a><p>Method Body Wash, Pure Peace, Paraben and Phthalate Free, Biodegradable Formula, 28 oz (Pack of 1)</p><p>$11.48 ($0.41 / Fl Oz)</p><a href="https://www.amazon.com/dp/B0BT1VXDGD?tag=eloabder-20&linkCode=osi&th=1&psc=1">View Product</a></div><div class="product"><a href="https://www.amazon.com/dp/B0BVBYQGTW?tag=eloabder-20&linkCode=osi&th=1&psc=1"><img src="https://m.media-amazon.com/images/I/61En44WjwPL._SL500_.jpg" alt="Product Image"></a><p>Dove Body Wash with Pump Sensitive Skin 3 Count Hypoallergenic, Paraben-Free, Sulfate-Free, Cruelty-Free, Moisturizing Skin Cleanser Effectively Washes Away Bacteria While Nourishing Skin 30.6 oz</p><p>$23.22 ($0.25 / Fl Oz)</p><a href="https://www.amazon.com/dp/B0BVBYQGTW?tag=eloabder-20&linkCode=osi&th=1&psc=1">View Product</a></div><div class="product"><a href="https://www.amazon.com/dp/B0CGY5BLBW?tag=eloabder-20&linkCode=osi&th=1&psc=1"><img src="https://m.media-amazon.com/images/I/61X7MjVU6uL._SL500_.jpg" alt="Product Image"></a><p>Dove Exfoliating Body Wash Glow Recharge Energizes & illuminates skin 3% brightening serum with vitamin C 18.5 oz</p><p>$9.79 ($0.53 / Fl Oz)</p><a href="https://www.amazon.com/dp/B0CGY5BLBW?tag=eloabder-20&linkCode=osi&th=1&psc=1">View Product</a></div><div class="product"><a href="https://www.amazon.com/dp/B082QB23YG?tag=eloabder-20&linkCode=osi&th=1&psc=1"><img src="https://m.media-amazon.com/images/I/31QPAuuaLwL._SL500_.jpg" alt="Product Image"></a><p>NIVEA Refreshing White Peach and Jasmine Body Wash, Scented Body Wash with Nourishing Serum, Plant-Derived Oils, Essential Skin Lipids and Vitamins, 20 Fl Oz Bottle</p><p>$4.89 ($0.24 / Fl Oz)</p><a href="https://www.amazon.com/dp/B082QB23YG?tag=eloabder-20&linkCode=osi&th=1&psc=1">View Product</a></div><div class="product"><a href="https://www.amazon.com/dp/B0BHH1LBX2?tag=eloabder-20&linkCode=osi&th=1&psc=1"><img src="https://m.media-amazon.com/images/I/41aG-jLyOqL._SL500_.jpg" alt="Product Image"></a><p>Olay Ultra Rich Moisture Body Wash for Women, Deeply Nourishes, Vitamin B3 Complex, Clinically Proven, Shea Butter Scent, 22 fl oz (Pack of 4)</p><p>$27.96 ($0.32 / Fl Oz)</p><a href="https://www.amazon.com/dp/B0BHH1LBX2?tag=eloabder-20&linkCode=osi&th=1&psc=1">View Product</a></div><div class="product"><a href="https://www.amazon.com/dp/B07FD24RTR?tag=eloabder-20&linkCode=osi&th=1&psc=1"><img src="https://m.media-amazon.com/images/I/31klAgInvXL._SL500_.jpg" alt="Product Image"></a><p>Aveeno Stress Relief Body Wash with Soothing Oat for Sensitive Skin, Lavender Body Wash to help you feel Calm and Relaxed, Sulfate-Free, 33 FL OZ</p><p>$13.48 ($0.41 / Fl Oz)</p><a href="https://www.amazon.com/dp/B07FD24RTR?tag=eloabder-20&linkCode=osi&th=1&psc=1">View Product</a></div><div class="product"><a href="https://www.amazon.com/dp/B082QC2MCX?tag=eloabder-20&linkCode=osi&th=1&psc=1"><img src="https://m.media-amazon.com/images/I/31ohT5XH1TS._SL500_.jpg" alt="Product Image"></a><p>NIVEA Shea Butter Nourishing Body Wash, Moisturizing Body Wash with Nourishing Serum, Plant-Derived Oils, Essential Skin Lipids and Vitamins, 20 Fl Oz Bottle</p><p>$5.29 ($0.26 / Fl Oz)</p><a href="https://www.amazon.com/dp/B082QC2MCX?tag=eloabder-20&linkCode=osi&th=1&psc=1">View Product</a></div><div class="product"><a href="https://www.amazon.com/dp/B0BVBYDTZ6?tag=eloabder-20&linkCode=osi&th=1&psc=1"><img src="https://m.media-amazon.com/images/I/61UbJzK8yIL._SL500_.jpg" alt="Product Image"></a><p>Dove Body Wash with Pump Refreshing Cucumber and Green Tea 3 Count Refreshes Skin Cleanser That Effectively Washes Away Bacteria While Nourishing Your Skin 30.6 oz</p><p>$29.91 ($0.33 / Fl Oz)</p><a href="https://www.amazon.com/dp/B0BVBYDTZ6?tag=eloabder-20&linkCode=osi&th=1&psc=1">View Product</a></div><div class="product"><a href="https://www.amazon.com/dp/B082QBPDJC?tag=eloabder-20&linkCode=osi&th=1&psc=1"><img src="https://m.media-amazon.com/images/I/31tC4JDwHQL._SL500_.jpg" alt="Product Image"></a><p>NIVEA Coconut and Almond Milk Pampering Body Wash, Moisturizing Body Wash with Nourishing Serum, Plant-Derived Oils, Essential Skin Lipids and Vitamins, 20 Fl Oz Bottle</p><p>$4.99 ($0.25 / Fl Oz)</p><a href="https://www.amazon.com/dp/B082QBPDJC?tag=eloabder-20&linkCode=osi&th=1&psc=1">View Product</a></div>
<div class="product"><a href="https://www.amazon.com/dp/B07N7MWX72?tag=eloabder-20&linkCode=osi&th=1&psc=1"><img src="https://m.media-amazon.com/images/I/414aNTDFuRL._SL500_.jpg" alt="Product Image"></a><p>Mielle Organics Rosemary Mint Strengthening Shampoo Infused with Biotin, Cleanses and Helps Strengthen Weak and Brittle Hair, 12 Ounces</p><p>$9.97 ($0.83 / Fl Oz)</p><a href="https://www.amazon.com/dp/B07N7MWX72?tag=eloabder-20&linkCode=osi&th=1&psc=1">View Product</a></div><div class="product"><a href="https://www.amazon.com/dp/B01N97PCBH?tag=eloabder-20&linkCode=osi&th=1&psc=1"><img src="https://m.media-amazon.com/images/I/41KYNMCTIPL._SL500_.jpg" alt="Product Image"></a><p>Garnier Fructis Pure Clean Purifying Shampoo, Silicone-Free, 12.5 Fl Oz, 1 Count (Packaging May Vary)</p><p>$3.97 ($0.32 / Fl Oz)</p><a href="https://www.amazon.com/dp/B01N97PCBH?tag=eloabder-20&linkCode=osi&th=1&psc=1">View Product</a></div><div class="product"><a href="https://www.amazon.com/dp/B07D37PQGL?tag=eloabder-20&linkCode=osi&th=1&psc=1"><img src="https://m.media-amazon.com/images/I/31+tZhs5TNL._SL500_.jpg" alt="Product Image"></a><p>Olaplex No. 4 Bond Maintenance Shampoo, Repairs, Strengthens, & Nourishes All Hair Types, Adds Shine & Leaves Hair Feeling Soft, 8.5 fl oz</p><p>$30.00 ($3.53 / Fl Oz)</p><a href="https://www.amazon.com/dp/B07D37PQGL?tag=eloabder-20&linkCode=osi&th=1&psc=1">View Product</a></div><div class="product"><a href="https://www.amazon.com/dp/B084LHV2M1?tag=eloabder-20&linkCode=osi&th=1&psc=1"><img src="https://m.media-amazon.com/images/I/4174ry43L0L._SL500_.jpg" alt="Product Image"></a><p>Herbal Essences Hello hydration shampoo shampooing for hair 29.2 FL OZ</p><p>$7.97 ($0.27 / Fl Oz)</p><a href="https://www.amazon.com/dp/B084LHV2M1?tag=eloabder-20&linkCode=osi&th=1&psc=1">View Product</a></div><div class="product"><a href="https://www.amazon.com/dp/B08SSM21R4?tag=eloabder-20&linkCode=osi&th=1&psc=1"><img src="https://m.media-amazon.com/images/I/31WbRm+ZKEL._SL500_.jpg" alt="Product Image"></a><p>Redken All Soft Shampoo | Deeply Moisturizes and Hydrates | Softens, Smooths, and Adds Shine | Safe for Color-Treated Hair | Nourishing Shampoo for Dry Hair | With Argan Oil</p><p>$26.00 ($2.57 / Fl Oz)</p><a href="https://www.amazon.com/dp/B08SSM21R4?tag=eloabder-20&linkCode=osi&th=1&psc=1">View Product</a></div><div class="product"><a href="https://www.amazon.com/dp/B0D4SBLLRJ?tag=eloabder-20&linkCode=osi&th=1&psc=1"><img src="https://m.media-amazon.com/images/I/41uWwx+mKwL._SL500_.jpg" alt="Product Image"></a><p>Olaplex Wash and Shine Kit</p><p>$57.00</p><a href="https://www.amazon.com/dp/B0D4SBLLRJ?tag=eloabder-20&linkCode=osi&th=1&psc=1">View Product</a></div><div class="product"><a href="https://www.amazon.com/dp/B086S4Q7JH?tag=eloabder-20&linkCode=osi&th=1&psc=1"><img src="https://m.media-amazon.com/images/I/51i3YLQncNL._SL500_.jpg" alt="Product Image"></a><p>Herbal Essences Shampoo and Conditioner Set, Vitamin E, Rose Hips and Jojoba Extract, Smooth Collection, Bundle</p><p>$13.81 ($0.24 / Fl Oz)</p><a href="https://www.amazon.com/dp/B086S4Q7JH?tag=eloabder-20&linkCode=osi&th=1&psc=1">View Product</a></div><div class="product"><a href="https://www.amazon.com/dp/B01ENCBOA0?tag=eloabder-20&linkCode=osi&th=1&psc=1"><img src="https://m.media-amazon.com/images/I/41wcbs9bSAL._SL500_.jpg" alt="Product Image"></a><p>Rosemary and Biotin Shampoo for Thinning Hair - Vegan Volumizing Shampoo for Fine Hair with Argan and Tea Tree Oil - Paraben Silicone and Sulfate Free Shampoo for Dry Damaged Weak and Thin Hair Care</p><p>$12.95 ($1.62 / Fl Oz)</p><a href="https://www.amazon.com/dp/B01ENCBOA0?tag=eloabder-20&linkCode=osi&th=1&psc=1">View Product</a></div><div class="product"><a href="https://www.amazon.com/dp/B07NQ69L7P?tag=eloabder-20&linkCode=osi&th=1&psc=1"><img src="https://m.media-amazon.com/images/I/51c83KZZLJL._SL500_.jpg" alt="Product Image"></a><p>Herbal Essences Argan Oil of Morocco Shampoo & Conditioner Set, Repair & Smooth, Kew Endorsed, Fizzy Citrus Scent, Paraben-Free, Safe for Color-Treated Hair, pH-Balanced, 20.2 Fl Oz Each, 2 Pack</p><p>$24.99</p><a href="https://www.amazon.com/dp/B07NQ69L7P?tag=eloabder-20&linkCode=osi&th=1&psc=1">View Product</a></div>
<div class="product"><a href="https://www.amazon.com/dp/B0891BBRHW?tag=eloabder-20&linkCode=osi&th=1&psc=1"><img src="https://m.media-amazon.com/images/I/31ndDwe7VSL._SL500_.jpg" alt="Product Image"></a><p>Pureology Hydrate Moisturizing Conditioner | Softens and Deeply Hydrates Dry Hair | For Medium to Thick Color Treated or Natural Hair | Sulfate Free Conditioner | Vegan</p><p>$37.00 ($4.11 / Fl Oz)</p><a href="https://www.amazon.com/dp/B0891BBRHW?tag=eloabder-20&linkCode=osi&th=1&psc=1">View Product</a></div><div class="product"><a href="https://www.amazon.com/dp/B07D37SBHF?tag=eloabder-20&linkCode=osi&th=1&psc=1"><img src="https://m.media-amazon.com/images/I/31ivDW-ouZL._SL500_.jpg" alt="Product Image"></a><p>Olaplex No. 5 Bond Maintenance Conditioner, Repairs, Strengthens, & Nourishes All Hair Types, Leaving Hair Feeling Soft & Adds Shine, 8.5 fl oz"</p><p>$30.00 ($3.53 / Fl Oz)</p><a href="https://www.amazon.com/dp/B07D37SBHF?tag=eloabder-20&linkCode=osi&th=1&psc=1">View Product</a></div><div class="product"><a href="https://www.amazon.com/dp/B07CLD17F5?tag=eloabder-20&linkCode=osi&th=1&psc=1"><img src="https://m.media-amazon.com/images/I/61hTHQjDOkL._SL500_.jpg" alt="Product Image"></a><p>Dove Ultra Care Conditioner Coconut & Hydration for Dry Hair Conditioner with Coconut Oil, Jojoba Oil & Sweet Almond Oil 25.4 oz</p><p>$7.49 ($0.29 / Fl Oz)</p><a href="https://www.amazon.com/dp/B07CLD17F5?tag=eloabder-20&linkCode=osi&th=1&psc=1">View Product</a></div><div class="product"><a href="https://www.amazon.com/dp/B0752CBW5T?tag=eloabder-20&linkCode=osi&th=1&psc=1"><img src="https://m.media-amazon.com/images/I/31-KMa7LAlS._SL500_.jpg" alt="Product Image"></a><p>L'Oreal Paris Elvive Total Repair 5 Repairing Conditioner for Damaged Hair Conditioner with Protein and Ceramide for Strong Silky Shiny Healthy Renewed Hair 28 Fl Oz</p><p>$8.49 ($0.30 / Fl Oz)</p><a href="https://www.amazon.com/dp/B0752CBW5T?tag=eloabder-20&linkCode=osi&th=1&psc=1">View Product</a></div><div class="product"><a href="https://www.amazon.com/dp/B00L01DEII?tag=eloabder-20&linkCode=osi&th=1&psc=1"><img src="https://m.media-amazon.com/images/I/31EJqWmmSNL._SL500_.jpg" alt="Product Image"></a><p>Biolage Ultra Hydra Source Conditioning Balm | Deep Hydrating Conditioner | Renews Hair's Moisture | For Very Dry Hair | Silicone-Free | Vegan | Salon Conditioner | 33.8 Fl. Oz</p><p>$42.00 ($1.24 / Fl Oz)</p><a href="https://www.amazon.com/dp/B00L01DEII?tag=eloabder-20&linkCode=osi&th=1&psc=1">View Product</a></div><div class="product"><a href="https://www.amazon.com/dp/B08SSCQH77?tag=eloabder-20&linkCode=osi&th=1&psc=1"><img src="https://m.media-amazon.com/images/I/31P8RgJeqwL._SL500_.jpg" alt="Product Image"></a><p>Redken All Soft Conditioner | For Dry / Brittle Hair | Moisturizes & Provides Intense Softness | With Argan Oil | 10.1 Fl Oz</p><p>$26.00 ($2.57 / Fl Oz)</p><a href="https://www.amazon.com/dp/B08SSCQH77?tag=eloabder-20&linkCode=osi&th=1&psc=1">View Product</a></div><div class="product"><a href="https://www.amazon.com/dp/B074VLNPSG?tag=eloabder-20&linkCode=osi&th=1&psc=1"><img src="https://m.media-amazon.com/images/I/319FOowuSkL._SL500_.jpg" alt="Product Image"></a><p>Garnier Fructis Grow Strong Conditioner, 33.8 Fl Oz, 1 Count (Packaging May Vary)</p><p>$8.49 ($0.25 / Fl Oz)</p><a href="https://www.amazon.com/dp/B074VLNPSG?tag=eloabder-20&linkCode=osi&th=1&psc=1">View Product</a></div><div class="product"><a href="https://www.amazon.com/dp/B00JAI4FGI?tag=eloabder-20&linkCode=osi&th=1&psc=1"><img src="https://m.media-amazon.com/images/I/212rXWGPu1L._SL500_.jpg" alt="Product Image"></a><p>Biolage Color Last Conditioner | Helps Protect Hair & Maintain Vibrant Color | For Color-Treated and Natural Hair | Paraben & Silicone-Free | Vegan | Cruelty Free | Color Protecting Salon Conditioner</p><p>$24.00 ($1.78 / Fl Oz)</p><a href="https://www.amazon.com/dp/B00JAI4FGI?tag=eloabder-20&linkCode=osi&th=1&psc=1">View Product</a></div>
<div class="product"><a href="https://www.amazon.com/dp/B00I32AN4K?tag=eloabder-20&linkCode=osi&th=1&psc=1"><img src="https://m.media-amazon.com/images/I/51KpmxinYYL._SL500_.jpg" alt="Product Image"></a><p>Arvazallia Hydrating Argan Oil Hair Mask and Deep Conditioner for Dry or Damaged Hair - 8.45 Oz</p><p>$12.95 ($1.53 / Fl Oz)</p><a href="https://www.amazon.com/dp/B00I32AN4K?tag=eloabder-20&linkCode=osi&th=1&psc=1">View Product</a></div><div class="product"><a href="https://www.amazon.com/dp/B07H3GBSC3?tag=eloabder-20&linkCode=osi&th=1&psc=1"><img src="https://m.media-amazon.com/images/I/41I862UzKRL._SL500_.jpg" alt="Product Image"></a><p>amika soulfood nourishing Mask, 8 Fl oz</p><p>$34.00 ($4.25 / Fl Oz)</p><a href="https://www.amazon.com/dp/B07H3GBSC3?tag=eloabder-20&linkCode=osi&th=1&psc=1">View Product</a></div><div class="product"><a href="https://www.amazon.com/dp/B075L6BL61?tag=eloabder-20&linkCode=osi&th=1&psc=1"><img src="https://m.media-amazon.com/images/I/41zCFV7oGTL._SL500_.jpg" alt="Product Image"></a><p>Karseell Collagen Hair Treatment Deep Repair Conditioning Argan Oil Collagen Hair Mask Essence for Dry Damaged Hair All Hair Types 16.90 oz 500ml</p><p>$23.33 ($1.38 / Fl Oz)</p><a href="https://www.amazon.com/dp/B075L6BL61?tag=eloabder-20&linkCode=osi&th=1&psc=1">View Product</a></div><div class="product"><a href="https://www.amazon.com/dp/B0BQ54DQNM?tag=eloabder-20&linkCode=osi&th=1&psc=1"><img src="https://m.media-amazon.com/images/I/41uhtWPJeuL._SL500_.jpg" alt="Product Image"></a><p>Eva NYC Therapy Session Hair Mask, Deep Conditioning Hair Mask Infused with Argan Oil and Plant Protein, 16.9 fl oz</p><p>$19.00 ($1.12 / Fl Oz)</p><a href="https://www.amazon.com/dp/B0BQ54DQNM?tag=eloabder-20&linkCode=osi&th=1&psc=1">View Product</a></div><div class="product"><a href="https://www.amazon.com/dp/B01I2ZQJSG?tag=eloabder-20&linkCode=osi&th=1&psc=1"><img src="https://m.media-amazon.com/images/I/41ctrFUeQAL._SL500_.jpg" alt="Product Image"></a><p>Elizavecca cer-100 collagen coating hair protein treatment 100ml</p><p>$7.40 ($2.19 / Fl Oz)</p><a href="https://www.amazon.com/dp/B01I2ZQJSG?tag=eloabder-20&linkCode=osi&th=1&psc=1">View Product</a></div><div class="product"><a href="https://www.amazon.com/dp/B07N7NBYSP?tag=eloabder-20&linkCode=osi&th=1&psc=1"><img src="https://m.media-amazon.com/images/I/515lD0OXQ+L._SL500_.jpg" alt="Product Image"></a><p>Mielle Organics Rosemary Mint Strengthening Hair Masque, Essential Oil & Biotin Deep Treatment, Miracle Repair for Dry, Damaged, & Frizzy Hair, 12 Ounces</p><p>$9.97 ($0.83 / Ounce)</p><a href="https://www.amazon.com/dp/B07N7NBYSP?tag=eloabder-20&linkCode=osi&th=1&psc=1">View Product</a></div><div class="product"><a href="https://www.amazon.com/dp/B002N5MKMG?tag=eloabder-20&linkCode=osi&th=1&psc=1"><img src="https://m.media-amazon.com/images/I/41NxqnExYnL._SL500_.jpg" alt="Product Image"></a><p>Moroccanoil Intense Hydrating Mask, 8.5 Fl. Oz.</p><p>$42.00 ($4.94 / Fl Oz)</p><a href="https://www.amazon.com/dp/B002N5MKMG?tag=eloabder-20&linkCode=osi&th=1&psc=1">View Product</a></div><div class="product"><a href="https://www.amazon.com/dp/B07M7PP9KX?tag=eloabder-20&linkCode=osi&th=1&psc=1"><img src="https://m.media-amazon.com/images/I/41Mpv3wIxEL._SL500_.jpg" alt="Product Image"></a><p>Marc Anthony Grow Long Hair Anti-Breakage Mask, 10.4 OZ</p><p>$8.99 ($0.90 / Fl Oz)</p><a href="https://www.amazon.com/dp/B07M7PP9KX?tag=eloabder-20&linkCode=osi&th=1&psc=1">View Product</a></div><div class="product"><a href="https://www.amazon.com/dp/B09HR5KSR8?tag=eloabder-20&linkCode=osi&th=1&psc=1"><img src="https://m.media-amazon.com/images/I/51aIw6AhsXL._SL500_.jpg" alt="Product Image"></a><p>K18 Mini Leave-In Molecular Hair Mask, Repairs Dry or Damaged Hair, Reverse Hair Damage from Bleach, Color, Chemical Services & Heat, 0.51 Fl Oz</p><p>$29.00 ($56.86 / Fl Oz)</p><a href="https://www.amazon.com/dp/B09HR5KSR8?tag=eloabder-20&linkCode=osi&th=1&psc=1">View Product</a></div>
<div class="product"><a href="https://www.amazon.com/dp/B004J1MNII?tag=eloabder-20&linkCode=osi&th=1&psc=1"><img src="https://m.media-amazon.com/images/I/31nFgivW0gL._SL500_.jpg" alt="Product Image"></a><p>Moroccanoil Hydrating Styling Cream, Travel Size, 2.53 Fl Oz</p><p>$16.00 ($6.40 / Fl Oz)</p><a href="https://www.amazon.com/dp/B004J1MNII?tag=eloabder-20&linkCode=osi&th=1&psc=1">View Product</a></div><div class="product"><a href="https://www.amazon.com/dp/B00G187CP6?tag=eloabder-20&linkCode=osi&th=1&psc=1"><img src="https://m.media-amazon.com/images/I/31belqXvyyL._SL500_.jpg" alt="Product Image"></a><p>COLOR WOW One Minute Transformation – Instant frizz fix| Nourishing styling cream smooths, tames + defrizzes on the spot| Avocado oil + Omega 3’s hydrate, repair for silkier, smoother texture</p><p>$24.00</p><a href="https://www.amazon.com/dp/B00G187CP6?tag=eloabder-20&linkCode=osi&th=1&psc=1">View Product</a></div><div class="product"><a href="https://www.amazon.com/dp/B073CWSQ51?tag=eloabder-20&linkCode=osi&th=1&psc=1"><img src="https://m.media-amazon.com/images/I/41lIHxirIkL._SL500_.jpg" alt="Product Image"></a><p>COLOR WOW Dream Coat Supernatural Spray, 6.7 Fl Oz – Keep Your Hair Frizz-Free and Shiny No Matter the Weather with Award-Winning Anti-Humidity Treatment</p><p>$28.00 ($4.18 / Fl Oz)</p><a href="https://www.amazon.com/dp/B073CWSQ51?tag=eloabder-20&linkCode=osi&th=1&psc=1">View Product</a></div><div class="product"><a href="https://www.amazon.com/dp/B075RGHQVF?tag=eloabder-20&linkCode=osi&th=1&psc=1"><img src="https://m.media-amazon.com/images/I/21TgD3HaqbL._SL500_.jpg" alt="Product Image"></a><p>American Crew Men's Fiber Cream, Like Hair Gel with Medium Hold & Natural Shine, 3.3 Fl Oz</p><p>$9.94 ($3.01 / Ounce)</p><a href="https://www.amazon.com/dp/B075RGHQVF?tag=eloabder-20&linkCode=osi&th=1&psc=1">View Product</a></div><div class="product"><a href="https://www.amazon.com/dp/B0BLWTQ7JC?tag=eloabder-20&linkCode=osi&th=1&psc=1"><img src="https://m.media-amazon.com/images/I/31jMkcol7VL._SL500_.jpg" alt="Product Image"></a><p>DAE Cactus Fruit 3-In-1 Styling Cream - Smooth Styles, Prep Shiny Blowouts, Defines Curls (5 oz.)</p><p>$30.00 ($6.00 / Ounce)</p><a href="https://www.amazon.com/dp/B0BLWTQ7JC?tag=eloabder-20&linkCode=osi&th=1&psc=1">View Product</a></div><div class="product"><a href="https://www.amazon.com/dp/B00H3DOSPU?tag=eloabder-20&linkCode=osi&th=1&psc=1"><img src="https://m.media-amazon.com/images/I/317clPmAyiL._SL500_.jpg" alt="Product Image"></a><p>Biolage Styling Gelée | Firm Hold That Adds Body, Shine & Control | For All Hair Types | Paraben-Free | Vegan | 16.9 fl. oz. | 16.9 Fl. Oz</p><p>$24.00 ($1.42 / Fl Oz)</p><a href="https://www.amazon.com/dp/B00H3DOSPU?tag=eloabder-20&linkCode=osi&th=1&psc=1">View Product</a></div><div class="product"><a href="https://www.amazon.com/dp/B08SNSSTPZ?tag=eloabder-20&linkCode=osi&th=1&psc=1"><img src="https://m.media-amazon.com/images/I/31KrkpMat6L._SL500_.jpg" alt="Product Image"></a><p>L3 Level 3 Styling Powder - Natural Look Mens Powder - Easy to Apply with No Oil or Greasy Residue (Small - 30 Grams)</p><p>$9.99 ($9.51 / Fl Oz)</p><a href="https://www.amazon.com/dp/B08SNSSTPZ?tag=eloabder-20&linkCode=osi&th=1&psc=1">View Product</a></div><div class="product"><a href="https://www.amazon.com/dp/B09MZS3D3K?tag=eloabder-20&linkCode=osi&th=1&psc=1"><img src="https://m.media-amazon.com/images/I/31CADZzpR7L._SL500_.jpg" alt="Product Image"></a><p>Marc Anthony Biotin Styling Hair Cream, Instantly Thick - Biotin & Vitamin E Hair Thickening Cream, Lightweight Hold for Thicker & Fuller Hair - Volumizing Hair Product for Thin, Flat Hair</p><p>$8.99 ($1.82 / Ounce)</p><a href="https://www.amazon.com/dp/B09MZS3D3K?tag=eloabder-20&linkCode=osi&th=1&psc=1">View Product</a></div><div class="product"><a href="https://www.amazon.com/dp/B0009OMNQQ?tag=eloabder-20&linkCode=osi&th=1&psc=1"><img src="https://m.media-amazon.com/images/I/21BMUFOie3L._SL500_.jpg" alt="Product Image"></a><p>Paul Mitchell Extra-Body Sculpting Foam, Thickens + Builds Body, For Fine Hair, 6.7 oz.</p><p>$16.50 ($2.46 / Fl Oz)</p><a href="https://www.amazon.com/dp/B0009OMNQQ?tag=eloabder-20&linkCode=osi&th=1&psc=1">View Product</a></div>
<div class="product"><a href="https://www.amazon.com/dp/B09LXMXSMN?tag=eloabder-20&linkCode=osi&th=1&psc=1"><img src="https://m.media-amazon.com/images/I/51Sly6w-y7L._SL500_.jpg" alt="Product Image"></a><p>Revlon ColorSilk Beautiful Color Permanent Hair Color, Long-Lasting High-Definition Color, Shine & Silky Softness with 100% Gray Coverage, Ammonia Free, 41 Medium Brown, 3 Pack</p><p>$11.91 ($0.90 / Fl Oz)</p><a href="https://www.amazon.com/dp/B09LXMXSMN?tag=eloabder-20&linkCode=osi&th=1&psc=1">View Product</a></div><div class="product"><a href="https://www.amazon.com/dp/B004INIW1Y?tag=eloabder-20&linkCode=osi&th=1&psc=1"><img src="https://m.media-amazon.com/images/I/51QXVxOgEkL._SL500_.jpg" alt="Product Image"></a><p>L'Oreal Paris Excellence Creme Permanent Hair Color, 4 Dark Brown, 100 percent Gray Coverage Hair Dye, Pack of 1</p><p>$10.97</p><a href="https://www.amazon.com/dp/B004INIW1Y?tag=eloabder-20&linkCode=osi&th=1&psc=1">View Product</a></div><div class="product"><a href="https://www.amazon.com/dp/B00TUM6QUC?tag=eloabder-20&linkCode=osi&th=1&psc=1"><img src="https://m.media-amazon.com/images/I/511vRRkzayL._SL500_.jpg" alt="Product Image"></a><p>Schwarzkopf Keratin Color Permanent Hair Color, 6.0 Delicate Praline, 1 Application - Salon Inspired Permanent Hair Dye, for up to 80% Less Breakage vs Untreated Hair and up to 100% Gray Coverage</p><p>$11.97</p><a href="https://www.amazon.com/dp/B00TUM6QUC?tag=eloabder-20&linkCode=osi&th=1&psc=1">View Product</a></div><div class="product"><a href="https://www.amazon.com/dp/B00006JN4M?tag=eloabder-20&linkCode=osi&th=1&psc=1"><img src="https://m.media-amazon.com/images/I/41YBT6aEgWL._SL500_.jpg" alt="Product Image"></a><p>L'Oreal Paris Superior Preference Fade-Defying + Shine Permanent Hair Color, 6 Light Brown, Pack of 1, Hair Dye</p><p>$11.97</p><a href="https://www.amazon.com/dp/B00006JN4M?tag=eloabder-20&linkCode=osi&th=1&psc=1">View Product</a></div><div class="product"><a href="https://www.amazon.com/dp/B07HXH48TF?tag=eloabder-20&linkCode=osi&th=1&psc=1"><img src="https://m.media-amazon.com/images/I/51VP1hHWq9L._SL500_.jpg" alt="Product Image"></a><p>Garnier Hair Color Nutrisse Nourishing Creme, 50 Medium Natural Brown (Truffle) Permanent Hair Dye, 2 Count (Packaging May Vary)</p><p>$16.98 ($8.49 / Count)</p><a href="https://www.amazon.com/dp/B07HXH48TF?tag=eloabder-20&linkCode=osi&th=1&psc=1">View Product</a></div><div class="product"><a href="https://www.amazon.com/dp/B001UMV18M?tag=eloabder-20&linkCode=osi&th=1&psc=1"><img src="https://m.media-amazon.com/images/I/51h21IlxAhL._SL500_.jpg" alt="Product Image"></a><p>Garnier Hair Color Nutrisse Nourishing Creme, 415 Soft Mahogany Brown (Raspberry Truffle) Permanent Hair Dye, 1 Count (Packaging May Vary)</p><p>$8.47</p><a href="https://www.amazon.com/dp/B001UMV18M?tag=eloabder-20&linkCode=osi&th=1&psc=1">View Product</a></div><div class="product"><a href="https://www.amazon.com/dp/B0B3KWJ242?tag=eloabder-20&linkCode=osi&th=1&psc=1"><img src="https://m.media-amazon.com/images/I/41fqsQmb0VL._SL500_.jpg" alt="Product Image"></a><p>COLORCHARM Demi Permanent Hair Color, 3N Medium Neutral Brown 2 oz</p><p>$9.99 ($5.00 / Fl Oz)</p><a href="https://www.amazon.com/dp/B0B3KWJ242?tag=eloabder-20&linkCode=osi&th=1&psc=1">View Product</a></div>
<div class="product"><a href="https://www.amazon.com/dp/B01ACPW1SG?tag=eloabder-20&linkCode=osi&th=1&psc=1"><img src="https://m.media-amazon.com/images/I/41aIRzbHxNL._SL500_.jpg" alt="Product Image"></a><p>CoverGirl & Olay Simply Ageless 3-in-1 Liquid Foundation, Matte Finish, Hyaluronic & Vitamin C Formula, Cruelty Free, Classic Ivory, 1 Count</p><p>$10.49</p><a href="https://www.amazon.com/dp/B01ACPW1SG?tag=eloabder-20&linkCode=osi&th=1&psc=1">View Product</a></div><div class="product"><a href="https://www.amazon.com/dp/B07MWSP8SG?tag=eloabder-20&linkCode=osi&th=1&psc=1"><img src="https://m.media-amazon.com/images/I/31B37fmqI7L._SL500_.jpg" alt="Product Image"></a><p>e.l.f. Flawless Finish Foundation, Improves Uneven Skin Tone, Lightweight, Medium Coverage & Semi-Matte, Vegan & Cruelty-Free, Beige 0.67 Fl Oz</p><p>$6.00</p><a href="https://www.amazon.com/dp/B07MWSP8SG?tag=eloabder-20&linkCode=osi&th=1&psc=1">View Product</a></div><div class="product"><a href="https://www.amazon.com/dp/B00PFCSUNC?tag=eloabder-20&linkCode=osi&th=1&psc=1"><img src="https://m.media-amazon.com/images/I/41FK6ukLnvL._SL500_.jpg" alt="Product Image"></a><p>Maybelline Fit Me Matte + Poreless Liquid Oil-Free Foundation Makeup, Natural Ivory, 1 Count (Packaging May Vary)</p><p>$7.10</p><a href="https://www.amazon.com/dp/B00PFCSUNC?tag=eloabder-20&linkCode=osi&th=1&psc=1">View Product</a></div><div class="product"><a href="https://www.amazon.com/dp/B0BCGZMTSY?tag=eloabder-20&linkCode=osi&th=1&psc=1"><img src="https://m.media-amazon.com/images/I/31Qa6QbmaiL._SL500_.jpg" alt="Product Image"></a><p>L'Oreal Paris True Match Super-Blendable Foundation, Medium Coverage Liquid Foundation Makeup, N3, Light Medium, 1 Fl Oz</p><p>$9.97</p><a href="https://www.amazon.com/dp/B0BCGZMTSY?tag=eloabder-20&linkCode=osi&th=1&psc=1">View Product</a></div><div class="product"><a href="https://www.amazon.com/dp/B000IEMGGE?tag=eloabder-20&linkCode=osi&th=1&psc=1"><img src="https://m.media-amazon.com/images/I/41RtSkNmHSL._SL500_.jpg" alt="Product Image"></a><p>LAURA GELLER NEW YORK Award-Winning Baked Balance-n-Brighten Color Correcting Powder Foundation - Fair - Buildable Light to Medium Coverage - Demi-Matte Natural Finish</p><p>$22.13</p><a href="https://www.amazon.com/dp/B000IEMGGE?tag=eloabder-20&linkCode=osi&th=1&psc=1">View Product</a></div><div class="product"><a href="https://www.amazon.com/dp/B01LMMZY6O?tag=eloabder-20&linkCode=osi&th=1&psc=1"><img src="https://m.media-amazon.com/images/I/41WWjJXCsFL._SL500_.jpg" alt="Product Image"></a><p>IT Cosmetics Your Skin But Better CC+ Cream, Medium (W) - Color Correcting Cream, Full-Coverage Foundation, Hydrating Serum & SPF 50+ Sunscreen - Natural Finish - 1.08 fl oz</p><p>$47.00 ($43.52 / Fl Oz)</p><a href="https://www.amazon.com/dp/B01LMMZY6O?tag=eloabder-20&linkCode=osi&th=1&psc=1">View Product</a></div><div class="product"><a href="https://www.amazon.com/dp/B07CVFY5PQ?tag=eloabder-20&linkCode=osi&th=1&psc=1"><img src="https://m.media-amazon.com/images/I/416VSGy4SKL._SL500_.jpg" alt="Product Image"></a><p>MagicMinerals AirBrush Foundation by Jerome Alexander – 2pc Set with Airbrush Foundation and Kabuki Brush - Spray Makeup with Anti-aging Ingredients for Smooth Radiant Skin - Medium</p><p>$19.99 ($11.11 / Fl Oz)</p><a href="https://www.amazon.com/dp/B07CVFY5PQ?tag=eloabder-20&linkCode=osi&th=1&psc=1">View Product</a></div><div class="product"><a href="https://www.amazon.com/dp/B0039UTUZE?tag=eloabder-20&linkCode=osi&th=1&psc=1"><img src="https://m.media-amazon.com/images/I/41eXDpZ835L._SL500_.jpg" alt="Product Image"></a><p>Revlon Liquid Foundation, ColorStay Face Makeup for Combination & Oily Skin, SPF 15, Medium-Full Coverage with Matte Finish, Natural Beige ((220), 1.0 oz</p><p>$9.70</p><a href="https://www.amazon.com/dp/B0039UTUZE?tag=eloabder-20&linkCode=osi&th=1&psc=1">View Product</a></div><div class="product"><a href="https://www.amazon.com/dp/B00I52QPAE?tag=eloabder-20&linkCode=osi&th=1&psc=1"><img src="https://m.media-amazon.com/images/I/317EDqzSg+L._SL500_.jpg" alt="Product Image"></a><p>Revlon Liquid Foundation, Age Defying 3XFace Makeup, Anti-Aging and Firming Formula, SPF 30, Longwear Medium Buildable Coverage with Natural Finish, 035 Natural Beige, 1 Fl Oz</p><p>$13.48</p><a href="https://www.amazon.com/dp/B00I52QPAE?tag=eloabder-20&linkCode=osi&th=1&psc=1">View Product</a></div><div class="product"><a href="https://www.amazon.com/dp/B07H621Q3H?tag=eloabder-20&linkCode=osi&th=1&psc=1"><img src="https://m.media-amazon.com/images/I/31JtVpLZ4FL._SL500_.jpg" alt="Product Image"></a><p>L'Oreal Paris Makeup Infallible Up to 32 Hour Fresh Wear Lightweight Foundation, 420 True Beige, 1 Fl Oz, Packaging May Vary</p><p>$11.98</p><a href="https://www.amazon.com/dp/B07H621Q3H?tag=eloabder-20&linkCode=osi&th=1&psc=1">View Product</a></div>
<div class="product"><a href="https://www.amazon.com/dp/B07Q9V4KMJ?tag=eloabder-20&linkCode=osi&th=1&psc=1"><img src="https://m.media-amazon.com/images/I/31pro1JWTCL._SL500_.jpg" alt="Product Image"></a><p>Maybelline Instant Age Rewind Eraser Dark Circles Treatment Multi-Use Concealer, 115, 1 Count (Packaging May Vary)</p><p>$8.42</p><a href="https://www.amazon.com/dp/B07Q9V4KMJ?tag=eloabder-20&linkCode=osi&th=1&psc=1">View Product</a></div><div class="product"><a href="https://www.amazon.com/dp/B07ZR14WBZ?tag=eloabder-20&linkCode=osi&th=1&psc=1"><img src="https://m.media-amazon.com/images/I/313ljymBVaL._SL500_.jpg" alt="Product Image"></a><p>e.l.f. Hydrating Camo Concealer, Lightweight, Full Coverage, Long Lasting, Conceals, Corrects, Covers, Hydrates, Highlights, Light Sand, Satin Finish, 25 Shades, All-Day Wear, 0.20 Fl Oz</p><p>$7.00</p><a href="https://www.amazon.com/dp/B07ZR14WBZ?tag=eloabder-20&linkCode=osi&th=1&psc=1">View Product</a></div><div class="product"><a href="https://www.amazon.com/dp/B0046VJV36?tag=eloabder-20&linkCode=osi&th=1&psc=1"><img src="https://m.media-amazon.com/images/I/31-ZFCLgLcL._SL500_.jpg" alt="Product Image"></a><p>Maybelline New York Fit Me Liquid Concealer Makeup, Natural Coverage, Lightweight, Conceals, Covers Oil-Free, Fair, 1 Count (Packaging May Vary)</p><p>$6.31</p><a href="https://www.amazon.com/dp/B0046VJV36?tag=eloabder-20&linkCode=osi&th=1&psc=1">View Product</a></div><div class="product"><a href="https://www.amazon.com/dp/B07ZR1CQHS?tag=eloabder-20&linkCode=osi&th=1&psc=1"><img src="https://m.media-amazon.com/images/I/31s0zWRX+4L._SL500_.jpg" alt="Product Image"></a><p>e.l.f. 16HR Camo Concealer, Full Coverage, Highly Pigmented Concealer With Matte Finish, Crease-proof, Vegan & Cruelty-Free, Light Ivory, 0.203 Fl Oz</p><p>$7.00</p><a href="https://www.amazon.com/dp/B07ZR1CQHS?tag=eloabder-20&linkCode=osi&th=1&psc=1">View Product</a></div><div class="product"><a href="https://www.amazon.com/dp/B009WI05BU?tag=eloabder-20&linkCode=osi&th=1&psc=1"><img src="https://m.media-amazon.com/images/I/312BFbzGKlL._SL500_.jpg" alt="Product Image"></a><p>L.A. Girl Pro Concealer, Fawn, 0.28 Oz (LAX-GC983-A)</p><p>$4.99</p><a href="https://www.amazon.com/dp/B009WI05BU?tag=eloabder-20&linkCode=osi&th=1&psc=1">View Product</a></div><div class="product"><a href="https://www.amazon.com/dp/B0814SLHQH?tag=eloabder-20&linkCode=osi&th=1&psc=1"><img src="https://m.media-amazon.com/images/I/312GW4aGnRL._SL500_.jpg" alt="Product Image"></a><p>Neutrogena Healthy Skin Radiant Brightening Cream Concealer with Peptides & Vitamin E Antioxidant,Lightweight Perfecting Concealer,Non-Comedogenic,Bisque Light/Medium 02 neutral undertones,0.24 oz</p><p>$5.62</p><a href="https://www.amazon.com/dp/B0814SLHQH?tag=eloabder-20&linkCode=osi&th=1&psc=1">View Product</a></div><div class="product"><a href="https://www.amazon.com/dp/B06XQWS1N9?tag=eloabder-20&linkCode=osi&th=1&psc=1"><img src="https://m.media-amazon.com/images/I/31rKumTg1GL._SL500_.jpg" alt="Product Image"></a><p>COVERGIRL Smoothers Concealer, Medium 715, 0.14 ounce (packaging may vary)</p><p>$7.28</p><a href="https://www.amazon.com/dp/B06XQWS1N9?tag=eloabder-20&linkCode=osi&th=1&psc=1">View Product</a></div><div class="product"><a href="https://www.amazon.com/dp/B07GWH2GDP?tag=eloabder-20&linkCode=osi&th=1&psc=1"><img src="https://m.media-amazon.com/images/I/41U+lbOEtuL._SL500_.jpg" alt="Product Image"></a><p>IT Cosmetics Bye Bye Under Eye Full Coverage Concealer - for Dark Circles, Fine Lines, Redness & Discoloration – Waterproof - Anti-Aging - Natural Finish – 0.4 fl oz</p><p>$17.40 ($43.50 / Fl Oz)</p><a href="https://www.amazon.com/dp/B07GWH2GDP?tag=eloabder-20&linkCode=osi&th=1&psc=1">View Product</a></div><div class="product"><a href="https://www.amazon.com/dp/B07H67H5LH?tag=eloabder-20&linkCode=osi&th=1&psc=1"><img src="https://m.media-amazon.com/images/I/31bWoYCj-nL._SL500_.jpg" alt="Product Image"></a><p>L'Oreal Paris Makeup Infallible Full Wear Waterproof Matte Concealer, Full Coverage, Ivory, 0.33 fl. oz.</p><p>$10.82</p><a href="https://www.amazon.com/dp/B07H67H5LH?tag=eloabder-20&linkCode=osi&th=1&psc=1">View Product</a></div><div class="product"><a href="https://www.amazon.com/dp/B0B51NLJWQ?tag=eloabder-20&linkCode=osi&th=1&psc=1"><img src="https://m.media-amazon.com/images/I/31GXqccxM0L._SL500_.jpg" alt="Product Image"></a><p>Fièra Luxury Concealer with Anti-Aging - All Day Coverage for Dark Circles, Fine Lines, Wrinkles & Spots - Neutral Beige, 0.5 Ounce</p><p>$27.00</p><a href="https://www.amazon.com/dp/B0B51NLJWQ?tag=eloabder-20&linkCode=osi&th=1&psc=1">View Product</a></div>
<div class="product"><a href="https://www.amazon.com/dp/B092JQ23N5?tag=eloabder-20&linkCode=osi&th=1&psc=1"><img src="https://m.media-amazon.com/images/I/51OUufwItlL._SL500_.jpg" alt="Product Image"></a><p>URBAN DECAY 24/7 Longwear Eyeshadow Single (Sin - Champagne Shimmer), High-Pigment Eye Shadow Compact, Smooth & Blendable Colors, Crease-free, Vegan - 0.06 oz</p><p>$22.00</p><a href="https://www.amazon.com/dp/B092JQ23N5?tag=eloabder-20&linkCode=osi&th=1&psc=1">View Product</a></div><div class="product"><a href="https://www.amazon.com/dp/B01IW02HX2?tag=eloabder-20&linkCode=osi&th=1&psc=1"><img src="https://m.media-amazon.com/images/I/510F-WOAL4L._SL500_.jpg" alt="Product Image"></a><p>NYX PROFESSIONAL MAKEUP Ultimate Shadow Palette, Eyeshadow Palette - Warm Neutrals</p><p>$12.40</p><a href="https://www.amazon.com/dp/B01IW02HX2?tag=eloabder-20&linkCode=osi&th=1&psc=1">View Product</a></div><div class="product"><a href="https://www.amazon.com/dp/B085WR3YDT?tag=eloabder-20&linkCode=osi&th=1&psc=1"><img src="https://m.media-amazon.com/images/I/41cuO8PyoTL._SL500_.jpg" alt="Product Image"></a><p>wet n wild Color Icon Cream Eyeshadow Multi-Stick, Moisturizing, Nourishing Velvety Cream-to-Powder Buildable & Blendable Formula, Cruelty-Free & Vegan - Champagne Room</p><p>$3.28</p><a href="https://www.amazon.com/dp/B085WR3YDT?tag=eloabder-20&linkCode=osi&th=1&psc=1">View Product</a></div><div class="product"><a href="https://www.amazon.com/dp/B00L5SMFJU?tag=eloabder-20&linkCode=osi&th=1&psc=1"><img src="https://m.media-amazon.com/images/I/41-WaM3A3tL._SL500_.jpg" alt="Product Image"></a><p>Covergirl Eye Enhancers Eye Shadow Palette, Natural Nudes, 0.19 Ounce</p><p>$4.97</p><a href="https://www.amazon.com/dp/B00L5SMFJU?tag=eloabder-20&linkCode=osi&th=1&psc=1">View Product</a></div><div class="product"><a href="https://www.amazon.com/dp/B01LW1983J?tag=eloabder-20&linkCode=osi&th=1&psc=1"><img src="https://m.media-amazon.com/images/I/51EsPf59XBL._SL500_.jpg" alt="Product Image"></a><p>Julep Eyeshadow 101 Crème to Powder Waterproof Eyeshadow Stick, Champagne Shimmer</p><p>$18.00</p><a href="https://www.amazon.com/dp/B01LW1983J?tag=eloabder-20&linkCode=osi&th=1&psc=1">View Product</a></div><div class="product"><a href="https://www.amazon.com/dp/B00UKP1M2K?tag=eloabder-20&linkCode=osi&th=1&psc=1"><img src="https://m.media-amazon.com/images/I/41hSsvPHKxL._SL500_.jpg" alt="Product Image"></a><p>Maybelline The Blushed Nudes Eyeshadow Palette Makeup, 12 Pigmented Matte & Shimmer Shades, Blendable Powder, 1 Count</p><p>$9.32</p><a href="https://www.amazon.com/dp/B00UKP1M2K?tag=eloabder-20&linkCode=osi&th=1&psc=1">View Product</a></div><div class="product"><a href="https://www.amazon.com/dp/B073ZBGLJF?tag=eloabder-20&linkCode=osi&th=1&psc=1"><img src="https://m.media-amazon.com/images/I/41go9Ug8AOL._SL500_.jpg" alt="Product Image"></a><p>BestLand 2 Pack 12 Colors Makeup Nude Colors Eyeshadow Palette Natural Nude Matte Shimmer Glitter Pigment Eye Shadow Pallete Set Waterproof Smokey Professional Beauty Makeup Kit (2 PCS)</p><p>$9.99</p><a href="https://www.amazon.com/dp/B073ZBGLJF?tag=eloabder-20&linkCode=osi&th=1&psc=1">View Product</a></div><div class="product"><a href="https://www.amazon.com/dp/B08RS6WNX7?tag=eloabder-20&linkCode=osi&th=1&psc=1"><img src="https://m.media-amazon.com/images/I/51qCii788PL._SL500_.jpg" alt="Product Image"></a><p>wet n wild Color Icon 5-Pan Palette Brown Walking On Eggshells</p><p>$3.19</p><a href="https://www.amazon.com/dp/B08RS6WNX7?tag=eloabder-20&linkCode=osi&th=1&psc=1">View Product</a></div><div class="product"><a href="https://www.amazon.com/dp/B0CV5ZTFCR?tag=eloabder-20&linkCode=osi&th=1&psc=1"><img src="https://m.media-amazon.com/images/I/21inptU-eJL._SL500_.jpg" alt="Product Image"></a><p>Covergirl Clean Eye Color, French Violet, Eyeshadow Sticks, Ultra Creamy Formula, Lightweight, Buildable Formula, Lasts All Day, Smudge-Proof, 0.05oz</p><p>$8.98</p><a href="https://www.amazon.com/dp/B0CV5ZTFCR?tag=eloabder-20&linkCode=osi&th=1&psc=1">View Product</a></div><div class="product"><a href="https://www.amazon.com/dp/B0CXF99TNQ?tag=eloabder-20&linkCode=osi&th=1&psc=1"><img src="https://m.media-amazon.com/images/I/31kCYsLvwwL._SL500_.jpg" alt="Product Image"></a><p>L'Oreal Paris Makeup Paradise Le Shadow Stick Eyeshadow, Blendable, Smudge-Resistant, Cream Eyeshadow, 120 Magnetic Mauve (Shimmering Lavender Mauve), 0.05 Oz</p><p>$9.98</p><a href="https://www.amazon.com/dp/B0CXF99TNQ?tag=eloabder-20&linkCode=osi&th=1&psc=1">View Product</a></div>
<div class="product"><a href="https://www.amazon.com/dp/B0BG7MWNNN?tag=eloabder-20&linkCode=osi&th=1&psc=1"><img src="https://m.media-amazon.com/images/I/41E8W4N+FkL._SL500_.jpg" alt="Product Image"></a><p>Prime Prometics PrimeLash Mascara for Older Women – Volumizing, Incredible Length in 2 Coats – Long-Stay, Zero Clumps, Hypoallergenic (Brown)</p><p>$28.00</p><a href="https://www.amazon.com/dp/B0BG7MWNNN?tag=eloabder-20&linkCode=osi&th=1&psc=1">View Product</a></div><div class="product"><a href="https://www.amazon.com/dp/B00T0C9XRK?tag=eloabder-20&linkCode=osi&th=1&psc=1"><img src="https://m.media-amazon.com/images/I/41IP2ZEXFNL._SL500_.jpg" alt="Product Image"></a><p>essence | Lash Princess False Lash Effect Mascara | Volumizing & Lengthening | Cruelty Free & Paraben Free</p><p>$4.99 ($12.17 / Fl Oz )</p><a href="https://www.amazon.com/dp/B00T0C9XRK?tag=eloabder-20&linkCode=osi&th=1&psc=1">View Product</a></div><div class="product"><a href="https://www.amazon.com/dp/B01DPA6OHO?tag=eloabder-20&linkCode=osi&th=1&psc=1"><img src="https://m.media-amazon.com/images/I/31xGLWu4IKL._SL500_.jpg" alt="Product Image"></a><p>L'Oreal Paris Makeup Voluminous Lash Boosting Conditioning Primer Mascara, White Primer, 0.24 fl; oz.</p><p>$8.98</p><a href="https://www.amazon.com/dp/B01DPA6OHO?tag=eloabder-20&linkCode=osi&th=1&psc=1">View Product</a></div><div class="product"><a href="https://www.amazon.com/dp/B004BD107O?tag=eloabder-20&linkCode=osi&th=1&psc=1"><img src="https://m.media-amazon.com/images/I/31OWqsdljyL._SL500_.jpg" alt="Product Image"></a><p>L'Oreal Paris Makeup Telescopic Original Lengthening Mascara, Blackest Black, 0.27 Fl Oz (1 Count)</p><p>$10.99</p><a href="https://www.amazon.com/dp/B004BD107O?tag=eloabder-20&linkCode=osi&th=1&psc=1">View Product</a></div><div class="product"><a href="https://www.amazon.com/dp/B06XF2TR11?tag=eloabder-20&linkCode=osi&th=1&psc=1"><img src="https://m.media-amazon.com/images/I/31B6RR270IL._SL500_.jpg" alt="Product Image"></a><p>L'Oreal Paris Voluminous Makeup Lash Paradise Mascara, Voluptuous Volume, Intense Length, Feathery Soft Full Lashes, No Flaking, No Smudging, No Clumping, Blackest Black, 1 Count</p><p>$9.97</p><a href="https://www.amazon.com/dp/B06XF2TR11?tag=eloabder-20&linkCode=osi&th=1&psc=1">View Product</a></div><div class="product"><a href="https://www.amazon.com/dp/B00PFCT2R0?tag=eloabder-20&linkCode=osi&th=1&psc=1"><img src="https://m.media-amazon.com/images/I/31RyE6ZtDIL._SL500_.jpg" alt="Product Image"></a><p>Maybelline Lash Sensational Washable Mascara, Lengthening and Volumizing for a Full Fan Effect, Blackest Black, 1 Count</p><p>$9.09</p><a href="https://www.amazon.com/dp/B00PFCT2R0?tag=eloabder-20&linkCode=osi&th=1&psc=1">View Product</a></div><div class="product"><a href="https://www.amazon.com/dp/B08TPCHYLW?tag=eloabder-20&linkCode=osi&th=1&psc=1"><img src="https://m.media-amazon.com/images/I/31EWIaihEwL._SL500_.jpg" alt="Product Image"></a><p>Lancôme Lash Idôle Lash-Lifting & Volumizing Mascara - Black Mascara for Instant Volume, Length & Lift - Smudge Proof & Up To 24H Wear - Black</p><p>$30.00 ($111.11 / Fl Oz)</p><a href="https://www.amazon.com/dp/B08TPCHYLW?tag=eloabder-20&linkCode=osi&th=1&psc=1">View Product</a></div><div class="product"><a href="https://www.amazon.com/dp/B08M96YZN1?tag=eloabder-20&linkCode=osi&th=1&psc=1"><img src="https://m.media-amazon.com/images/I/31ByMmFi-qL._SL500_.jpg" alt="Product Image"></a><p>CoverGirl Lash Blast Clean Volume Mascara, Vegan Formula, Volumizing, Smudge-Proof, Cruelty Free, Very Black, 1 Count</p><p>$9.37</p><a href="https://www.amazon.com/dp/B08M96YZN1?tag=eloabder-20&linkCode=osi&th=1&psc=1">View Product</a></div>
<div class="product"><a href="https://www.amazon.com/dp/B0C9TXLWLY?tag=eloabder-20&linkCode=osi&th=1&psc=1"><img src="https://m.media-amazon.com/images/I/31-5KVw5KDL._SL500_.jpg" alt="Product Image"></a><p>PRIME PROMETICS PrimeEyes Glide Eyeliner for Mature Women – Water-Resistant, Long-Stay and Mess-Proof – Gel Cream Texture, Discreet Sharpener and Effective Smudger (Black)</p><p>$28.00 ($28.00 / Count)</p><a href="https://www.amazon.com/dp/B0C9TXLWLY?tag=eloabder-20&linkCode=osi&th=1&psc=1">View Product</a></div><div class="product"><a href="https://www.amazon.com/dp/B07MWSXPT1?tag=eloabder-20&linkCode=osi&th=1&psc=1"><img src="https://m.media-amazon.com/images/I/315xthaPi6L._SL500_.jpg" alt="Product Image"></a><p>e.l.f. No Budge Retractable Eyeliner, Creamy, Ultra-Pigmented & Waterproof, Creates Bold & Defined Lines, Vegan & Cruelty-Free, Black 0.006 Oz</p><p>$4.00</p><a href="https://www.amazon.com/dp/B07MWSXPT1?tag=eloabder-20&linkCode=osi&th=1&psc=1">View Product</a></div><div class="product"><a href="https://www.amazon.com/dp/B074Y8LM6T?tag=eloabder-20&linkCode=osi&th=1&psc=1"><img src="https://m.media-amazon.com/images/I/316blXt1KxL._SL500_.jpg" alt="Product Image"></a><p>NYX PROFESSIONAL MAKEUP Epic Ink Liner, Waterproof Liquid Eyeliner - Black, Vegan Formula</p><p>$8.06</p><a href="https://www.amazon.com/dp/B074Y8LM6T?tag=eloabder-20&linkCode=osi&th=1&psc=1">View Product</a></div><div class="product"><a href="https://www.amazon.com/dp/B01J1A3TFW?tag=eloabder-20&linkCode=osi&th=1&psc=1"><img src="https://m.media-amazon.com/images/I/51z42sdOArL._SL500_.jpg" alt="Product Image"></a><p>Revlon Pencil Eyeliner, ColorStay Eye Makeup with Built-in Sharpener, Waterproof, Smudge-proof, Longwearing with Ultra-Fine Tip, 201 Black, 2 count (Pack of 1)</p><p>$11.38</p><a href="https://www.amazon.com/dp/B01J1A3TFW?tag=eloabder-20&linkCode=osi&th=1&psc=1">View Product</a></div><div class="product"><a href="https://www.amazon.com/dp/B07W8JJ61X?tag=eloabder-20&linkCode=osi&th=1&psc=1"><img src="https://m.media-amazon.com/images/I/31wj5vRROwL._SL500_.jpg" alt="Product Image"></a><p>Maybelline Hyper Easy Liquid Pen No-Skip Eyeliner, Satin Finish, Waterproof Formula, Pitch Black, 0.018 Fl Oz</p><p>$8.38</p><a href="https://www.amazon.com/dp/B07W8JJ61X?tag=eloabder-20&linkCode=osi&th=1&psc=1">View Product</a></div><div class="product"><a href="https://www.amazon.com/dp/B005G9E9FW?tag=eloabder-20&linkCode=osi&th=1&psc=1"><img src="https://m.media-amazon.com/images/I/51poZdEojrL._SL500_.jpg" alt="Product Image"></a><p>NYX PROFESSIONAL MAKEUP Vivid Rich Mechanical Eye Pencil, Vivid Rich Mechanical, Creamy Retractable Eyeliner - Smokin Topaz, Brown Eyeliner</p><p>$6.00</p><a href="https://www.amazon.com/dp/B005G9E9FW?tag=eloabder-20&linkCode=osi&th=1&psc=1">View Product</a></div><div class="product"><a href="https://www.amazon.com/dp/B07NX61ZHN?tag=eloabder-20&linkCode=osi&th=1&psc=1"><img src="https://m.media-amazon.com/images/I/31kQNTwJazL._SL500_.jpg" alt="Product Image"></a><p>Rimmel London exaggerate auto waterproof eye definer in blackest black, 2 Count</p><p>$6.97</p><a href="https://www.amazon.com/dp/B07NX61ZHN?tag=eloabder-20&linkCode=osi&th=1&psc=1">View Product</a></div><div class="product"><a href="https://www.amazon.com/dp/B0BQWT8R9K?tag=eloabder-20&linkCode=osi&th=1&psc=1"><img src="https://m.media-amazon.com/images/I/31F1asQuosL._SL500_.jpg" alt="Product Image"></a><p>wet n wild Breakup Proof Liquid Eyeliner - Ultra-Fine Brush, Waterproof, Long-Lasting - Cruelty-Free & Vegan - Ultra Black</p><p>$4.04</p><a href="https://www.amazon.com/dp/B0BQWT8R9K?tag=eloabder-20&linkCode=osi&th=1&psc=1">View Product</a></div><div class="product"><a href="https://www.amazon.com/dp/B082YPRCMM?tag=eloabder-20&linkCode=osi&th=1&psc=1"><img src="https://m.media-amazon.com/images/I/317ubI9GTBL._SL500_.jpg" alt="Product Image"></a><p>wet n wild Mega Last Breakup Proof Eyeliner, Quick Drying, Waterproof, 16-Hour Wear - Cruelty-Free & Vegan - Blackest Black</p><p>$2.28</p><a href="https://www.amazon.com/dp/B082YPRCMM?tag=eloabder-20&linkCode=osi&th=1&psc=1">View Product</a></div><div class="product"><a href="https://www.amazon.com/dp/B07GX832KD?tag=eloabder-20&linkCode=osi&th=1&psc=1"><img src="https://m.media-amazon.com/images/I/315wR2F58-L._SL500_.jpg" alt="Product Image"></a><p>Maybelline TattooStudio Long-Lasting Sharpenable Eyeliner Pencil, Glide on Smooth Gel Pigments with 36 Hour Wear, Waterproof, Deep Onyx, 1 Count</p><p>$6.66</p><a href="https://www.amazon.com/dp/B07GX832KD?tag=eloabder-20&linkCode=osi&th=1&psc=1">View Product</a></div>
<div class="product"><a href="https://www.amazon.com/dp/B09T8DQ1SG?tag=eloabder-20&linkCode=osi&th=1&psc=1"><img src="https://m.media-amazon.com/images/I/41gpuwrIhOL._SL500_.jpg" alt="Product Image"></a><p>Maybelline Super Stay Vinyl Ink Longwear No-Budge Liquid Lipcolor Makeup, Highly Pigmented Color and Instant Shine, Royal, Deep Wine Red Lipstick, 0.14 fl oz, 1 Count</p><p>$9.82</p><a href="https://www.amazon.com/dp/B09T8DQ1SG?tag=eloabder-20&linkCode=osi&th=1&psc=1">View Product</a></div><div class="product"><a href="https://www.amazon.com/dp/B004BCTEF0?tag=eloabder-20&linkCode=osi&th=1&psc=1"><img src="https://m.media-amazon.com/images/I/31G9f-P8tML._SL500_.jpg" alt="Product Image"></a><p>L’Oréal Paris Colour Riche Original Creamy, Hydrating Satin Lipstick with Argan Oil and Vitamin E, Saucy Mauve , 1 Count</p><p>$6.71</p><a href="https://www.amazon.com/dp/B004BCTEF0?tag=eloabder-20&linkCode=osi&th=1&psc=1">View Product</a></div><div class="product"><a href="https://www.amazon.com/dp/B08H4FSGDX?tag=eloabder-20&linkCode=osi&th=1&psc=1"><img src="https://m.media-amazon.com/images/I/31OAiyoloML._SL500_.jpg" alt="Product Image"></a><p>Maybelline Super Stay Matte Ink Liquid Lipstick Makeup, Long Lasting High Impact Color, Up to 16H Wear, Exhilarator, Ruby Red, 1 Count</p><p>$9.18</p><a href="https://www.amazon.com/dp/B08H4FSGDX?tag=eloabder-20&linkCode=osi&th=1&psc=1">View Product</a></div><div class="product"><a href="https://www.amazon.com/dp/B07XTTDTWR?tag=eloabder-20&linkCode=osi&th=1&psc=1"><img src="https://m.media-amazon.com/images/I/31M4QldCq3L._SL500_.jpg" alt="Product Image"></a><p>REVLON Lipstick, Super Lustrous Lipstick, Creamy Formula For Soft, Fuller-Looking Lips, Moisturized Feel in Nudes & Browns, Bare It All (755) 0.15 oz</p><p>$6.48</p><a href="https://www.amazon.com/dp/B07XTTDTWR?tag=eloabder-20&linkCode=osi&th=1&psc=1">View Product</a></div><div class="product"><a href="https://www.amazon.com/dp/B079KFP7NT?tag=eloabder-20&linkCode=osi&th=1&psc=1"><img src="https://m.media-amazon.com/images/I/41Ih8G0FSmL._SL500_.jpg" alt="Product Image"></a><p>wet n wild Silk Finish Lipstick, Hydrating Rich Buildable Lip Color, Formulated with Vitamins A,E, & Macadamia for Ultimate Hydration, Cruelty-Free & Vegan - Raging Red</p><p>$1.29</p><a href="https://www.amazon.com/dp/B079KFP7NT?tag=eloabder-20&linkCode=osi&th=1&psc=1">View Product</a></div><div class="product"><a href="https://www.amazon.com/dp/B002F3R44K?tag=eloabder-20&linkCode=osi&th=1&psc=1"><img src="https://m.media-amazon.com/images/I/41-gXIE96GL._SL500_.jpg" alt="Product Image"></a><p>Revlon Lipstick, Super Lustrous Lipstick, Creamy Formula For Soft, Fuller-Looking Lips, Moisturized Feel in Pinks, Pink In The Afternoon (415) 0.15 oz</p><p>$6.48</p><a href="https://www.amazon.com/dp/B002F3R44K?tag=eloabder-20&linkCode=osi&th=1&psc=1">View Product</a></div><div class="product"><a href="https://www.amazon.com/dp/B001LFER98?tag=eloabder-20&linkCode=osi&th=1&psc=1"><img src="https://m.media-amazon.com/images/I/41wezVKuIoL._SL500_.jpg" alt="Product Image"></a><p>REVLON Lipstick, Super Lustrous Lipstick, Creamy Formula For Soft, Fuller-Looking Lips, Moisturized Feel in Reds & Corals, Peach Me (628) 0.15 oz</p><p>$4.99</p><a href="https://www.amazon.com/dp/B001LFER98?tag=eloabder-20&linkCode=osi&th=1&psc=1">View Product</a></div><div class="product"><a href="https://www.amazon.com/dp/B082YQ2978?tag=eloabder-20&linkCode=osi&th=1&psc=1"><img src="https://m.media-amazon.com/images/I/31QsMhXUSeL._SL500_.jpg" alt="Product Image"></a><p>wet n wild Mega Last High-Shine Lipstick Lip Color, Infused with Seed Oils For a Nourishing High-Shine, Buildable & Blendable Creamy Color, Cruelty-Free & Vegan - Mad for Mauve</p><p>$2.28</p><a href="https://www.amazon.com/dp/B082YQ2978?tag=eloabder-20&linkCode=osi&th=1&psc=1">View Product</a></div>
<div class="product"><a href="https://www.amazon.com/dp/B09SP2XHKT?tag=eloabder-20&linkCode=osi&th=1&psc=1"><img src="https://m.media-amazon.com/images/I/31KGrScgA8L._SL500_.jpg" alt="Product Image"></a><p>NYX PROFESSIONAL MAKEUP Butter Gloss, Non-Sticky Lip Gloss - Sugar Glass (Clear)</p><p>$5.99</p><a href="https://www.amazon.com/dp/B09SP2XHKT?tag=eloabder-20&linkCode=osi&th=1&psc=1">View Product</a></div><div class="product"><a href="https://www.amazon.com/dp/B08GSTZ7ZW?tag=eloabder-20&linkCode=osi&th=1&psc=1"><img src="https://m.media-amazon.com/images/I/41nPuTtXVgL._SL500_.jpg" alt="Product Image"></a><p>Ruby Kisses Broadway Vita-Lip Clear Lip Gloss - Moisturizing, Hydrating, Nourishing with Mint, Rosehip, Coconut, Mango, Argan, Honey & Shea</p><p>$7.99 ($2.12 / Ounce)</p><a href="https://www.amazon.com/dp/B08GSTZ7ZW?tag=eloabder-20&linkCode=osi&th=1&psc=1">View Product</a></div><div class="product"><a href="https://www.amazon.com/dp/B015RPE14S?tag=eloabder-20&linkCode=osi&th=1&psc=1"><img src="https://m.media-amazon.com/images/I/31FRC3fz7EL._SL500_.jpg" alt="Product Image"></a><p>L.A. Colors High Shine Shea Butter Lip Gloss, Clear, 0.14 Ounce</p><p>$1.98</p><a href="https://www.amazon.com/dp/B015RPE14S?tag=eloabder-20&linkCode=osi&th=1&psc=1">View Product</a></div><div class="product"><a href="https://www.amazon.com/dp/B00Q26VWZI?tag=eloabder-20&linkCode=osi&th=1&psc=1"><img src="https://m.media-amazon.com/images/I/31Bqig96T0L._SL500_.jpg" alt="Product Image"></a><p>Rimmel Stay Glossy Lip Gloss - Non-Sticky and Lightweight Formula for Lip Color and Shine - 130 Blushing Belgraves, .18oz</p><p>$4.32</p><a href="https://www.amazon.com/dp/B00Q26VWZI?tag=eloabder-20&linkCode=osi&th=1&psc=1">View Product</a></div><div class="product"><a href="https://www.amazon.com/dp/B0C1MH8R2M?tag=eloabder-20&linkCode=osi&th=1&psc=1"><img src="https://m.media-amazon.com/images/I/31adT7DtBYL._SL500_.jpg" alt="Product Image"></a><p>Maybelline New York Lifter Gloss Hydrating Lip Gloss with Hyaluronic Acid, Gummy Bear, Sheer Light Pink, 1 Count</p><p>$8.98</p><a href="https://www.amazon.com/dp/B0C1MH8R2M?tag=eloabder-20&linkCode=osi&th=1&psc=1">View Product</a></div><div class="product"><a href="https://www.amazon.com/dp/B01N1ZC8JZ?tag=eloabder-20&linkCode=osi&th=1&psc=1"><img src="https://m.media-amazon.com/images/I/41fsaqWz6SL._SL500_.jpg" alt="Product Image"></a><p>Broadway Vita-Lip Clear Lip Gloss 0.47oz/14ml (5PCS Mint & Coconut & Rosehip & Mango Butter & Argan Oil) (5 PCS SET)</p><p>$5.99</p><a href="https://www.amazon.com/dp/B01N1ZC8JZ?tag=eloabder-20&linkCode=osi&th=1&psc=1">View Product</a></div><div class="product"><a href="https://www.amazon.com/dp/B07DY2QRF6?tag=eloabder-20&linkCode=osi&th=1&psc=1"><img src="https://m.media-amazon.com/images/I/31qXrVfhvCL._SL500_.jpg" alt="Product Image"></a><p>LANEIGE Lip Glowy Balm Berry: Hydrate, Glossy, Lightweight, Moisturize & Tint with Shea Butter</p><p>$19.00 ($54.29 / Ounce)</p><a href="https://www.amazon.com/dp/B07DY2QRF6?tag=eloabder-20&linkCode=osi&th=1&psc=1">View Product</a></div><div class="product"><a href="https://www.amazon.com/dp/B09DMGWJKY?tag=eloabder-20&linkCode=osi&th=1&psc=1"><img src="https://m.media-amazon.com/images/I/41nIFmIKHRL._SL500_.jpg" alt="Product Image"></a><p>Broadway Vita-Lip Clear Lip Gloss Moisturizing Hydrating Nourishing Long Lasting High Shine Glossy Lip Care Gloss 0.47oz/14ml (10 PCS SET)</p><p>$9.99</p><a href="https://www.amazon.com/dp/B09DMGWJKY?tag=eloabder-20&linkCode=osi&th=1&psc=1">View Product</a></div><div class="product"><a href="https://www.amazon.com/dp/B0BSR85M24?tag=eloabder-20&linkCode=osi&th=1&psc=1"><img src="https://m.media-amazon.com/images/I/31eKHNoE3KL._SL500_.jpg" alt="Product Image"></a><p>e.l.f. Lip Lacquer, Nourishing, Non-Sticky Ultra-Shine Lip Gloss With Sheer Color, Infused With Vitamins A & E, Vegan & Cruelty-Free, Whisper Pink</p><p>$3.00</p><a href="https://www.amazon.com/dp/B0BSR85M24?tag=eloabder-20&linkCode=osi&th=1&psc=1">View Product</a></div><div class="product"><a href="https://www.amazon.com/dp/B081C6PXZJ?tag=eloabder-20&linkCode=osi&th=1&psc=1"><img src="https://m.media-amazon.com/images/I/51+emO79aqL._SL500_.jpg" alt="Product Image"></a><p>NICKA K NEW YORK VARIETY SET OF 5 NK Hydrating Lip Gel - Vitamin E (Clear, Rosehip Oil, Bubble Gum, Cherry, Strawberry)</p><p>$5.43</p><a href="https://www.amazon.com/dp/B081C6PXZJ?tag=eloabder-20&linkCode=osi&th=1&psc=1">View Product</a></div>
<div class="product"><a href="https://www.amazon.com/dp/B07PNCB73M?tag=eloabder-20&linkCode=osi&th=1&psc=1"><img src="https://m.media-amazon.com/images/I/41+KYSFOLML._SL500_.jpg" alt="Product Image"></a><p>Milani Baked Blush - Petal Primavera (0.12 Ounce) Cruelty-Free Powder Blush - Shape, Contour & Highlight Face for a Shimmery or Matte Finish</p><p>$8.97</p><a href="https://www.amazon.com/dp/B07PNCB73M?tag=eloabder-20&linkCode=osi&th=1&psc=1">View Product</a></div><div class="product"><a href="https://www.amazon.com/dp/B0CZ5HLDK9?tag=eloabder-20&linkCode=osi&th=1&psc=1"><img src="https://m.media-amazon.com/images/I/41rZu1cS8QL._SL500_.jpg" alt="Product Image"></a><p>NYX PROFESSIONAL MAKEUP Buttermelt Powder Blush, Fade and Transfer-Resistant Blush, Up to 12HR Make Up Wear, Vegan Formula - For The Butta</p><p>$9.97</p><a href="https://www.amazon.com/dp/B0CZ5HLDK9?tag=eloabder-20&linkCode=osi&th=1&psc=1">View Product</a></div><div class="product"><a href="https://www.amazon.com/dp/B0CPFYGNR7?tag=eloabder-20&linkCode=osi&th=1&psc=1"><img src="https://m.media-amazon.com/images/I/31EJvMa7jyL._SL500_.jpg" alt="Product Image"></a><p>e.l.f. Camo Liquid Blush, Long-lasting Liquid Blush For High-pigment Color, Creates A Soft, Dewy Finish, Vegan & Cruelty-free, Dusty Rosé</p><p>$7.00</p><a href="https://www.amazon.com/dp/B0CPFYGNR7?tag=eloabder-20&linkCode=osi&th=1&psc=1">View Product</a></div><div class="product"><a href="https://www.amazon.com/dp/B06XDNPXD1?tag=eloabder-20&linkCode=osi&th=1&psc=1"><img src="https://m.media-amazon.com/images/I/41IryPTf51L._SL500_.jpg" alt="Product Image"></a><p>Maybelline Fit Me Powder Blush, Lightweight, Smooth, Blendable, Long-lasting All-Day Face Enhancing Makeup Color, Mauve, 1 Count</p><p>$4.62</p><a href="https://www.amazon.com/dp/B06XDNPXD1?tag=eloabder-20&linkCode=osi&th=1&psc=1">View Product</a></div><div class="product"><a href="https://www.amazon.com/dp/B082YPNTZ4?tag=eloabder-20&linkCode=osi&th=1&psc=1"><img src="https://m.media-amazon.com/images/I/41vtXkWXs8L._SL500_.jpg" alt="Product Image"></a><p>wet n wild Color Icon Blush, Effortless Glow & Seamless Blend infused with Luxuriously Smooth Jojoba Oil, Sheer Finish with a Matte Natural Glow, Cruelty-Free & Vegan - Pinch Me Pink</p><p>$3.28</p><a href="https://www.amazon.com/dp/B082YPNTZ4?tag=eloabder-20&linkCode=osi&th=1&psc=1">View Product</a></div><div class="product"><a href="https://www.amazon.com/dp/B0CPFWJJQJ?tag=eloabder-20&linkCode=osi&th=1&psc=1"><img src="https://m.media-amazon.com/images/I/41+GdEwyGqL._SL500_.jpg" alt="Product Image"></a><p>e.l.f. Primer-Infused Matte Blush, Long-Lasting, Lightweight & Buildable Powder Blush, Delivers A Matte Finish, Vegan & Cruelty-Free, Always Crushing</p><p>$7.00</p><a href="https://www.amazon.com/dp/B0CPFWJJQJ?tag=eloabder-20&linkCode=osi&th=1&psc=1">View Product</a></div><div class="product"><a href="https://www.amazon.com/dp/B0B64GX5LN?tag=eloabder-20&linkCode=osi&th=1&psc=1"><img src="https://m.media-amazon.com/images/I/31aZBeyUSsL._SL500_.jpg" alt="Product Image"></a><p>LAURA GELLER NEW YORK Serum Blush Tint, Lightweight Liquid Blush for Cheeks, Weightless Watercolor Sheer Finish, Practical Pink</p><p>$15.74</p><a href="https://www.amazon.com/dp/B0B64GX5LN?tag=eloabder-20&linkCode=osi&th=1&psc=1">View Product</a></div><div class="product"><a href="https://www.amazon.com/dp/B00J56D0G6?tag=eloabder-20&linkCode=osi&th=1&psc=1"><img src="https://m.media-amazon.com/images/I/31MVN0QAhfL._SL500_.jpg" alt="Product Image"></a><p>e.l.f. Cosmetics Powder Blush Palette, Four Blush Shades for Beautiful, Long-Lasting Pigment, Light</p><p>$6.00</p><a href="https://www.amazon.com/dp/B00J56D0G6?tag=eloabder-20&linkCode=osi&th=1&psc=1">View Product</a></div><div class="product"><a href="https://www.amazon.com/dp/B0BHFBBH25?tag=eloabder-20&linkCode=osi&th=1&psc=1"><img src="https://m.media-amazon.com/images/I/31uqOuPPf5L._SL500_.jpg" alt="Product Image"></a><p>SHEGLAM Color Bloom Liquid Blush Makeup for Cheeks Matte Finish - Love Cake</p><p>$6.99</p><a href="https://www.amazon.com/dp/B0BHFBBH25?tag=eloabder-20&linkCode=osi&th=1&psc=1">View Product</a></div><div class="product"><a href="https://www.amazon.com/dp/B07J47FHR1?tag=eloabder-20&linkCode=osi&th=1&psc=1"><img src="https://m.media-amazon.com/images/I/41Xyor9x2SL._SL500_.jpg" alt="Product Image"></a><p>Nars Blush in ORGASM Full Size 0.16 oz. / 4.8 g in Retail Box New Edition</p><p>$22.00</p><a href="https://www.amazon.com/dp/B07J47FHR1?tag=eloabder-20&linkCode=osi&th=1&psc=1">View Product</a></div>
<div class="product"><a href="https://www.amazon.com/dp/B018B8Q5Z6?tag=eloabder-20&linkCode=osi&th=1&psc=1"><img src="https://m.media-amazon.com/images/I/41D9ZHQRaSL._SL500_.jpg" alt="Product Image"></a><p>Physicians Formula Murumuru Butter Bronzer, Moisturizing, Nourishing Murumuru Butter Blend for Silky All-Day Luminous Glow, Dermatologist Tested, Hypoallergenic, Vegan & Cruelty-Free -Bronzer</p><p>$12.15</p><a href="https://www.amazon.com/dp/B018B8Q5Z6?tag=eloabder-20&linkCode=osi&th=1&psc=1">View Product</a></div><div class="product"><a href="https://www.amazon.com/dp/B001B0H82Q?tag=eloabder-20&linkCode=osi&th=1&psc=1"><img src="https://m.media-amazon.com/images/I/41I3B-YoLkL._SL500_.jpg" alt="Product Image"></a><p>Rimmel London Natural - 022 Sun Bronze - Bronzer, Matte Finish, 0.49oz</p><p>$3.97</p><a href="https://www.amazon.com/dp/B001B0H82Q?tag=eloabder-20&linkCode=osi&th=1&psc=1">View Product</a></div><div class="product"><a href="https://www.amazon.com/dp/B0BM5HX7DN?tag=eloabder-20&linkCode=osi&th=1&psc=1"><img src="https://m.media-amazon.com/images/I/41DwoHQgzsL._SL500_.jpg" alt="Product Image"></a><p>Benefit Hoola Matte Bronzer Mini 0.08 Ounce</p><p>$17.92</p><a href="https://www.amazon.com/dp/B0BM5HX7DN?tag=eloabder-20&linkCode=osi&th=1&psc=1">View Product</a></div><div class="product"><a href="https://www.amazon.com/dp/B07M7NGVW7?tag=eloabder-20&linkCode=osi&th=1&psc=1"><img src="https://m.media-amazon.com/images/I/51dvod9PjTL._SL500_.jpg" alt="Product Image"></a><p>wet n wild Color Icon Bronzer What Shady Beaches</p><p>$2.96</p><a href="https://www.amazon.com/dp/B07M7NGVW7?tag=eloabder-20&linkCode=osi&th=1&psc=1">View Product</a></div><div class="product"><a href="https://www.amazon.com/dp/B0CPFVTY7M?tag=eloabder-20&linkCode=osi&th=1&psc=1"><img src="https://m.media-amazon.com/images/I/41rO68Q0mlL._SL500_.jpg" alt="Product Image"></a><p>e.l.f. Primer-Infused Bronzer, Long-Lasting, Lightweight & Buildable Powder Bronzer, Delivers A Matte Finish, Vegan & Cruelty-Free, Fresh Tan</p><p>$7.00</p><a href="https://www.amazon.com/dp/B0CPFVTY7M?tag=eloabder-20&linkCode=osi&th=1&psc=1">View Product</a></div><div class="product"><a href="https://www.amazon.com/dp/B07ZR187P5?tag=eloabder-20&linkCode=osi&th=1&psc=1"><img src="https://m.media-amazon.com/images/I/410nkMFZLYL._SL500_.jpg" alt="Product Image"></a><p>e.l.f. Primer-infused Bronzer, Long-Wear, Matte, Bold, Lightweight, Blends Easily, Contours Cheeks, Forever Sun Kissed, All-Day Wear, 0.35 Oz</p><p>$7.00 ($20.00 / Ounce)</p><a href="https://www.amazon.com/dp/B07ZR187P5?tag=eloabder-20&linkCode=osi&th=1&psc=1">View Product</a></div><div class="product"><a href="https://www.amazon.com/dp/B00518N3VE?tag=eloabder-20&linkCode=osi&th=1&psc=1"><img src="https://m.media-amazon.com/images/I/41SzIseWK6L._SL500_.jpg" alt="Product Image"></a><p>Milani Baked Bronzer - Glow, Cruelty-Free Shimmer Bronzing Powder to Use For Contour Makeup, Highlighters Makeup, Bronzer Makeup, 0.25 Ounce</p><p>$9.97 ($39.88 / Ounce)</p><a href="https://www.amazon.com/dp/B00518N3VE?tag=eloabder-20&linkCode=osi&th=1&psc=1">View Product</a></div><div class="product"><a href="https://www.amazon.com/dp/B0CNTYPSSZ?tag=eloabder-20&linkCode=osi&th=1&psc=1"><img src="https://m.media-amazon.com/images/I/416D4Z7hQ8L._SL500_.jpg" alt="Product Image"></a><p>Milani Cheek Kiss Cream Bronzer-110 Hey Honey</p><p>$9.97</p><a href="https://www.amazon.com/dp/B0CNTYPSSZ?tag=eloabder-20&linkCode=osi&th=1&psc=1">View Product</a></div><div class="product"><a href="https://www.amazon.com/dp/B006WZ9O72?tag=eloabder-20&linkCode=osi&th=1&psc=1"><img src="https://m.media-amazon.com/images/I/51rDNo9JnqL._SL500_.jpg" alt="Product Image"></a><p>Physicians Formula Bronze Booster Glow-Boosting Season-to-Season, Customizable Seasonal Glow Glow, Lasting Tan Boost, Hypoallergenic Powder, Cruelty-Free & Hypoallergenic- Light-to-Medium</p><p>$12.98</p><a href="https://www.amazon.com/dp/B006WZ9O72?tag=eloabder-20&linkCode=osi&th=1&psc=1">View Product</a></div>
<div class="product"><a href="https://www.amazon.com/dp/B09288DSSX?tag=eloabder-20&linkCode=osi&th=1&psc=1"><img src="https://m.media-amazon.com/images/I/417z6evbmhL._SL500_.jpg" alt="Product Image"></a><p>KYDA Face Highlighter Palette, High Glossy Face Illuminator Palette, Narutal Glow Finish, Pearl Shimmer Smooth Baked Powder, Lasting Sparkling Highlighter Makeup-SUN GLOW</p><p>$9.99</p><a href="https://www.amazon.com/dp/B09288DSSX?tag=eloabder-20&linkCode=osi&th=1&psc=1">View Product</a></div><div class="product"><a href="https://www.amazon.com/dp/B082YPL2SV?tag=eloabder-20&linkCode=osi&th=1&psc=1"><img src="https://m.media-amazon.com/images/I/51Y+MCkwArL._SL500_.jpg" alt="Product Image"></a><p>Wet n Wild MegaGlo Blushlighter, Blendable Blush & Highlighter Set, Shimmery Metallic Finish, Highlight Bling</p><p>$5.47</p><a href="https://www.amazon.com/dp/B082YPL2SV?tag=eloabder-20&linkCode=osi&th=1&psc=1">View Product</a></div><div class="product"><a href="https://www.amazon.com/dp/B0C41PSDZF?tag=eloabder-20&linkCode=osi&th=1&psc=1"><img src="https://m.media-amazon.com/images/I/41FLNU-tL-L._SL500_.jpg" alt="Product Image"></a><p>NYX PROFESSIONAL MAKEUP, Jumbo Multi-Use Face Highlighter Stick - Vanilla Ice Cream</p><p>$7.97</p><a href="https://www.amazon.com/dp/B0C41PSDZF?tag=eloabder-20&linkCode=osi&th=1&psc=1">View Product</a></div><div class="product"><a href="https://www.amazon.com/dp/B0C6V67KJW?tag=eloabder-20&linkCode=osi&th=1&psc=1"><img src="https://m.media-amazon.com/images/I/31Yh8b8JEjL._SL500_.jpg" alt="Product Image"></a><p>e.l.f. Halo Glow Highlight Beauty Wand, Liquid Highlighter Wand For Luminous, Glowing Skin, Buildable Formula, Vegan & Cruelty-free,Champagne Campaign</p><p>$9.00</p><a href="https://www.amazon.com/dp/B0C6V67KJW?tag=eloabder-20&linkCode=osi&th=1&psc=1">View Product</a></div><div class="product"><a href="https://www.amazon.com/dp/B073WMG59J?tag=eloabder-20&linkCode=osi&th=1&psc=1"><img src="https://m.media-amazon.com/images/I/51fz8bpJNNL._SL500_.jpg" alt="Product Image"></a><p>wet n wild MegaGlo Highlighting Powder, Highlighter Makeup, Shimmer Glow, Pink Rose Gold Blossom Glow</p><p>$5.41</p><a href="https://www.amazon.com/dp/B073WMG59J?tag=eloabder-20&linkCode=osi&th=1&psc=1">View Product</a></div><div class="product"><a href="https://www.amazon.com/dp/B07QPY11KY?tag=eloabder-20&linkCode=osi&th=1&psc=1"><img src="https://m.media-amazon.com/images/I/312T7p8cW6L._SL500_.jpg" alt="Product Image"></a><p>Revolution Beauty, Reloaded Pressed Powder Highlighter, Intensely Pigmented for a High Impact Dewy Finish, Dare To Divulge, 0.22 Oz.</p><p>$6.91</p><a href="https://www.amazon.com/dp/B07QPY11KY?tag=eloabder-20&linkCode=osi&th=1&psc=1">View Product</a></div><div class="product"><a href="https://www.amazon.com/dp/B074PTZCNW?tag=eloabder-20&linkCode=osi&th=1&psc=1"><img src="https://m.media-amazon.com/images/I/31btEAGukiL._SL500_.jpg" alt="Product Image"></a><p>L'Oreal Paris Makeup True Match Lumi Glotion, Natural Glow Enhancer, Illuminator Highlighter Skin Tint, for an All Day Radiant Glow, Light, 1.35 Ounces</p><p>$12.81</p><a href="https://www.amazon.com/dp/B074PTZCNW?tag=eloabder-20&linkCode=osi&th=1&psc=1">View Product</a></div><div class="product"><a href="https://www.amazon.com/dp/B075K784FK?tag=eloabder-20&linkCode=osi&th=1&psc=1"><img src="https://m.media-amazon.com/images/I/51q6Nf009iL._SL500_.jpg" alt="Product Image"></a><p>Physicians Formula Murumuru Butter Highlighter Makeup Face Powder Make Up, Pearl, Dermatologist Approved</p><p>$10.00</p><a href="https://www.amazon.com/dp/B075K784FK?tag=eloabder-20&linkCode=osi&th=1&psc=1">View Product</a></div><div class="product"><a href="https://www.amazon.com/dp/B0BD9HYBKD?tag=eloabder-20&linkCode=osi&th=1&psc=1"><img src="https://m.media-amazon.com/images/I/319tXl8nMUL._SL500_.jpg" alt="Product Image"></a><p>LAURA GELLER NEW YORK Baked Natural Glow Highlighter Radiance Enhancing Makeup, French Vanilla</p><p>$18.99</p><a href="https://www.amazon.com/dp/B0BD9HYBKD?tag=eloabder-20&linkCode=osi&th=1&psc=1">View Product</a></div><div class="product"><a href="https://www.amazon.com/dp/B083574V27?tag=eloabder-20&linkCode=osi&th=1&psc=1"><img src="https://m.media-amazon.com/images/I/41fyFVpDrXL._SL500_.jpg" alt="Product Image"></a><p>Milani Baked Highlighter (Dolce Perla) - Cruelty-Free Powder Highlighter, Highlight Face for a Shimmery or Matte Finish</p><p>$10.97 ($39.18 / Ounce)</p><a href="https://www.amazon.com/dp/B083574V27?tag=eloabder-20&linkCode=osi&th=1&psc=1">View Product</a></div>
<div class="product"><a href="https://www.amazon.com/dp/B0CMHSNYG8?tag=eloabder-20&linkCode=osi&th=1&psc=1"><img src="https://m.media-amazon.com/images/I/51iVcKQ6eIL._SL500_.jpg" alt="Product Image"></a><p>JODSONE Gel Nail Set 20 Colors High Shine Gorgeous Gel Polish Base Top Matte Coat Nice Gifts Show Charm</p><p>$19.99</p><a href="https://www.amazon.com/dp/B0CMHSNYG8?tag=eloabder-20&linkCode=osi&th=1&psc=1">View Product</a></div><div class="product"><a href="https://www.amazon.com/dp/B09KC56289?tag=eloabder-20&linkCode=osi&th=1&psc=1"><img src="https://m.media-amazon.com/images/I/51M-P1nM7QL._SL500_.jpg" alt="Product Image"></a><p>JODSONE 36 PCS Gel Nail Polish Set-32 Colors Gel Polish Kit Base Coat Glossy Matte and Glitter Top Coat Nail Polish Set Green Blue Red Pink Collection Gifts for Women</p><p>$25.99</p><a href="https://www.amazon.com/dp/B09KC56289?tag=eloabder-20&linkCode=osi&th=1&psc=1">View Product</a></div><div class="product"><a href="https://www.amazon.com/dp/B00GXVVDG0?tag=eloabder-20&linkCode=osi&th=1&psc=1"><img src="https://m.media-amazon.com/images/I/21vF-y2FfJL._SL500_.jpg" alt="Product Image"></a><p>Essie Nail Polish, Salon-Quality, 8-free Vegan, Finish, Mademoiselle, 0.46 Ounces (Packaging May Vary) Sheer Pink</p><p>$8.99</p><a href="https://www.amazon.com/dp/B00GXVVDG0?tag=eloabder-20&linkCode=osi&th=1&psc=1">View Product</a></div><div class="product"><a href="https://www.amazon.com/dp/B0987JZSP8?tag=eloabder-20&linkCode=osi&th=1&psc=1"><img src="https://m.media-amazon.com/images/I/31VZYZfCKbL._SL500_.jpg" alt="Product Image"></a><p>OPI Nature Strong Vegan Nail Polish, Knowledge is Flower, Pink Nail Polish, Natural Origin, Cruelty-Free Nail Lacquer, 0.5 fl oz.</p><p>$12.99 ($25.98 / Fl Oz)</p><a href="https://www.amazon.com/dp/B0987JZSP8?tag=eloabder-20&linkCode=osi&th=1&psc=1">View Product</a></div><div class="product"><a href="https://www.amazon.com/dp/B0CYLRWVVF?tag=eloabder-20&linkCode=osi&th=1&psc=1"><img src="https://m.media-amazon.com/images/I/51G1EY8ny6L._SL500_.jpg" alt="Product Image"></a><p>modelones Pearl Nail Polish 6 Colors Shimmer Pearl White Pink Mermaid Purple Nail Polish Set Summer Quick Dry Nail Polish Finger Nail Polish Bulk Manicure Diy Nail Art Salon Home Gift For Women Girl</p><p>$12.99</p><a href="https://www.amazon.com/dp/B0CYLRWVVF?tag=eloabder-20&linkCode=osi&th=1&psc=1">View Product</a></div>
<div class="product"><a href="https://www.amazon.com/dp/B005HGWGVS?tag=eloabder-20&linkCode=osi&th=1&psc=1"><img src="https://m.media-amazon.com/images/I/41NVfMcQBQL._SL500_.jpg" alt="Product Image"></a><p>Hard As Hoof Nail Strengthening Cream with Coconut Scent, Nail Growth & Conditioning Cuticle Cream Stops Splits, Chips, Cracks & Strengthens Nails, 1 oz</p><p>$8.88</p><a href="https://www.amazon.com/dp/B005HGWGVS?tag=eloabder-20&linkCode=osi&th=1&psc=1">View Product</a></div><div class="product"><a href="https://www.amazon.com/dp/B08YMJ4X4B?tag=eloabder-20&linkCode=osi&th=1&psc=1"><img src="https://m.media-amazon.com/images/I/41JNcOM8lBL._SL500_.jpg" alt="Product Image"></a><p>C CARE Sweet Almond Cuticle Oil For Nails - Repairs Cuticles Overnight - Moisturizes and Strengthens Nails and Cuticles - Dropper & Brush included - 2.5oz</p><p>$5.97 ($2.39 / Fl Oz)</p><a href="https://www.amazon.com/dp/B08YMJ4X4B?tag=eloabder-20&linkCode=osi&th=1&psc=1">View Product</a></div><div class="product"><a href="https://www.amazon.com/dp/B0046MK34G?tag=eloabder-20&linkCode=osi&th=1&psc=1"><img src="https://m.media-amazon.com/images/I/41PPyJFVAlL._SL500_.jpg" alt="Product Image"></a><p>Sally Hansen Instant Cuticle Remover™, Nail Treatment, Fast Drying, Contains Aloe and Chamomile</p><p>$4.97</p><a href="https://www.amazon.com/dp/B0046MK34G?tag=eloabder-20&linkCode=osi&th=1&psc=1">View Product</a></div><div class="product"><a href="https://www.amazon.com/dp/B00F644LTQ?tag=eloabder-20&linkCode=osi&th=1&psc=1"><img src="https://m.media-amazon.com/images/I/31+v2SZDagL._SL500_.jpg" alt="Product Image"></a><p>Cuccio Naturale Revitalizing- Hydrating Oil For Repaired Cuticles Overnight - Remedy For Damaged Skin And Thin Nails - Paraben /Cruelty-Free Formula - Milk And Honey - 2.5 Oz</p><p>$9.48 ($3.79 / Fl Oz)</p><a href="https://www.amazon.com/dp/B00F644LTQ?tag=eloabder-20&linkCode=osi&th=1&psc=1">View Product</a></div><div class="product"><a href="https://www.amazon.com/dp/B007QBKX08?tag=eloabder-20&linkCode=osi&th=1&psc=1"><img src="https://m.media-amazon.com/images/I/51BgkFaTnpL._SL500_.jpg" alt="Product Image"></a><p>Nail Tek Repairs Damaged Nails kit.Intensive Therapy(.5OZ),Foundation(.5OZ)& Renew(.48OZ)</p><p>$14.95</p><a href="https://www.amazon.com/dp/B007QBKX08?tag=eloabder-20&linkCode=osi&th=1&psc=1">View Product</a></div>
<div class="product"><a href="https://www.amazon.com/dp/B017PCGAXQ?tag=eloabder-20&linkCode=osi&th=1&psc=1"><img src="https://m.media-amazon.com/images/I/31-daQlUgGL._SL500_.jpg" alt="Product Image"></a><p>Garnier Micellar Water For Waterproof Makeup, Hydrating Facial Cleanser & Makeup Remover, Suitable for Sensitive Skin, Vegan, Cruelty Free, 13.5 Fl Oz (400mL), 1 Count</p><p>$8.97 ($0.66 / Fl Oz)</p><a href="https://www.amazon.com/dp/B017PCGAXQ?tag=eloabder-20&linkCode=osi&th=1&psc=1">View Product</a></div><div class="product"><a href="https://www.amazon.com/dp/B017PCGABI?tag=eloabder-20&linkCode=osi&th=1&psc=1"><img src="https://m.media-amazon.com/images/I/3106WC85aAL._SL500_.jpg" alt="Product Image"></a><p>Garnier Micellar Water, Hydrating Facial Cleanser & Makeup Remover, Suitable for Sensitive Skin, Vegan, Cruelty Free, 13.5 Fl Oz (400mL), 1 Count</p><p>$8.97 ($0.66 / Fl Oz)</p><a href="https://www.amazon.com/dp/B017PCGABI?tag=eloabder-20&linkCode=osi&th=1&psc=1">View Product</a></div><div class="product"><a href="https://www.amazon.com/dp/B00U2VQZDS?tag=eloabder-20&linkCode=osi&th=1&psc=1"><img src="https://m.media-amazon.com/images/I/41VzZfHAKpL._SL500_.jpg" alt="Product Image"></a><p>Neutrogena Makeup Remover Wipes, Ultra-Soft Cleansing Facial Towelettes for Waterproof Makeup, Alcohol-Free, Plant-Based, Twin Pack, 25 Count (Pack of 2)</p><p>$9.16 ($0.18 / Count)</p><a href="https://www.amazon.com/dp/B00U2VQZDS?tag=eloabder-20&linkCode=osi&th=1&psc=1">View Product</a></div><div class="product"><a href="https://www.amazon.com/dp/B07T9JV956?tag=eloabder-20&linkCode=osi&th=1&psc=1"><img src="https://m.media-amazon.com/images/I/310x+0QrxsL._SL500_.jpg" alt="Product Image"></a><p>Neutrogena Gentle Oil-Free Eye Makeup Remover & Cleanser for Sensitive Eyes, Non-Greasy Makeup Remover, Removes Waterproof Mascara, Dermatologist & Ophthalmologist Tested, 8.0 fl. oz</p><p>$9.39 ($1.17 / Fl Oz)</p><a href="https://www.amazon.com/dp/B07T9JV956?tag=eloabder-20&linkCode=osi&th=1&psc=1">View Product</a></div><div class="product"><a href="https://www.amazon.com/dp/B01M31HY3S?tag=eloabder-20&linkCode=osi&th=1&psc=1"><img src="https://m.media-amazon.com/images/I/319i79e7f4L._SL500_.jpg" alt="Product Image"></a><p>Cetaphil Gentle Waterproof Makeup Remover, Mother's Day Gifts, Oil-Free Formula Suitable for Sensitive Skin, 6.0 Fluid Ounce</p><p>$9.87 ($1.64 / Fl Oz)</p><a href="https://www.amazon.com/dp/B01M31HY3S?tag=eloabder-20&linkCode=osi&th=1&psc=1">View Product</a></div><div class="product"><a href="https://www.amazon.com/dp/B07SS6LFRG?tag=eloabder-20&linkCode=osi&th=1&psc=1"><img src="https://m.media-amazon.com/images/I/31Mwa89HfCL._SL500_.jpg" alt="Product Image"></a><p>Amazon Basics Eye Makeup Remover, Removes Waterproof Mascara, Dermatologist Tested, Fragrance Free, 5.5 Fl Oz (Pack of 1)</p><p>$5.99 ($1.09 / Fl Oz)</p><a href="https://www.amazon.com/dp/B07SS6LFRG?tag=eloabder-20&linkCode=osi&th=1&psc=1">View Product</a></div><div class="product"><a href="https://www.amazon.com/dp/B08TQTT8LK?tag=eloabder-20&linkCode=osi&th=1&psc=1"><img src="https://m.media-amazon.com/images/I/31R-Y-dhjEL._SL500_.jpg" alt="Product Image"></a><p>e.l.f. Holy Hydration! Makeup Melting Cleansing Balm, Face Cleanser & Makeup Remover, Infused with Hyaluronic Acid to Hydrate Skin, 2 Oz</p><p>$11.00 ($5.50 / Ounce)</p><a href="https://www.amazon.com/dp/B08TQTT8LK?tag=eloabder-20&linkCode=osi&th=1&psc=1">View Product</a></div><div class="product"><a href="https://www.amazon.com/dp/B08Q3CQM7X?tag=eloabder-20&linkCode=osi&th=1&psc=1"><img src="https://m.media-amazon.com/images/I/31edyzkByfL._SL500_.jpg" alt="Product Image"></a><p>JUNO & Co. Clean 10 Cleansing Balm 10 Ingredients Makeup Remover 85g / 3.0oz</p><p>$14.99 ($5.00 / Ounce)</p><a href="https://www.amazon.com/dp/B08Q3CQM7X?tag=eloabder-20&linkCode=osi&th=1&psc=1">View Product</a></div><div class="product"><a href="https://www.amazon.com/dp/B0B1PP1XCM?tag=eloabder-20&linkCode=osi&th=1&psc=1"><img src="https://m.media-amazon.com/images/I/31kOCqV2+BL._SL500_.jpg" alt="Product Image"></a><p>CeraVe Cleansing Balm for Sensitive Skin | Hydrating Makeup Remover with Ceramides and Plant-based Jojoba Oil for Face | Non-Comedogenic Fragrance Free Non-Greasy |1.3 Ounces</p><p>$9.97 ($7.67 / Ounce)</p><a href="https://www.amazon.com/dp/B0B1PP1XCM?tag=eloabder-20&linkCode=osi&th=1&psc=1">View Product</a></div><div class="product"><a href="https://www.amazon.com/dp/B0BX65V1BZ?tag=eloabder-20&linkCode=osi&th=1&psc=1"><img src="https://m.media-amazon.com/images/I/31t6WiWvdDL._SL500_.jpg" alt="Product Image"></a><p>Prime Prometics PrimeSkin Beauty Water – Deeply Hydrating Pro-Age Make-Up Remover for Mature Women – Clean, One Swipe – for All Skin Types – pH balanced, Hypoallergenic</p><p>$27.00 ($5.29 / Fl Oz)</p><a href="https://www.amazon.com/dp/B0BX65V1BZ?tag=eloabder-20&linkCode=osi&th=1&psc=1">View Product</a></div>
<div class="product"><a href="https://www.amazon.com/dp/B07XC569XF?tag=eloabder-20&linkCode=osi&th=1&psc=1"><img src="https://m.media-amazon.com/images/I/4109uyzn-sL._SL500_.jpg" alt="Product Image"></a><p>Neutrogena Hydro Boost Facial Cleansing Towelettes + Hyaluronic Acid, Hydrating Makeup Remover Face Wipes Remove Dirt & Waterproof Makeup, Hypoallergenic, 100% Plant-Based Cloth, 2 x 25 ct</p><p>$13.20 ($0.26 / Count)</p><a href="https://www.amazon.com/dp/B07XC569XF?tag=eloabder-20&linkCode=osi&th=1&psc=1">View Product</a></div><div class="product"><a href="https://www.amazon.com/dp/B00479FP4Q?tag=eloabder-20&linkCode=osi&th=1&psc=1"><img src="https://m.media-amazon.com/images/I/41L2wro-FlL._SL500_.jpg" alt="Product Image"></a><p>Olay Daily Facials, Daily Clean Makeup Removing Facial Cleansing Wipes, 5-in-1 Water Activated Cloths, Exfoliates, Tones and Hydrates Skin, 66 count</p><p>$9.74 ($0.15 / Count)</p><a href="https://www.amazon.com/dp/B00479FP4Q?tag=eloabder-20&linkCode=osi&th=1&psc=1">View Product</a></div><div class="product"><a href="https://www.amazon.com/dp/B0864VDH6F?tag=eloabder-20&linkCode=osi&th=1&psc=1"><img src="https://m.media-amazon.com/images/I/418baEPkUdL._SL500_.jpg" alt="Product Image"></a><p>Amazon Basics Make Up Remover Wipes, Night Calming, 50 Count (2 Packs of 25) (Previously Solimo)</p><p>$7.93 ($0.16 / Count)</p><a href="https://www.amazon.com/dp/B0864VDH6F?tag=eloabder-20&linkCode=osi&th=1&psc=1">View Product</a></div><div class="product"><a href="https://www.amazon.com/dp/B093T3LQPP?tag=eloabder-20&linkCode=osi&th=1&psc=1"><img src="https://m.media-amazon.com/images/I/51mLU+qr6tL._SL500_.jpg" alt="Product Image"></a><p>Burt's Bees Rose Water Face Wipes, for All Skin Types, Hydrating Micellar Makeup Remover & Facial Cleansing Towelettes, 30 Ct (3-Pack)</p><p>$16.47 ($0.18 / Count)</p><a href="https://www.amazon.com/dp/B093T3LQPP?tag=eloabder-20&linkCode=osi&th=1&psc=1">View Product</a></div><div class="product"><a href="https://www.amazon.com/dp/B00NUJQG7Y?tag=eloabder-20&linkCode=osi&th=1&psc=1"><img src="https://m.media-amazon.com/images/I/51apu8FIluL._SL500_.jpg" alt="Product Image"></a><p>Burt's Bees Aloe Vera Face Wipes, for Sensitive Skin, Soothing Makeup Remover & Facial Cleansing Towelettes, 30 Ct. (3-Pack)</p><p>$16.41 ($0.18 / Count)</p><a href="https://www.amazon.com/dp/B00NUJQG7Y?tag=eloabder-20&linkCode=osi&th=1&psc=1">View Product</a></div><div class="product"><a href="https://www.amazon.com/dp/B09LXWPB1V?tag=eloabder-20&linkCode=osi&th=1&psc=1"><img src="https://m.media-amazon.com/images/I/4117i-jJMKL._SL500_.jpg" alt="Product Image"></a><p>CeraVe Hydrating Facial Cleansing Makeup Remover Wipes| Plant Based Face Biodegradable in Home Compost| Wash Cloth| Suitable for Sensitive Skin| Fragrance-free Non-comedogenic| 25 Count</p><p>$9.97 ($0.40 / Count)</p><a href="https://www.amazon.com/dp/B09LXWPB1V?tag=eloabder-20&linkCode=osi&th=1&psc=1">View Product</a></div><div class="product"><a href="https://www.amazon.com/dp/B006RFZ9IK?tag=eloabder-20&linkCode=osi&th=1&psc=1"><img src="https://m.media-amazon.com/images/I/41c4Ogejt9L._SL500_.jpg" alt="Product Image"></a><p>Bioré Daily Make Up Removing Cloths, Facial Cleansing Wipes with Dirt-grabbing Fibers for Deep Pore Cleansing without Oily Residue, 60 Count</p><p>$11.99 ($0.20 / Count)</p><a href="https://www.amazon.com/dp/B006RFZ9IK?tag=eloabder-20&linkCode=osi&th=1&psc=1">View Product</a></div><div class="product"><a href="https://www.amazon.com/dp/B01M4NFD2N?tag=eloabder-20&linkCode=osi&th=1&psc=1"><img src="https://m.media-amazon.com/images/I/41-iPdzYWDL._SL500_.jpg" alt="Product Image"></a><p>Cetaphil Gentle Makeup Removing Face Wipes, Daily Cleansing Facial Towelettes Gently Remove Makeup, Fragrance and Alcohol Free, 25 Count</p><p>$6.85 ($0.27 / Count)</p><a href="https://www.amazon.com/dp/B01M4NFD2N?tag=eloabder-20&linkCode=osi&th=1&psc=1">View Product</a></div><div class="product"><a href="https://www.amazon.com/dp/B0B644ZQLV?tag=eloabder-20&linkCode=osi&th=1&psc=1"><img src="https://m.media-amazon.com/images/I/41E5FGVZrnL._SL500_.jpg" alt="Product Image"></a><p>Cetaphil Face and Body Wipes, Gentle Skin Cleansing Cloths, 25 Count (Pack of 3), for Dry, Sensitive Skin, Flip Top Closure, Great for the Gym, Hypoallergenic, Fragrance Free</p><p>$20.91 ($0.28 / Count)</p><a href="https://www.amazon.com/dp/B0B644ZQLV?tag=eloabder-20&linkCode=osi&th=1&psc=1">View Product</a></div>
<div class="product"><a href="https://www.amazon.com/dp/B08RD6S5HF?tag=eloabder-20&linkCode=osi&th=1&psc=1"><img src="https://m.media-amazon.com/images/I/41uDw-xQNuL._SL500_.jpg" alt="Product Image"></a><p>BAIMEI IcyMe Gua Sha & Jade Roller Facial Tools Face Roller and Gua Sha Set for Puffiness and Redness Reducing Skin Care Routine, Self Care Gift for Men Women - Green</p><p>$9.99</p><a href="https://www.amazon.com/dp/B08RD6S5HF?tag=eloabder-20&linkCode=osi&th=1&psc=1">View Product</a></div><div class="product"><a href="https://www.amazon.com/dp/B09961TCV4?tag=eloabder-20&linkCode=osi&th=1&psc=1"><img src="https://m.media-amazon.com/images/I/41cLCDErk6L._SL500_.jpg" alt="Product Image"></a><p>huefull Gua Sha Facial Tools & Jade Roller Set for Skin Care, Reduce Puffiness and Improve Wrinkles, Guasha Tool for Face, Gua Sha Stone Self Care Gift for Woman Man</p><p>$7.99 ($4.00 / Count)</p><a href="https://www.amazon.com/dp/B09961TCV4?tag=eloabder-20&linkCode=osi&th=1&psc=1">View Product</a></div><div class="product"><a href="https://www.amazon.com/dp/B09P88YNZZ?tag=eloabder-20&linkCode=osi&th=1&psc=1"><img src="https://m.media-amazon.com/images/I/31gv5dz1KML._SL500_.jpg" alt="Product Image"></a><p>Ice Roller for Face and Eye, Ice Face Roller,Facial Beauty Ice Roller Skin Care Tools, Ice Facial Cube, Gua Sha Face Massage, Silicone Ice Mold for Face Beauty (Pink)</p><p>$5.99 ($1.20 / Ounce)</p><a href="https://www.amazon.com/dp/B09P88YNZZ?tag=eloabder-20&linkCode=osi&th=1&psc=1">View Product</a></div><div class="product"><a href="https://www.amazon.com/dp/B09V5TRZTS?tag=eloabder-20&linkCode=osi&th=1&psc=1"><img src="https://m.media-amazon.com/images/I/31NWpXealIL._SL500_.jpg" alt="Product Image"></a><p>ROSELYNBOUTIQUE Ice Roller for Face Wrinkles Fine Lines Puffiness Stick Massager Facial Skin Care Tools Self Care Gifts for Men Women (Green)</p><p>$6.39</p><a href="https://www.amazon.com/dp/B09V5TRZTS?tag=eloabder-20&linkCode=osi&th=1&psc=1">View Product</a></div><div class="product"><a href="https://www.amazon.com/dp/B0BR7YG7QH?tag=eloabder-20&linkCode=osi&th=1&psc=1"><img src="https://m.media-amazon.com/images/I/41gFogNe+dL._SL500_.jpg" alt="Product Image"></a><p>8 Pieces Triangle Powder Puff Face Soft Triangle Makeup Puff Velour Cosmetic Foundation Blender Sponge Beauty Makeup Tools</p><p>$3.99 ($0.50 / Count)</p><a href="https://www.amazon.com/dp/B0BR7YG7QH?tag=eloabder-20&linkCode=osi&th=1&psc=1">View Product</a></div><div class="product"><a href="https://www.amazon.com/dp/B09XJYZDVG?tag=eloabder-20&linkCode=osi&th=1&psc=1"><img src="https://m.media-amazon.com/images/I/41jMEmTiSQL._SL500_.jpg" alt="Product Image"></a><p>Aaiffey Eyeliner Applicator Kit, Eyeliner Tool with Eyeliner Cream Black Eyeliner Gel Reusable Silicone Eye Liner Applicator Waterproof Eyeliner Easy No-Skip (eyeliner tool +black eyeliner creams)</p><p>$9.98</p><a href="https://www.amazon.com/dp/B09XJYZDVG?tag=eloabder-20&linkCode=osi&th=1&psc=1">View Product</a></div>
<div class="product"><a href="https://www.amazon.com/dp/B075S543DR?tag=eloabder-20&linkCode=osi&th=1&psc=1"><img src="https://m.media-amazon.com/images/I/418N6a3fvaL._SL500_.jpg" alt="Product Image"></a><p>EcoTools Start The Day Beautifully 6 Piece Makeup Brush Set, Makeup Brushes For Eyeshadow, Blush, Concealer, & Foundation Application, Eco-Friendly, Gift Set, Synthetic Hair, Vegan & Cruelty-Free</p><p>$9.98</p><a href="https://www.amazon.com/dp/B075S543DR?tag=eloabder-20&linkCode=osi&th=1&psc=1">View Product</a></div><div class="product"><a href="https://www.amazon.com/dp/B07FTXBNVL?tag=eloabder-20&linkCode=osi&th=1&psc=1"><img src="https://m.media-amazon.com/images/I/41O4pc78hYL._SL500_.jpg" alt="Product Image"></a><p>Real Techniques 5 Piece Everyday Essentials Makeup Brush Set, Includes 4 Brushes & Makeup Sponge, For Foundation, Blush, Bronzer, Contour, Eyeshadow, & Powder, Travel Gift Set, Cruelty-Free & Vegan</p><p>$13.99</p><a href="https://www.amazon.com/dp/B07FTXBNVL?tag=eloabder-20&linkCode=osi&th=1&psc=1">View Product</a></div>
<div class="product"><a href="https://www.amazon.com/dp/B00WZQTCS8?tag=eloabder-20&linkCode=osi&th=1&psc=1"><img src="https://m.media-amazon.com/images/I/41iVoW5QboL._SL500_.jpg" alt="Product Image"></a><p>NYX PROFESSIONAL MAKEUP Micro Brow Pencil, Eyebrow Pencil - Espresso</p><p>$7.50</p><a href="https://www.amazon.com/dp/B00WZQTCS8?tag=eloabder-20&linkCode=osi&th=1&psc=1">View Product</a></div><div class="product"><a href="https://www.amazon.com/dp/B01643FI0I?tag=eloabder-20&linkCode=osi&th=1&psc=1"><img src="https://m.media-amazon.com/images/I/21w1DpgxRoL._SL500_.jpg" alt="Product Image"></a><p>L'Oreal Paris Makeup Brow Stylist Definer Waterproof Eyebrow Pencil, Ultra-Fine Mechanical Pencil, Draws Tiny Brow Hairs and Fills in Sparse Areas and Gaps, Dark Brunette, 0.003 Ounce (Pack of 1)</p><p>$8.98</p><a href="https://www.amazon.com/dp/B01643FI0I?tag=eloabder-20&linkCode=osi&th=1&psc=1">View Product</a></div><div class="product"><a href="https://www.amazon.com/dp/B0B52KG7YP?tag=eloabder-20&linkCode=osi&th=1&psc=1"><img src="https://m.media-amazon.com/images/I/31Mi4FEPxYL._SL500_.jpg" alt="Product Image"></a><p>e.l.f. Instant Lift Brow Pencil, Dual-Ended Precision Brow Pencils For Shaping & Defining Eyebrows, Vegan & Cruelty-Free, Neutral Brown, 2-Pack</p><p>$5.00</p><a href="https://www.amazon.com/dp/B0B52KG7YP?tag=eloabder-20&linkCode=osi&th=1&psc=1">View Product</a></div><div class="product"><a href="https://www.amazon.com/dp/B078KB7L4G?tag=eloabder-20&linkCode=osi&th=1&psc=1"><img src="https://m.media-amazon.com/images/I/31QF5SK3tzL._SL500_.jpg" alt="Product Image"></a><p>wet n wild Ultimate Eyebrow Retractable Definer Pencil, Medium Brown, Dual-Sided Brow Brush, Fine Tip, Shapes, Defines, Fills Brow Makeup</p><p>$2.74</p><a href="https://www.amazon.com/dp/B078KB7L4G?tag=eloabder-20&linkCode=osi&th=1&psc=1">View Product</a></div><div class="product"><a href="https://www.amazon.com/dp/B074VD4X7W?tag=eloabder-20&linkCode=osi&th=1&psc=1"><img src="https://m.media-amazon.com/images/I/41eK8J1W2rL._SL500_.jpg" alt="Product Image"></a><p>Maybelline Total Temptation Eyebrow Definer Pencil, Soft Brown, 1 Count</p><p>$8.99</p><a href="https://www.amazon.com/dp/B074VD4X7W?tag=eloabder-20&linkCode=osi&th=1&psc=1">View Product</a></div><div class="product"><a href="https://www.amazon.com/dp/B001ESKLZQ?tag=eloabder-20&linkCode=osi&th=1&psc=1"><img src="https://m.media-amazon.com/images/I/31bw47frHzS._SL500_.jpg" alt="Product Image"></a><p>COVERGIRL - Easy Breezy Brow Fill + Define Brow Pencil, Sharpener Included, Long-Lasting, Deeply Pigmented, Blendable Formula, 100% Cruelty-Free</p><p>$4.47</p><a href="https://www.amazon.com/dp/B001ESKLZQ?tag=eloabder-20&linkCode=osi&th=1&psc=1">View Product</a></div><div class="product"><a href="https://www.amazon.com/dp/B0D12PWNK6?tag=eloabder-20&linkCode=osi&th=1&psc=1"><img src="https://m.media-amazon.com/images/I/51u7eOlEtFL._SL500_.jpg" alt="Product Image"></a><p>iMethod Microblading Eyebrow Pen - Eyebrow Pencil Magical 2-in-1 Dual-Ended Eye Brow Pencils for Women with 4-Fork-Tip & Precise Brush-Tip Create Natural Hair-Like Brows, Last All-Day, Dark Brown</p><p>$14.97 ($14.97 / Count)</p><a href="https://www.amazon.com/dp/B0D12PWNK6?tag=eloabder-20&linkCode=osi&th=1&psc=1">View Product</a></div><div class="product"><a href="https://www.amazon.com/dp/B0CPFY8K8W?tag=eloabder-20&linkCode=osi&th=1&psc=1"><img src="https://m.media-amazon.com/images/I/21SmXiqZZYL._SL500_.jpg" alt="Product Image"></a><p>e.l.f. Instant Lift Waterproof Brow Pencil, Long-Lasting Eyebrow Pencil For Grooming & Shaping Brows, Vegan & Cruelty-free, Deep Brown</p><p>$4.00</p><a href="https://www.amazon.com/dp/B0CPFY8K8W?tag=eloabder-20&linkCode=osi&th=1&psc=1">View Product</a></div>
<div class="product"><a href="https://www.amazon.com/dp/B079B8BFR3?tag=eloabder-20&linkCode=osi&th=1&psc=1"><img src="https://m.media-amazon.com/images/I/41DSmndr3KL._SL500_.jpg" alt="Product Image"></a><p>KISS Looks So Natural, False Eyelashes, Shy', 12 mm, Includes 5 Pairs Of Lashes, Contact Lens Friendly, Easy to Apply, Reusable Strip Lashes, Glue On</p><p>$7.09</p><a href="https://www.amazon.com/dp/B079B8BFR3?tag=eloabder-20&linkCode=osi&th=1&psc=1">View Product</a></div><div class="product"><a href="https://www.amazon.com/dp/B09MQCDVM7?tag=eloabder-20&linkCode=osi&th=1&psc=1"><img src="https://m.media-amazon.com/images/I/510lQqrrVtL._SL500_.jpg" alt="Product Image"></a><p>False Eyelashes 14mm Faux 3D Mink Lashes Natural Look Fluffy Cat Eye Wispy Lashes Pack by Kiromiro, 14 Pairs</p><p>$8.89</p><a href="https://www.amazon.com/dp/B09MQCDVM7?tag=eloabder-20&linkCode=osi&th=1&psc=1">View Product</a></div><div class="product"><a href="https://www.amazon.com/dp/B00DS4EIEE?tag=eloabder-20&linkCode=osi&th=1&psc=1"><img src="https://m.media-amazon.com/images/I/415k4JSKxOL._SL500_.jpg" alt="Product Image"></a><p>KISS So Wispy, False Eyelashes, Style #11', 12 mm, Includes 5 Pairs Of Lashes, Contact Lens Friendly, Easy to Apply, Reusable Strip Lashes, Glue On, Mulitpack</p><p>$8.97 ($1.79 / Count)</p><a href="https://www.amazon.com/dp/B00DS4EIEE?tag=eloabder-20&linkCode=osi&th=1&psc=1">View Product</a></div><div class="product"><a href="https://www.amazon.com/dp/B0C5QK1QHP?tag=eloabder-20&linkCode=osi&th=1&psc=1"><img src="https://m.media-amazon.com/images/I/51eSQ4cj35L._SL500_.jpg" alt="Product Image"></a><p>Veleasha Lashes 5D Faux Mink Lashes 100% Handmade Luxurious Fake Eyelashes Lightweight Fluffy False Eyelashes 5 Pairs Pack (G2)</p><p>$6.98 ($1.40 / Count)</p><a href="https://www.amazon.com/dp/B0C5QK1QHP?tag=eloabder-20&linkCode=osi&th=1&psc=1">View Product</a></div><div class="product"><a href="https://www.amazon.com/dp/B0B1LRRTCH?tag=eloabder-20&linkCode=osi&th=1&psc=1"><img src="https://m.media-amazon.com/images/I/41gc2Df+nAL._SL500_.jpg" alt="Product Image"></a><p>GMAGICTOBO False Eyelashes Natural Half Lashes Short Wispy Clear Band Lashes Pack Cat Eye 3D Faux Mink Lashes Fake Eyelashes 7 Pairs Multipack</p><p>$8.59 ($1.23 / Count)</p><a href="https://www.amazon.com/dp/B0B1LRRTCH?tag=eloabder-20&linkCode=osi&th=1&psc=1">View Product</a></div><div class="product"><a href="https://www.amazon.com/dp/B08R6PR7ND?tag=eloabder-20&linkCode=osi&th=1&psc=1"><img src="https://m.media-amazon.com/images/I/41r4c3ZiCWL._SL500_.jpg" alt="Product Image"></a><p>KISS My Lash But Better, False Eyelashes, All Mine', 10 mm, Includes 1 Pair Of Lashes, Contact Lens Friendly, Easy to Apply, Reusable Strip Lashes, Glue-On</p><p>$3.97</p><a href="https://www.amazon.com/dp/B08R6PR7ND?tag=eloabder-20&linkCode=osi&th=1&psc=1">View Product</a></div><div class="product"><a href="https://www.amazon.com/dp/B0BX3YHN14?tag=eloabder-20&linkCode=osi&th=1&psc=1"><img src="https://m.media-amazon.com/images/I/51YYa1vTElL._SL500_.jpg" alt="Product Image"></a><p>KISS imPRESS Falsies False Eyelashes, Lash Clusters, Voluminous', 14 mm, Includes 20 Clusters, 1 applicator, Contact Lens Friendly, Easy to Apply, Reusable Strip Lashes</p><p>$12.72</p><a href="https://www.amazon.com/dp/B0BX3YHN14?tag=eloabder-20&linkCode=osi&th=1&psc=1">View Product</a></div><div class="product"><a href="https://www.amazon.com/dp/B00YYHHI1E?tag=eloabder-20&linkCode=osi&th=1&psc=1"><img src="https://m.media-amazon.com/images/I/419bv9iNI9L._SL500_.jpg" alt="Product Image"></a><p>Ardell False Eyelashes Demi Wispies Black, 1 pack (6 pairs per pack)</p><p>$9.74 ($1.95 / Count)</p><a href="https://www.amazon.com/dp/B00YYHHI1E?tag=eloabder-20&linkCode=osi&th=1&psc=1">View Product</a></div><div class="product"><a href="https://www.amazon.com/dp/B0CG5SY8J1?tag=eloabder-20&linkCode=osi&th=1&psc=1"><img src="https://m.media-amazon.com/images/I/41SWlZB3plL._SL500_.jpg" alt="Product Image"></a><p>Natural Lashes Natural Eyelashes Short Eyelashes Natural Look False Eyelashes Wispy Eye Lashes 10mm Small Lashes Fake Lashes K50</p><p>$7.93 ($1.13 / Count)</p><a href="https://www.amazon.com/dp/B0CG5SY8J1?tag=eloabder-20&linkCode=osi&th=1&psc=1">View Product</a></div><div class="product"><a href="https://www.amazon.com/dp/B08SPVMDTV?tag=eloabder-20&linkCode=osi&th=1&psc=1"><img src="https://m.media-amazon.com/images/I/41Q6wh0HacL._SL500_.jpg" alt="Product Image"></a><p>KISS Falscara Multipack False Eyelashes, Lash Clusters, Natural Wispy Wisps', 10mm-12mm-14mm, Includes 24 Assorted Lengths Wisps, Contact Lens Friendly, Easy to Apply, Reusable Strip Lashes</p><p>$6.47 ($0.27 / Count)</p><a href="https://www.amazon.com/dp/B08SPVMDTV?tag=eloabder-20&linkCode=osi&th=1&psc=1">View Product</a></div>
<div class="product"><a href="https://www.amazon.com/dp/B08ZYKFNLK?tag=eloabder-20&linkCode=osi&th=1&psc=1"><img src="https://m.media-amazon.com/images/I/41LSyt4W-HL._SL500_.jpg" alt="Product Image"></a><p>Makeup Sponge Set BS-MALL Blender Sponges 7 Pcs for Liquid, Cream, and Powder, Multi-colored with 1 Mini Makeup Sponge Pink (A-Pink）</p><p>$6.99 ($1.00 / Count)</p><a href="https://www.amazon.com/dp/B08ZYKFNLK?tag=eloabder-20&linkCode=osi&th=1&psc=1">View Product</a></div><div class="product"><a href="https://www.amazon.com/dp/B01F36JEXE?tag=eloabder-20&linkCode=osi&th=1&psc=1"><img src="https://m.media-amazon.com/images/I/41AHaVc97tL._SL500_.jpg" alt="Product Image"></a><p>BEAKEY Makeup Sponge 5 Pcs Set, Makeup Sponges for Foundation, Liquid, Cream and Powder. Latex-Free Boun Boun Beauty Sponge for Blending, Blender for Enhanced Make Up Application, Ideal Gift</p><p>$6.99 ($1.40 / Count)</p><a href="https://www.amazon.com/dp/B01F36JEXE?tag=eloabder-20&linkCode=osi&th=1&psc=1">View Product</a></div><div class="product"><a href="https://www.amazon.com/dp/B07VBNQ367?tag=eloabder-20&linkCode=osi&th=1&psc=1"><img src="https://m.media-amazon.com/images/I/41tK1+FK+ML._SL500_.jpg" alt="Product Image"></a><p>Beautyblender® | Original Pink Beauty Blender Makeup Sponge, Super-Soft Foam Easily Blends Foundations, Powders & Creams, Made in USA, Reusable, Washable, Streak Free Application, Vegan, Cruelty Free</p><p>$20.00</p><a href="https://www.amazon.com/dp/B07VBNQ367?tag=eloabder-20&linkCode=osi&th=1&psc=1">View Product</a></div><div class="product"><a href="https://www.amazon.com/dp/B013XJUWC0?tag=eloabder-20&linkCode=osi&th=1&psc=1"><img src="https://m.media-amazon.com/images/I/519iY4n1lHL._SL500_.jpg" alt="Product Image"></a><p>Aesthetica Cosmetics Beauty Sponge Blender - Latex Free and Vegan Makeup Sponge Blender - For Powder, Cream or Liquid Application - One Piece Make Up Sponge</p><p>$3.97</p><a href="https://www.amazon.com/dp/B013XJUWC0?tag=eloabder-20&linkCode=osi&th=1&psc=1">View Product</a></div><div class="product"><a href="https://www.amazon.com/dp/B08T79281H?tag=eloabder-20&linkCode=osi&th=1&psc=1"><img src="https://m.media-amazon.com/images/I/41OyxvePdBL._SL500_.jpg" alt="Product Image"></a><p>DUAIU 4 Pcs Makeup Sponge Set Beauty Sponge Foundation Blending Sponge, Flawless for Liquid, Cream, and Powder, Multi-colored Makeup Sponges with Storage Box</p><p>$4.99 ($1.25 / Count)</p><a href="https://www.amazon.com/dp/B08T79281H?tag=eloabder-20&linkCode=osi&th=1&psc=1">View Product</a></div><div class="product"><a href="https://www.amazon.com/dp/B00EUBPHR6?tag=eloabder-20&linkCode=osi&th=1&psc=1"><img src="https://m.media-amazon.com/images/I/31BZh7Bg7hL._SL500_.jpg" alt="Product Image"></a><p>Real Techniques Miracle Complexion Sponge, Makeup Blending Sponge, For Liquid & Cream Foundation, Offers Light To Medium Coverage, Natural, Dewy Makeup, Orange Sponge, Latex-Free Foam, 1 Count</p><p>$4.57</p><a href="https://www.amazon.com/dp/B00EUBPHR6?tag=eloabder-20&linkCode=osi&th=1&psc=1">View Product</a></div><div class="product"><a href="https://www.amazon.com/dp/B0CL2FKVH2?tag=eloabder-20&linkCode=osi&th=1&psc=1"><img src="https://m.media-amazon.com/images/I/41u81y8DJoL._SL500_.jpg" alt="Product Image"></a><p>14 Pcs Makeup Sponge Set,Beauty Sponges Blender with 4 Pcs Powder Puff and 4 Pcs Mini Make up Sponges Valentine's Day Gift,Mother's Day Gift for Women Liquid,Foundation,Powder,Concealer,Cream(Pink)</p><p>$8.99 ($0.64 / Count)</p><a href="https://www.amazon.com/dp/B0CL2FKVH2?tag=eloabder-20&linkCode=osi&th=1&psc=1">View Product</a></div><div class="product"><a href="https://www.amazon.com/dp/B0CTX1X4F1?tag=eloabder-20&linkCode=osi&th=1&psc=1"><img src="https://m.media-amazon.com/images/I/31dP1yTUmWL._SL500_.jpg" alt="Product Image"></a><p>GFOUNS 15 pcs Beauty blender Makeup Sponge Bulk:Blender Sponges 15 Pcs for Liquid, Cream, and Powder, Multi-colored Pink make up sponges for foundation</p><p>$5.99</p><a href="https://www.amazon.com/dp/B0CTX1X4F1?tag=eloabder-20&linkCode=osi&th=1&psc=1">View Product</a></div>
<div class="product"><a href="https://www.amazon.com/dp/B010CRFSTI?tag=eloabder-20&linkCode=osi&th=1&psc=1"><img src="https://m.media-amazon.com/images/I/41JQ+znx4gL._SL500_.jpg" alt="Product Image"></a><p>Conair Salon Results Hairbrush Set - Travel Hair Brush - Hairbrushes for All Hair Types - Travel size + Full-size Brush</p><p>$5.88 ($2.94 / Count)</p><a href="https://www.amazon.com/dp/B010CRFSTI?tag=eloabder-20&linkCode=osi&th=1&psc=1">View Product</a></div><div class="product"><a href="https://www.amazon.com/dp/B094DK6JNF?tag=eloabder-20&linkCode=osi&th=1&psc=1"><img src="https://m.media-amazon.com/images/I/31dF+T3k3nL._SL500_.jpg" alt="Product Image"></a><p>Wet Brush Original Detangler Hair Brush, Amazon Exclusive Aqua- Ultra-Soft IntelliFlex Bristles-Detangling Hairbrush Glides Through Tangles For All Hair Types (Wet Dry & Damaged Hair) - Women & Men</p><p>$8.99</p><a href="https://www.amazon.com/dp/B094DK6JNF?tag=eloabder-20&linkCode=osi&th=1&psc=1">View Product</a></div>

<div class="product"><a href="https://www.amazon.com/dp/B07KSQZ4MR?tag=eloabder-20&linkCode=osi&th=1&psc=1"><img src="https://m.media-amazon.com/images/I/31A-mCllrgL._SL500_.jpg" alt="Product Image"></a><p>Hot Tools Pro Artist Black Gold Evolve Ionic Salon Hair Flat Iron | Long-Lasting Finish for Straightening Hair, (1-1/4 in), HT7123BG</p><p>$61.50</p><a href="https://www.amazon.com/dp/B07KSQZ4MR?tag=eloabder-20&linkCode=osi&th=1&psc=1">View Product</a></div>
<div class="product"><a href="https://www.amazon.com/dp/B0027SU9JU?tag=eloabder-20&linkCode=osi&th=1&psc=1"><img src="https://m.media-amazon.com/images/I/31rfzenB9mL._SL500_.jpg" alt="Product Image"></a><p>REVLON Turbo Hair Dryer with Advanced Ionic Technology, Ceramic Coating | Turbo Heat and Cold Shot Features, 1875 Watts for Fast Drying and Shine (Silver)</p><p>$19.99</p><a href="https://www.amazon.com/dp/B0027SU9JU?tag=eloabder-20&linkCode=osi&th=1&psc=1">View Product</a></div>

<div class="product"><a href="https://www.amazon.com/dp/B07PBXXNCY?tag=eloabder-20&linkCode=osi&th=1&psc=1"><img src="https://m.media-amazon.com/images/I/31OVxUr+bUL._SL500_.jpg" alt="Product Image"></a><p>Clean Skin Club Clean Towels XL™, 100% USDA Biobased Face Towel, Disposable Face Towelette, Makeup Remover Dry Wipes, Ultra Soft, 50 Ct, 1 Pack</p><p>$17.95 ($0.36 / Count)</p><a href="https://www.amazon.com/dp/B07PBXXNCY?tag=eloabder-20&linkCode=osi&th=1&psc=1">View Product</a></div><div class="product"><a href="https://www.amazon.com/dp/B01LEJ5MSK?tag=eloabder-20&linkCode=osi&th=1&psc=1"><img src="https://m.media-amazon.com/images/I/418xEMrk6LL._SL500_.jpg" alt="Product Image"></a><p>COSRX Snail Mucin 92% Repair Cream, Daily Face Gel Moisturizer for Dry Skin, Acne-prone, Sensitive Skin, Not Tested on Animals, No Parabens, Korean Skincare (3.52 Fl Oz (Pack of 1))</p><p>$13.99 ($3.97 / Fl Oz)</p><a href="https://www.amazon.com/dp/B01LEJ5MSK?tag=eloabder-20&linkCode=osi&th=1&psc=1">View Product</a></div>
<div class="product"><a href="https://www.amazon.com/dp/B076FHJ3K5?tag=eloabder-20&linkCode=osi&th=1&psc=1"><img src="https://m.media-amazon.com/images/I/31QAqxeYpoL._SL500_.jpg" alt="Product Image"></a><p>Marc Anthony Leave-In Conditioner Spray & Detangler, Grow Long Biotin - Anti-Frizz Deep Conditioner For Split Ends & Breakage - Vitamin E, Caffeine & Ginseng for Curly, Dry & Damaged Hair</p><p>$7.67 ($0.91 / Fl Oz)</p><a href="https://www.amazon.com/dp/B076FHJ3K5?tag=eloabder-20&linkCode=osi&th=1&psc=1">View Product</a></div><div class="product"><a href="https://www.amazon.com/dp/B0B941W753?tag=eloabder-20&linkCode=osi&th=1&psc=1"><img src="https://m.media-amazon.com/images/I/3154MYZlHiL._SL500_.jpg" alt="Product Image"></a><p>MONDAY HAIRCARE Volume Shampoo + Conditioner Set (2 Pack) 12oz Each for Thin, Fine, and Oily Hair, Made from Coconut Oil, Ginger Extract, & Vitamin E, 100% Recyclable Bottles</p><p>$13.99 ($0.58 / Fl Oz)</p><a href="https://www.amazon.com/dp/B0B941W753?tag=eloabder-20&linkCode=osi&th=1&psc=1">View Product</a></div><div class="product"><a href="https://www.amazon.com/dp/B0CS29PK2J?tag=eloabder-20&linkCode=osi&th=1&psc=1"><img src="https://m.media-amazon.com/images/I/315FU9SHGsL._SL500_.jpg" alt="Product Image"></a><p>Monday Moisture Leave-in Conditioner 5 Oz</p><p>$5.41 ($1.08 / Fl Oz)</p><a href="https://www.amazon.com/dp/B0CS29PK2J?tag=eloabder-20&linkCode=osi&th=1&psc=1">View Product</a></div><div class="product"><a href="https://www.amazon.com/dp/B0B941XTDZ?tag=eloabder-20&linkCode=osi&th=1&psc=1"><img src="https://m.media-amazon.com/images/I/41eavjiNYyL._SL500_.jpg" alt="Product Image"></a><p>MONDAY HAIRCARE Moisture Shampoo + Conditioner Set for Dry, Coarse, Stressed, Coily & Curly Hair, Made from Coconut Oil, Rice Protein, Shea Butter, & Vitamin E, All-Natural, 12 Fl Oz (Pack of 2)</p><p>$13.99 ($0.58 / Fl Oz)</p><a href="https://www.amazon.com/dp/B0B941XTDZ?tag=eloabder-20&linkCode=osi&th=1&psc=1">View Product</a></div><div class="product"><a href="https://www.amazon.com/dp/B07N7PK9QK?tag=eloabder-20&linkCode=osi&th=1&psc=1"><img src="https://m.media-amazon.com/images/I/416K3ahcJsL._SL500_.jpg" alt="Product Image"></a><p>Mielle Organics Rosemary Mint Scalp & Hair Strengthening Oil for All Hair Types, 2 Ounce</p><p>$9.50 ($4.75 / Fl Oz)</p><a href="https://www.amazon.com/dp/B07N7PK9QK?tag=eloabder-20&linkCode=osi&th=1&psc=1">View Product</a></div><div class="product"><a href="https://www.amazon.com/dp/B005PV0FDG?tag=eloabder-20&linkCode=osi&th=1&psc=1"><img src="https://m.media-amazon.com/images/I/310l+q4ImxL._SL500_.jpg" alt="Product Image"></a><p>It's a 10 Haircare Miracle Leave-In product, 10 fl. oz.</p><p>$27.98 ($2.80 / Fl Oz)</p><a href="https://www.amazon.com/dp/B005PV0FDG?tag=eloabder-20&linkCode=osi&th=1&psc=1">View Product</a></div><div class="product"><a href="https://www.amazon.com/dp/B0C3K3XX95?tag=eloabder-20&linkCode=osi&th=1&psc=1"><img src="https://m.media-amazon.com/images/I/41+CLmIGVIL._SL500_.jpg" alt="Product Image"></a><p>MONDAY HAIRCARE Repair Shampoo and Conditioner Set 12oz for Dry to Damaged Hair, Made with Keratin, Coconut Oil, Shea Butter and Vitamin E</p><p>$13.99 ($0.58 / Fl Oz)</p><a href="https://www.amazon.com/dp/B0C3K3XX95?tag=eloabder-20&linkCode=osi&th=1&psc=1">View Product</a></div>
<div class="product"><a href="https://www.amazon.com/dp/B09F5L7756?tag=eloabder-20&linkCode=osi&th=1&psc=1"><img src="https://m.media-amazon.com/images/I/61qJVRNSjFL._SL500_.jpg" alt="Product Image"></a><p>Vaseline Intensive Care Cocoa Radiant For Glowing Skin 3 Count Body Gel Oil Body Oil Made with 100% Pure Cocoa Butter + Replenishing Oils 6.8oz</p><p>$19.44 ($0.95 / Fl Oz)</p><a href="https://www.amazon.com/dp/B09F5L7756?tag=eloabder-20&linkCode=osi&th=1&psc=1">View Product</a></div><div class="product"><a href="https://www.amazon.com/dp/B08T4FLJQZ?tag=eloabder-20&linkCode=osi&th=1&psc=1"><img src="https://m.media-amazon.com/images/I/317LIpGPZiL._SL500_.jpg" alt="Product Image"></a><p>Dove Scrub Brown Sugar & Coconut Butter For Silky Smooth Skin Body Scrub Exfoliates & Restores Skin's Natural Nutrients 10.5 oz</p><p>$6.97 ($0.66 / Ounce)</p><a href="https://www.amazon.com/dp/B08T4FLJQZ?tag=eloabder-20&linkCode=osi&th=1&psc=1">View Product</a></div><div class="product"><a href="https://www.amazon.com/dp/B0CNKZW8HL?tag=eloabder-20&linkCode=osi&th=1&psc=1"><img src="https://m.media-amazon.com/images/I/61vGHE3wEWL._SL500_.jpg" alt="Product Image"></a><p>Dove Men+Care Body Wash Sandalwood + Cardamom Oil to Rebuild Skin in the Shower with Plant-Based Cleansers and Moisturizers 26 oz</p><p>$9.97 ($0.38 / Fl Oz)</p><a href="https://www.amazon.com/dp/B0CNKZW8HL?tag=eloabder-20&linkCode=osi&th=1&psc=1">View Product</a></div><div class="product"><a href="https://www.amazon.com/dp/B089NCFBQZ?tag=eloabder-20&linkCode=osi&th=1&psc=1"><img src="https://m.media-amazon.com/images/I/41WGBM4YipL._SL500_.jpg" alt="Product Image"></a><p>Vaseline Illuminate Me Shimmering Body Oil Created for Melanin Rich Skin, Illuminates Skin with Finishing Touch of Shimmer for Glowing Skin 3.3 oz</p><p>$8.75 ($2.65 / Fl Oz)</p><a href="https://www.amazon.com/dp/B089NCFBQZ?tag=eloabder-20&linkCode=osi&th=1&psc=1">View Product</a></div><div class="product"><a href="https://www.amazon.com/dp/B0CNL19TQG?tag=eloabder-20&linkCode=osi&th=1&psc=1"><img src="https://m.media-amazon.com/images/I/61kqkkFXOkL._SL500_.jpg" alt="Product Image"></a><p>Dove Men+Care Body Wash Eucalyptus + Cedar Oil to Rebuild Skin in the Shower with Plant-Based Cleansers and Moisturizers 26 oz</p><p>$9.99 ($0.38 / Fl Oz)</p><a href="https://www.amazon.com/dp/B0CNL19TQG?tag=eloabder-20&linkCode=osi&th=1&psc=1">View Product</a></div><div class="product"><a href="https://www.amazon.com/dp/B07HMDGJCJ?tag=eloabder-20&linkCode=osi&th=1&psc=1"><img src="https://m.media-amazon.com/images/I/31TuC5EJeNL._SL500_.jpg" alt="Product Image"></a><p>SOL DE JANEIRO 4 Play Moisturizing Shower Cream Gel Body Wash 90mL</p><p>$10.00 ($3.33 / Fl Oz)</p><a href="https://www.amazon.com/dp/B07HMDGJCJ?tag=eloabder-20&linkCode=osi&th=1&psc=1">View Product</a></div>
<div class="product"><a href="https://www.amazon.com/dp/B00HVI8WYU?tag=eloabder-20&linkCode=osi&th=1&psc=1"><img src="https://m.media-amazon.com/images/I/31educzzSsL._SL500_.jpg" alt="Product Image"></a><p>e.l.f. Hydrating Face Primer, Makeup Primer For Flawless, Smooth Skin & Long-Lasting Makeup, Fills In Pores & Fine Lines, Vegan & Cruelty-free, Small</p><p>$8.00</p><a href="https://www.amazon.com/dp/B00HVI8WYU?tag=eloabder-20&linkCode=osi&th=1&psc=1">View Product</a></div><div class="product"><a href="https://www.amazon.com/dp/B088W7L534?tag=eloabder-20&linkCode=osi&th=1&psc=1"><img src="https://m.media-amazon.com/images/I/31A5rZUAKyL._SL500_.jpg" alt="Product Image"></a><p>e.l.f. Monochromatic Multi Stick, Luxuriously Creamy & Blendable Color, For Eyes, Lips & Cheeks, Dazzling Peony, 0.17 oz (5 g)</p><p>$5.00</p><a href="https://www.amazon.com/dp/B088W7L534?tag=eloabder-20&linkCode=osi&th=1&psc=1">View Product</a></div><div class="product"><a href="https://www.amazon.com/dp/B0CMJZ8G6Y?tag=eloabder-20&linkCode=osi&th=1&psc=1"><img src="https://m.media-amazon.com/images/I/31KdGu0F8vL._SL500_.jpg" alt="Product Image"></a><p>e.l.f. Glow Reviver Lip Oil, Nourishing Tinted Lip Oil For A High-shine Finish, Infused With Jojoba Oil, Vegan & Cruelty-free, Rose Envy</p><p>$8.00</p><a href="https://www.amazon.com/dp/B0CMJZ8G6Y?tag=eloabder-20&linkCode=osi&th=1&psc=1">View Product</a></div><div class="product"><a href="https://www.amazon.com/dp/B08H3JPH74?tag=eloabder-20&linkCode=osi&th=1&psc=1"><img src="https://m.media-amazon.com/images/I/31hf532TEHL._SL500_.jpg" alt="Product Image"></a><p>Maybelline Lash Sensational Sky High Washable Mascara Makeup, Volumizing, Lengthening, Defining, Curling, Multiplying, Buildable Formula, Blackest Black, 1 Count</p><p>$9.98</p><a href="https://www.amazon.com/dp/B08H3JPH74?tag=eloabder-20&linkCode=osi&th=1&psc=1">View Product</a></div>
<div class="product"><a href="https://www.amazon.com/dp/B09C8VNWBP?tag=eloabder-20&linkCode=osi&th=1&psc=1"><img src="https://m.media-amazon.com/images/I/31ObnTRpJ5L._SL500_.jpg" alt="Product Image"></a><p>Lattafa Yara for Women Eau de Parfum Spray, 3.40 Ounce / 100 ml</p><p>$22.77 ($6.70 / Fl Oz)</p><a href="https://www.amazon.com/dp/B09C8VNWBP?tag=eloabder-20&linkCode=osi&th=1&psc=1">View Product</a></div><div class="product"><a href="https://www.amazon.com/dp/B000E7WHCI?tag=eloabder-20&linkCode=osi&th=1&psc=1"><img src="https://m.media-amazon.com/images/I/31V1XkKkWXL._SL500_.jpg" alt="Product Image"></a><p>Vera Wang Eau de Parfum for Women - Delicate, Floral Scent - Notes of Iris, Lillies, & Sandalwood - Feminine & Subtle - 3.4 Fl Oz</p><p>$26.47 ($7.79 / Fl Oz)</p><a href="https://www.amazon.com/dp/B000E7WHCI?tag=eloabder-20&linkCode=osi&th=1&psc=1">View Product</a></div><div class="product"><a href="https://www.amazon.com/dp/B0B1HB719V?tag=eloabder-20&linkCode=osi&th=1&psc=1"><img src="https://m.media-amazon.com/images/I/31R9CfuokSL._SL500_.jpg" alt="Product Image"></a><p>Sol de Janeiro Cheirosa '68 Hair & Body Fragrance Mist 90mL/3.0 fl oz.</p><p>$24.00 ($8.00 / Fl Oz)</p><a href="https://www.amazon.com/dp/B0B1HB719V?tag=eloabder-20&linkCode=osi&th=1&psc=1">View Product</a></div><div class="product"><a href="https://www.amazon.com/dp/B01KYRUBT8?tag=eloabder-20&linkCode=osi&th=1&psc=1"><img src="https://m.media-amazon.com/images/I/41BYbHm20iL._SL500_.jpg" alt="Product Image"></a><p>Al-Rehab Choco Musk Eau de Parfum Spray for Women, 1.7 Ounce</p><p>$7.80 ($4.59 / Fl Oz)</p><a href="https://www.amazon.com/dp/B01KYRUBT8?tag=eloabder-20&linkCode=osi&th=1&psc=1">View Product</a></div><div class="product"><a href="https://www.amazon.com/dp/B07NJJZK3W?tag=eloabder-20&linkCode=osi&th=1&psc=1"><img src="https://m.media-amazon.com/images/I/41YNfQAjjLL._SL500_.jpg" alt="Product Image"></a><p>Swiss Arabian Layali Rouge - Luxury Products From Dubai - Lasting And Addictive Personal Perfume Oil Fragrance - A Seductive, Signature Aroma - The Luxurious Scent Of Arabia - 0.5 Oz</p><p>$23.48 ($46.96 / Fl Oz)</p><a href="https://www.amazon.com/dp/B07NJJZK3W?tag=eloabder-20&linkCode=osi&th=1&psc=1">View Product</a></div><div class="product"><a href="https://www.amazon.com/dp/B000JL7WQK?tag=eloabder-20&linkCode=osi&th=1&psc=1"><img src="https://m.media-amazon.com/images/I/41WJsYdkRbL._SL500_.jpg" alt="Product Image"></a><p>Vera Wang Princess Eau de Toilette Spray for Women, Vanilla, 3.4 Fl Ounce</p><p>$25.49 ($7.50 / Fl Oz)</p><a href="https://www.amazon.com/dp/B000JL7WQK?tag=eloabder-20&linkCode=osi&th=1&psc=1">View Product</a></div><div class="product"><a href="https://www.amazon.com/dp/B000C1Z5AW?tag=eloabder-20&linkCode=osi&th=1&psc=1"><img src="https://m.media-amazon.com/images/I/31pCnWTh3yL._SL500_.jpg" alt="Product Image"></a><p>Pleasures By Estee Lauder For Women. Eau De Parfum Spray 3.4 Ounces</p><p>$35.00 ($10.29 / Fl Oz)</p><a href="https://www.amazon.com/dp/B000C1Z5AW?tag=eloabder-20&linkCode=osi&th=1&psc=1">View Product</a></div><div class="product"><a href="https://www.amazon.com/dp/B000P22TIY?tag=eloabder-20&linkCode=osi&th=1&psc=1"><img src="https://m.media-amazon.com/images/I/31h9AoIGn3L._SL500_.jpg" alt="Product Image"></a><p>Nautica Voyage Eau De Toilette for Men - Fresh, Romantic, Fruity Scent Woody, Aquatic Notes of Apple, Water Lotus, Cedarwood, and Musk Ideal Day Wear 3.3 Fl Oz</p><p>$18.90 ($5.73 / Fl Oz)</p><a href="https://www.amazon.com/dp/B000P22TIY?tag=eloabder-20&linkCode=osi&th=1&psc=1">View Product</a></div><div class="product"><a href="https://www.amazon.com/dp/B00GZP041Y?tag=eloabder-20&linkCode=osi&th=1&psc=1"><img src="https://m.media-amazon.com/images/I/41-2Bb4gj+L._SL500_.jpg" alt="Product Image"></a><p>Versace Bright Crystal Absolu Eau de Perfume Spray, 3.0 Ounce</p><p>$52.67 ($17.56 / Fl Oz)</p><a href="https://www.amazon.com/dp/B00GZP041Y?tag=eloabder-20&linkCode=osi&th=1&psc=1">View Product</a></div>





<div class="product"><a href="https://www.amazon.com/dp/B0B2RM68G2?tag=eloabder-20&linkCode=osi&th=1&psc=1"><img src="https://m.media-amazon.com/images/I/41VafG53fjL._SL500_.jpg" alt="Product Image"></a><p>BIODANCE Bio-Collagen Real Deep Mask, Hydrating Overnight Hydrogel Mask, Pore Minimizing, Elasticity Improvement, 34g x4ea</p><p>$19.00 ($4.75 / Count)</p><a href="https://www.amazon.com/dp/B0B2RM68G2?tag=eloabder-20&linkCode=osi&th=1&psc=1">View Product</a></div><div class="product"><a href="https://www.amazon.com/dp/B00BAM7F8C?tag=eloabder-20&linkCode=osi&th=1&psc=1"><img src="https://m.media-amazon.com/images/I/51jsS9SDHeL._SL500_.jpg" alt="Product Image"></a><p>DERMAL 16 Combo Pack A Collagen Essencce Korean Face Mask - Hydrating & Soothing Facial Mask with Panthenol - Hypoallergenic Self Care Sheet Mask for All Skin Types - Natural Home Spa Treatment Masks</p><p>$11.99</p><a href="https://www.amazon.com/dp/B00BAM7F8C?tag=eloabder-20&linkCode=osi&th=1&psc=1">View Product</a></div><div class="product"><a href="https://www.amazon.com/dp/B07FPJHPX1?tag=eloabder-20&linkCode=osi&th=1&psc=1"><img src="https://m.media-amazon.com/images/I/51uNOnTpxTL._SL500_.jpg" alt="Product Image"></a><p>Celavi Essence Facial Sheet Face Mask Variety Set Classic Authentic Korean Moisturizing Skincare (12-Packs)</p><p>$9.40 ($0.78 / Count)</p><a href="https://www.amazon.com/dp/B07FPJHPX1?tag=eloabder-20&linkCode=osi&th=1&psc=1">View Product</a></div><div class="product"><a href="https://www.amazon.com/dp/B0722LVW3B?tag=eloabder-20&linkCode=osi&th=1&psc=1"><img src="https://m.media-amazon.com/images/I/51Vm0lozSIL._SL500_.jpg" alt="Product Image"></a><p>DERMAL 24 Combo Pack A Collagen Essence Korean Face Mask - Hydrating & Soothing Facial Mask with Panthenol - Hypoallergenic Self Care Sheet Mask for All Skin Types - Natural Home Spa Treatment Mask</p><p>$16.99 ($0.71 / Count)</p><a href="https://www.amazon.com/dp/B0722LVW3B?tag=eloabder-20&linkCode=osi&th=1&psc=1">View Product</a></div><div class="product"><a href="https://www.amazon.com/dp/B0D7LXSSS5?tag=eloabder-20&linkCode=osi&th=1&psc=1"><img src="https://m.media-amazon.com/images/I/41N5HKnGTtL._SL500_.jpg" alt="Product Image"></a><p>SOYUB Collagen Face Mask - Hydrating Overnight Collagen Face Mask Deep Collagen Anti Wrinkle Lifting Mask - Pure Collagen Films for Improve Elasticity Firming And Moisturizing (4pcs/1 Box)</p><p>$13.79 ($3.45 / Count)</p><a href="https://www.amazon.com/dp/B0D7LXSSS5?tag=eloabder-20&linkCode=osi&th=1&psc=1">View Product</a></div><div class="product"><a href="https://www.amazon.com/dp/B007CY2C76?tag=eloabder-20&linkCode=osi&th=1&psc=1"><img src="https://m.media-amazon.com/images/I/31-131ZWvEL._SL500_.jpg" alt="Product Image"></a><p>Freeman Dead Sea Minerals Anti-Stress Clay Facial Mask, Hydrating & Clarifying, Clears Pores, Face Mask With Lavender & Bergamot For Radiant Skin, For All Skin Types, 6 fl. oz./175 mL Tube, 1 Count</p><p>$3.86 ($0.64 / Ounce)</p><a href="https://www.amazon.com/dp/B007CY2C76?tag=eloabder-20&linkCode=osi&th=1&psc=1">View Product</a></div>



<div class="product"><a href="https://www.amazon.com/dp/B0CZXG68J4?tag=eloabder-20&linkCode=osi&th=1&psc=1"><img src="https://m.media-amazon.com/images/I/41Xkis0092L._SL500_.jpg" alt="Product Image"></a><p>CNP Honey Lip Butter (0.5 fl.oz / 15ml) - Propolis Lipcerin™, Hydrating Overnight Manuka Lip Balm & Mask, 12hrs Long-lasting Moisture, Gentle Exfoliation, Hygienic Twist Dispenser, Korean Skin Care</p><p>$17.80 ($35.60 / Fl Oz)</p><a href="https://www.amazon.com/dp/B0CZXG68J4?tag=eloabder-20&linkCode=osi&th=1&psc=1">View Product</a></div><div class="product"><a href="https://www.amazon.com/dp/B08GJH4RZV?tag=eloabder-20&linkCode=osi&th=1&psc=1"><img src="https://m.media-amazon.com/images/I/41PXqEpAI1L._SL500_.jpg" alt="Product Image"></a><p>2PCS Lip Mask Overnight, Honey&Sakura Day and Night Repair Sleeping Lip Balm, Fade Lip Lines Bee Balm, Hydrating &Prevention Dry and Crack Lip Scrubs Exfoliator</p><p>$6.49</p><a href="https://www.amazon.com/dp/B08GJH4RZV?tag=eloabder-20&linkCode=osi&th=1&psc=1">View Product</a></div><div class="product"><a href="https://www.amazon.com/dp/B07XXPHQZK?tag=eloabder-20&linkCode=osi&th=1&psc=1"><img src="https://m.media-amazon.com/images/I/31mJBoxFgQL._SL500_.jpg" alt="Product Image"></a><p>LANEIGE Lip Sleeping Mask Berry: Nourish, Hydrate, Vitamin C, Murumuru & Shea Butter, Antioxidants, Flaky, Dry Lips</p><p>$24.00 ($34.29 / Ounce)</p><a href="https://www.amazon.com/dp/B07XXPHQZK?tag=eloabder-20&linkCode=osi&th=1&psc=1">View Product</a></div><div class="product"><a href="https://www.amazon.com/dp/B07Y91BMSK?tag=eloabder-20&linkCode=osi&th=1&psc=1"><img src="https://m.media-amazon.com/images/I/51P5ul4ewsL._SL500_.jpg" alt="Product Image"></a><p>NIVEA Lip Care, Fruity Tinted Lip Balm Variety Pack, Includes Cherry, Strawberry, Blackberry and Watermelon Scents, 0.17 Oz, Pack of 4</p><p>$9.69</p><a href="https://www.amazon.com/dp/B07Y91BMSK?tag=eloabder-20&linkCode=osi&th=1&psc=1">View Product</a></div><div class="product"><a href="https://www.amazon.com/dp/B082JJ4D98?tag=eloabder-20&linkCode=osi&th=1&psc=1"><img src="https://m.media-amazon.com/images/I/41zIrQdHI5L._SL500_.jpg" alt="Product Image"></a><p>NIVEA Smoothness Lip Care, Lip Balm SPF 15, Mineral Oil Free Lip Moisturizer with Shea Butter, Jojoba Oil and Avocado Oil, 0.17 Oz, Pack of 4</p><p>$8.40</p><a href="https://www.amazon.com/dp/B082JJ4D98?tag=eloabder-20&linkCode=osi&th=1&psc=1">View Product</a></div><div class="product"><a href="https://www.amazon.com/dp/B07MBHRYTJ?tag=eloabder-20&linkCode=osi&th=1&psc=1"><img src="https://m.media-amazon.com/images/I/410u8zP2pDL._SL500_.jpg" alt="Product Image"></a><p>Palmer's Coconut Oil Formula Lip Balm Duo, All-Day Moisturization, Lip Balm Easter Basket Stuffers, Hydrates Dry, Cracked Lips (Pack of 2)</p><p>$3.10 ($1.94 / Ounce)</p><a href="https://www.amazon.com/dp/B07MBHRYTJ?tag=eloabder-20&linkCode=osi&th=1&psc=1">View Product</a></div><div class="product"><a href="https://www.amazon.com/dp/B07YG8YVQW?tag=eloabder-20&linkCode=osi&th=1&psc=1"><img src="https://m.media-amazon.com/images/I/41tKxZOfwPL._SL500_.jpg" alt="Product Image"></a><p>NIVEA Moisture Lip Care, Lip Balm Stick with Shea Butter, Jojoba Oil and Avocado Oil, 0.17 Oz, Pack of 4</p><p>$9.98</p><a href="https://www.amazon.com/dp/B07YG8YVQW?tag=eloabder-20&linkCode=osi&th=1&psc=1">View Product</a></div><div class="product"><a href="https://www.amazon.com/dp/B08C8WMPMR?tag=eloabder-20&linkCode=osi&th=1&psc=1"><img src="https://m.media-amazon.com/images/I/410NuIkftlL._SL500_.jpg" alt="Product Image"></a><p>eos Medicated Lip Balm - The Fixer | Lip Care to Repair and Protect Chapped and Dry Lips | Instant Cooling and Pain Relief with Natural Ingredients | 0.35 oz</p><p>$3.97 ($11.34 / Fl Oz)</p><a href="https://www.amazon.com/dp/B08C8WMPMR?tag=eloabder-20&linkCode=osi&th=1&psc=1">View Product</a></div>




<div class="product"><a href="https://www.amazon.com/dp/B08GSTPT8Y?tag=eloabder-20&linkCode=osi&th=1&psc=1"><img src="https://m.media-amazon.com/images/I/41sX+hKcbML._SL500_.jpg" alt="Product Image"></a><p>AOA Studio Collection makeup Sponge Set Latex Free and High-definition Set of 6 makeup Wonder blender For Powder Cream and Liquid, Super Soft Wonder Beauty Cosmetic</p><p>$9.95 ($1.66 / Count)</p><a href="https://www.amazon.com/dp/B08GSTPT8Y?tag=eloabder-20&linkCode=osi&th=1&psc=1">View Product</a></div><div class="product"><a href="https://www.amazon.com/dp/B0CJFFR574?tag=eloabder-20&linkCode=osi&th=1&psc=1"><img src="https://m.media-amazon.com/images/I/41nkQ05yLcL._SL500_.jpg" alt="Product Image"></a><p>SUNGBOON EDITOR Deep Collagen Overnight Mask 37gx4ea | The real collagen 2,160,000ppb | Facial Hydrogel Masks with low molecular weight collagen for elasticity, firming, and moisturizing</p><p>$19.00 ($4.75 / Count)</p><a href="https://www.amazon.com/dp/B0CJFFR574?tag=eloabder-20&linkCode=osi&th=1&psc=1">View Product</a></div><div class="product"><a href="https://www.amazon.com/dp/B0B45LL4DD?tag=eloabder-20&linkCode=osi&th=1&psc=1"><img src="https://m.media-amazon.com/images/I/31ZNIWikbtL._SL500_.jpg" alt="Product Image"></a><p>Beauty of Joseon Revive Eye Serum with Retinal Niacinamide Correction for Puffy Eye Bags Fine Lines Dark Circles Wrinkles, Korean Skin Care 30ml, 1 fl.oz</p><p>$14.50 ($14.50 / Fl Oz)</p><a href="https://www.amazon.com/dp/B0B45LL4DD?tag=eloabder-20&linkCode=osi&th=1&psc=1">View Product</a></div><div class="product"><a href="https://www.amazon.com/dp/B0C4H1GPG1?tag=eloabder-20&linkCode=osi&th=1&psc=1"><img src="https://m.media-amazon.com/images/I/41jyzyKyY2L._SL500_.jpg" alt="Product Image"></a><p>BEAKEY Latex Free Blender Makeup Sponge for Blending, Pink Makeup Sponge Set, Soft Beauty Sponge, for Flawless Application of Liquid, Cream, and Powder Cosmetics, Pink Makeup Gifts</p><p>$6.99 ($1.40 / Count)</p><a href="https://www.amazon.com/dp/B0C4H1GPG1?tag=eloabder-20&linkCode=osi&th=1&psc=1">View Product</a></div><div class="product"><a href="https://www.amazon.com/dp/B00QPNVC0I?tag=eloabder-20&linkCode=osi&th=1&psc=1"><img src="https://m.media-amazon.com/images/I/31wV3gYUEpL._SL500_.jpg" alt="Product Image"></a><p>Real Techniques Miracle Complexion Sponge Set Duo, 2 Makeup Sponges For Liquid & Cream Makeup, Makeup Blender Sponge For Buildable Coverage, Foundation Sponge For Natural, Dewy Base, Latex-Free Foam</p><p>$7.69 ($3.84 / Count)</p><a href="https://www.amazon.com/dp/B00QPNVC0I?tag=eloabder-20&linkCode=osi&th=1&psc=1">View Product</a></div><div class="product"><a href="https://www.amazon.com/dp/B0CZYJYX4Q?tag=eloabder-20&linkCode=osi&th=1&psc=1"><img src="https://m.media-amazon.com/images/I/31hNatkE-9L._SL500_.jpg" alt="Product Image"></a><p>LANEIGE Lip Glowy Balm Mango: Hydrate, Glossy, Lightweight, Moisturize & Tint with Shea Butter</p><p>$19.00 ($54.29 / Ounce)</p><a href="https://www.amazon.com/dp/B0CZYJYX4Q?tag=eloabder-20&linkCode=osi&th=1&psc=1">View Product</a></div><div class="product"><a href="https://www.amazon.com/dp/B0CXQR14J3?tag=eloabder-20&linkCode=osi&th=1&psc=1"><img src="https://m.media-amazon.com/images/I/31RRaB6c+JL._SL500_.jpg" alt="Product Image"></a><p>e.l.f. Power Grip Dewy Setting Spray, Ultra Fine Mist Made With Hyaluronic Acid, Grips Makeup For A Hydrated, Dewy Finish, Vegan & Cruelty-Free</p><p>$10.00 ($3.70 / Fl Oz)</p><a href="https://www.amazon.com/dp/B0CXQR14J3?tag=eloabder-20&linkCode=osi&th=1&psc=1">View Product</a></div>
<div class="product"><a href="https://www.amazon.com/dp/B0057X7S7I?tag=eloabder-20&linkCode=osi&th=1&psc=1"><img src="https://m.media-amazon.com/images/I/31EGxy1hPjL._SL500_.jpg" alt="Product Image"></a><p>Rimmel Stay Glossy Lip Gloss - Non-Sticky and Lightweight Formula for Lip Color and Shine - 120 Non-Stop Glamour, .18oz</p><p>$3.97</p><a href="https://www.amazon.com/dp/B0057X7S7I?tag=eloabder-20&linkCode=osi&th=1&psc=1">View Product</a></div><div class="product"><a href="https://www.amazon.com/dp/B07MWTH3BY?tag=eloabder-20&linkCode=osi&th=1&psc=1"><img src="https://m.media-amazon.com/images/I/31xb-X48IBL._SL500_.jpg" alt="Product Image"></a><p>e.l.f. Monochromatic Multi Stick, Luxuriously Creamy & Blendable Color, For Eyes, Lips & Cheeks, Glistening Peach, 0.17 oz (5g)</p><p>$5.00</p><a href="https://www.amazon.com/dp/B07MWTH3BY?tag=eloabder-20&linkCode=osi&th=1&psc=1">View Product</a></div><div class="product"><a href="https://www.amazon.com/dp/B0CPFXMMBH?tag=eloabder-20&linkCode=osi&th=1&psc=1"><img src="https://m.media-amazon.com/images/I/21poCyHDdxL._SL500_.jpg" alt="Product Image"></a><p>e.l.f. Instant Lift Waterproof Brow Pencil, Long-Lasting Eyebrow Pencil For Grooming & Shaping Eyebrows, Vegan & Cruelty-free, Taupe</p><p>$3.00</p><a href="https://www.amazon.com/dp/B0CPFXMMBH?tag=eloabder-20&linkCode=osi&th=1&psc=1">View Product</a></div><div class="product"><a href="https://www.amazon.com/dp/B082YQ4QWW?tag=eloabder-20&linkCode=osi&th=1&psc=1"><img src="https://m.media-amazon.com/images/I/31S+aqgvx6L._SL500_.jpg" alt="Product Image"></a><p>wet n wild Mega Last High-Shine Lipstick Lip Color, Infused with Seed Oils For a Nourishing High-Shine, Buildable & Blendable Creamy Color, Cruelty-Free & Vegan - Pinky Ring</p><p>$2.28</p><a href="https://www.amazon.com/dp/B082YQ4QWW?tag=eloabder-20&linkCode=osi&th=1&psc=1">View Product</a></div><div class="product"><a href="https://www.amazon.com/dp/B0BDD7D34M?tag=eloabder-20&linkCode=osi&th=1&psc=1"><img src="https://m.media-amazon.com/images/I/51O5AVRXcUL._SL500_.jpg" alt="Product Image"></a><p>Maskiss 24k Gold Under Eye Patches (25 Pairs), eye mask, Collagen Skin Care Products, Eye Patches for Puffy Eyes, eye masks for dark circles and puffiness</p><p>$14.99 ($0.60 / Count)</p><a href="https://www.amazon.com/dp/B0BDD7D34M?tag=eloabder-20&linkCode=osi&th=1&psc=1">View Product</a></div><div class="product"><a href="https://www.amazon.com/dp/B004BCXEF6?tag=eloabder-20&linkCode=osi&th=1&psc=1"><img src="https://m.media-amazon.com/images/I/31t3gAw-N7L._SL500_.jpg" alt="Product Image"></a><p>L’Oreal Paris Makeup Voluminous Original Volume Building Waterproof Mascara, Carbon Black, 0.23 Fl Oz</p><p>$8.98</p><a href="https://www.amazon.com/dp/B004BCXEF6?tag=eloabder-20&linkCode=osi&th=1&psc=1">View Product</a></div>
<div class="product"><a href="https://www.amazon.com/dp/B0BSZ23FTF?tag=eloabder-20&linkCode=osi&th=1&psc=1"><img src="https://m.media-amazon.com/images/I/31GRN7P2p8L._SL500_.jpg" alt="Product Image"></a><p>Bubble Skincare Slam Dunk Face Moisturizer - Hydrating Face Cream for Dry Skin Made with Vitamin E + Aloe Vera Juice for a Glowing Complexion - Skin Care with Blue Light Protection (50ml)</p><p>$14.98 ($8.81 / Ounce)</p><a href="https://www.amazon.com/dp/B0BSZ23FTF?tag=eloabder-20&linkCode=osi&th=1&psc=1">View Product</a></div><div class="product"><a href="https://www.amazon.com/dp/B08T7DSZYD?tag=eloabder-20&linkCode=osi&th=1&psc=1"><img src="https://m.media-amazon.com/images/I/41WwUSxcyGL._SL500_.jpg" alt="Product Image"></a><p>e.l.f. SKIN Hydrated Ever After Skincare Mini Kit, Cleanser, Makeup Remover, Moisturiser & Eye Cream For Hydrating Skin, Airplane-Friendly Sizes</p><p>$19.99</p><a href="https://www.amazon.com/dp/B08T7DSZYD?tag=eloabder-20&linkCode=osi&th=1&psc=1">View Product</a></div><div class="product"><a href="https://www.amazon.com/dp/B0BSYX57T2?tag=eloabder-20&linkCode=osi&th=1&psc=1"><img src="https://m.media-amazon.com/images/I/31ssRlEo5QL._SL500_.jpg" alt="Product Image"></a><p>Bubble Skincare Bounce Back Balancing Facial Toner Mist - Hydrating Toner Spray + Pore Minimizer Made with Sea Water and Niacinamide to Help Improve Texture & Radiance (55ml)</p><p>$12.99 ($7.22 / Fl Oz)</p><a href="https://www.amazon.com/dp/B0BSYX57T2?tag=eloabder-20&linkCode=osi&th=1&psc=1">View Product</a></div><div class="product"><a href="https://www.amazon.com/dp/B000VPPUEA?tag=eloabder-20&linkCode=osi&th=1&psc=1"><img src="https://m.media-amazon.com/images/I/31e4JzjWhkL._SL500_.jpg" alt="Product Image"></a><p>Bio-Oil Skincare Body Oil, Vitamin E, Serum for Scars & Stretchmarks, Face & Body Moisturizer, 2 oz, All Skin Types</p><p>$11.12 ($5.56 / Fl Oz)</p><a href="https://www.amazon.com/dp/B000VPPUEA?tag=eloabder-20&linkCode=osi&th=1&psc=1">View Product</a></div><div class="product"><a href="https://www.amazon.com/dp/B0C2JPBNFX?tag=eloabder-20&linkCode=osi&th=1&psc=1"><img src="https://m.media-amazon.com/images/I/51LF1OXoo0L._SL500_.jpg" alt="Product Image"></a><p>Celavi K-Beauty Skincare Essence Facial Face Mask Korea Skin Care Moisturizing B Set 12 Pack</p><p>$9.99 ($0.83 / Count)</p><a href="https://www.amazon.com/dp/B0C2JPBNFX?tag=eloabder-20&linkCode=osi&th=1&psc=1">View Product</a></div><div class="product"><a href="https://www.amazon.com/dp/B0BSYJYQY2?tag=eloabder-20&linkCode=osi&th=1&psc=1"><img src="https://m.media-amazon.com/images/I/31aQkQwjJYL._SL500_.jpg" alt="Product Image"></a><p>Bubble Skincare Level Up Balancing Face Moisturizer - Hydrating Gel Moisturizer Formulated with Zinc PCA + Niacinamide for Improved Texture & Radiance - Skin Care for Oily or Combination Skin (50ml)</p><p>$14.99 ($8.87 / Fl Oz)</p><a href="https://www.amazon.com/dp/B0BSYJYQY2?tag=eloabder-20&linkCode=osi&th=1&psc=1">View Product</a></div><div class="product"><a href="https://www.amazon.com/dp/B0B826XRPH?tag=eloabder-20&linkCode=osi&th=1&psc=1"><img src="https://m.media-amazon.com/images/I/516nsOEA-mL._SL500_.jpg" alt="Product Image"></a><p>AURUZA Ice Face Roller and Gua Sha Set, Ice Roller for Face & Eye Puffiness Relief Beauty Facial Rollers Mold Icing Massage Skin Care Tools for Brighten Lubricate Shrink Pores Remove Fine Lines</p><p>$5.49</p><a href="https://www.amazon.com/dp/B0B826XRPH?tag=eloabder-20&linkCode=osi&th=1&psc=1">View Product</a></div><div class="product"><a href="https://www.amazon.com/dp/B0BS8Y2FLK?tag=eloabder-20&linkCode=osi&th=1&psc=1"><img src="https://m.media-amazon.com/images/I/41CX-bGjaRL._SL500_.jpg" alt="Product Image"></a><p>PEAUAMIE Under Eye Patches (30 Pairs) Gold Eye Mask and Hyaluronic Acid Eye Patches for puffy eyes,Rose Eye Masks for Dark Circles and Puffiness under eye skin care Smooth Wrinkles products</p><p>$9.99 ($0.33 / Count)</p><a href="https://www.amazon.com/dp/B0BS8Y2FLK?tag=eloabder-20&linkCode=osi&th=1&psc=1">View Product</a></div><div class="product"><a href="https://www.amazon.com/dp/B09NXS395V?tag=eloabder-20&linkCode=osi&th=1&psc=1"><img src="https://m.media-amazon.com/images/I/41ZHn0qwWwL._SL500_.jpg" alt="Product Image"></a><p>NAZANO Under Eye Patches - 60 Pcs - 24K Gold Eye Mask- Puffy Eyes & Dark Circles Treatments,Reduce Under Eye Bags and Smooth Wrinkles,Eye Skin Care Pads With Collagen,Hyaluronic Acid & Castor Oil</p><p>$8.99 ($0.30 / Count)</p><a href="https://www.amazon.com/dp/B09NXS395V?tag=eloabder-20&linkCode=osi&th=1&psc=1">View Product</a></div>
<div class="product"><a href="https://www.amazon.com/dp/B01N9SPQHQ?tag=eloabder-20&linkCode=osi&th=1&psc=1"><img src="https://m.media-amazon.com/images/I/41NHgWAaYAL._SL500_.jpg" alt="Product Image"></a><p>La Roche-Posay Toleriane Double Repair Face Moisturizer, Daily Moisturizer Face Cream with Ceramide and Niacinamide for All Skin Types, Oil Free, Fragrance Free</p><p>$23.99 ($7.10 / Fl Oz)</p><a href="https://www.amazon.com/dp/B01N9SPQHQ?tag=eloabder-20&linkCode=osi&th=1&psc=1">View Product</a></div><div class="product"><a href="https://www.amazon.com/dp/B00TTD9BRC?tag=eloabder-20&linkCode=osi&th=1&psc=1"><img src="https://m.media-amazon.com/images/I/41Kc6H7fboL._SL500_.jpg" alt="Product Image"></a><p>CeraVe Moisturizing Cream | Body and Face Moisturizer for Dry Skin | Body Cream with Hyaluronic Acid and Ceramides | Daily Moisturizer | Oil-Free | Fragrance Free | Non-Comedogenic | 19 Ounce</p><p>$17.78 ($0.94 / Ounce)</p><a href="https://www.amazon.com/dp/B00TTD9BRC?tag=eloabder-20&linkCode=osi&th=1&psc=1">View Product</a></div><div class="product"><a href="https://www.amazon.com/dp/B00NR1YQHM?tag=eloabder-20&linkCode=osi&th=1&psc=1"><img src="https://m.media-amazon.com/images/I/41yzZFTW63L._SL500_.jpg" alt="Product Image"></a><p>Neutrogena Hydro Boost Face Moisturizer with Hyaluronic Acid for Dry Skin, Oil-Free and Non-Comedogenic Water Gel Face Lotion, 1.7 oz</p><p>$13.31 ($7.83 / Ounce)</p><a href="https://www.amazon.com/dp/B00NR1YQHM?tag=eloabder-20&linkCode=osi&th=1&psc=1">View Product</a></div><div class="product"><a href="https://www.amazon.com/dp/B00HNSSPHC?tag=eloabder-20&linkCode=osi&th=1&psc=1"><img src="https://m.media-amazon.com/images/I/41rWFzQZdOL._SL500_.jpg" alt="Product Image"></a><p>Neutrogena Triple Age Repair Anti-Aging Daily Facial Moisturizer with SPF 25 Sunscreen & Vitamin C, Firming Anti-Wrinkle Face & Neck Cream for Dark Spots, Glycerin & Shea Butter, 1.7 oz</p><p>$19.56 ($11.51 / Ounce)</p><a href="https://www.amazon.com/dp/B00HNSSPHC?tag=eloabder-20&linkCode=osi&th=1&psc=1">View Product</a></div><div class="product"><a href="https://www.amazon.com/dp/B000YJ2SLG?tag=eloabder-20&linkCode=osi&th=1&psc=1"><img src="https://m.media-amazon.com/images/I/31J9bWXnQ+L._SL500_.jpg" alt="Product Image"></a><p>CeraVe Daily Moisturizing Lotion for Dry Skin | Body Lotion & Face Moisturizer with Hyaluronic Acid and Ceramides | Daily Moisturizer | Fragrance Free | Oil-Free | 12 Ounce</p><p>$13.68 ($1.14 / Fl Oz)</p><a href="https://www.amazon.com/dp/B000YJ2SLG?tag=eloabder-20&linkCode=osi&th=1&psc=1">View Product</a></div><div class="product"><a href="https://www.amazon.com/dp/B099N1LC4R?tag=eloabder-20&linkCode=osi&th=1&psc=1"><img src="https://m.media-amazon.com/images/I/41lZIG8wQNL._SL500_.jpg" alt="Product Image"></a><p>Cetaphil Face & Body Moisturizer, Hydrating Moisturizing Cream For Dry To Very Dry, Sensitive Skin, NEW 20 Oz, Fragrance Free, Non-Comedogenic, Non-Greasy (Packaging May Vary)</p><p>$15.97 ($0.80 / Ounce)</p><a href="https://www.amazon.com/dp/B099N1LC4R?tag=eloabder-20&linkCode=osi&th=1&psc=1">View Product</a></div><div class="product"><a href="https://www.amazon.com/dp/B01H20MA62?tag=eloabder-20&linkCode=osi&th=1&psc=1"><img src="https://m.media-amazon.com/images/I/41xuvNUpUML._SL500_.jpg" alt="Product Image"></a><p>Cetaphil Face & Body Moisturizer, Hydrating Moisturizing Cream for Dry to Very Dry, Sensitive Skin, NEW 16 Oz 2 Pack, Fragrance Free, Non-Comedogenic, Non-Greasy</p><p>$19.48 ($0.61 / Ounce)</p><a href="https://www.amazon.com/dp/B01H20MA62?tag=eloabder-20&linkCode=osi&th=1&psc=1">View Product</a></div><div class="product"><a href="https://www.amazon.com/dp/B01NCWV3KM?tag=eloabder-20&linkCode=osi&th=1&psc=1"><img src="https://m.media-amazon.com/images/I/41Q1ESUhSeL._SL500_.jpg" alt="Product Image"></a><p>La Roche-Posay Toleriane Double Repair UV SPF Moisturizer for Face, Daily Facial Moisturizer with Sunscreen SPF 30, Niacinamide and Glycerin, Oil Free, Moisturizing Sun Protection</p><p>$24.99 ($10.00 / Fl Oz)</p><a href="https://www.amazon.com/dp/B01NCWV3KM?tag=eloabder-20&linkCode=osi&th=1&psc=1">View Product</a></div>
<div class="product"><a href="https://www.amazon.com/dp/B07P5TMHD9?tag=eloabder-20&linkCode=osi&th=1&psc=1"><img src="https://m.media-amazon.com/images/I/51xr2lw0Y7L._SL500_.jpg" alt="Product Image"></a><p>Vitamin C Face Serum - Dark Spot Remover Facial Serum, Vit C Serum with Hyaluronic Acid, Ferulic Acid, & Vit E - Anti Aging and Skin Brightening Serum, Pure Vitamin C Serum Skin Care</p><p>$9.98</p><a href="https://www.amazon.com/dp/B07P5TMHD9?tag=eloabder-20&linkCode=osi&th=1&psc=1">View Product</a></div><div class="product"><a href="https://www.amazon.com/dp/B014PGEEO2?tag=eloabder-20&linkCode=osi&th=1&psc=1"><img src="https://m.media-amazon.com/images/I/51v+djIfQGL._SL500_.jpg" alt="Product Image"></a><p>Tree of Life Facial Serum Set for Face, Brightening, Firming, Hydrating, Dry Skin, Dermatologist Tested - Trio Power Skin Care Set, Vitamin C, Retinol and Hyaluronic Acid, 3 count of 1 Fl Oz</p><p>$19.99 ($6.66 / Fl Oz)</p><a href="https://www.amazon.com/dp/B014PGEEO2?tag=eloabder-20&linkCode=osi&th=1&psc=1">View Product</a></div><div class="product"><a href="https://www.amazon.com/dp/B08R994Q1L?tag=eloabder-20&linkCode=osi&th=1&psc=1"><img src="https://m.media-amazon.com/images/I/418KUv8uVkL._SL500_.jpg" alt="Product Image"></a><p>Good Molecules Niacinamide Serum - 10% Niacinamide Balancing B3 Facial Serum for Acne, Tone, Texture - Brightening and Hydrating Skincare for Face</p><p>$6.00</p><a href="https://www.amazon.com/dp/B08R994Q1L?tag=eloabder-20&linkCode=osi&th=1&psc=1">View Product</a></div><div class="product"><a href="https://www.amazon.com/dp/B07VWSN95S?tag=eloabder-20&linkCode=osi&th=1&psc=1"><img src="https://m.media-amazon.com/images/I/411Y0nzh9zL._SL500_.jpg" alt="Product Image"></a><p>CeraVe Retinol Serum for Post-Acne Marks and Skin Texture | Pore Refining, Resurfacing, Brightening Facial Serum with Retinol and Niacinamide | Fragrance Free, Paraben Free & Non-Comedogenic| 1 Oz</p><p>$18.68</p><a href="https://www.amazon.com/dp/B07VWSN95S?tag=eloabder-20&linkCode=osi&th=1&psc=1">View Product</a></div><div class="product"><a href="https://www.amazon.com/dp/B08L8B5JR2?tag=eloabder-20&linkCode=osi&th=1&psc=1"><img src="https://m.media-amazon.com/images/I/51Ee0RzYONL._SL500_.jpg" alt="Product Image"></a><p>Vibriance Super C Serum for Mature Skin, Made in USA, All-In-One Formula Hydrates, Firms, Lifts, Smooths, Targets Age Spots, Wrinkles, Vitamin C Serum; 1 fl oz</p><p>$32.90</p><a href="https://www.amazon.com/dp/B08L8B5JR2?tag=eloabder-20&linkCode=osi&th=1&psc=1">View Product</a></div><div class="product"><a href="https://www.amazon.com/dp/B0CLLV2T1P?tag=eloabder-20&linkCode=osi&th=1&psc=1"><img src="https://m.media-amazon.com/images/I/31ZBa-zgbjL._SL500_.jpg" alt="Product Image"></a><p>Anua 10% Niacinamide+ 4% Tranexamic Acid Serum, Ceramide, Hyaluronic Acid, Vitamin B12 natural color, for Sensitive skin, Korean Glass Skin, Fragrance-Free (30ml /1.01 fl.oz.)</p><p>$19.00 ($18.81 / Fl Oz)</p><a href="https://www.amazon.com/dp/B0CLLV2T1P?tag=eloabder-20&linkCode=osi&th=1&psc=1">View Product</a></div><div class="product"><a href="https://www.amazon.com/dp/B08TM8DLFJ?tag=eloabder-20&linkCode=osi&th=1&psc=1"><img src="https://m.media-amazon.com/images/I/41g0Mg7pRIL._SL500_.jpg" alt="Product Image"></a><p>Good Molecules Hyaluronic Acid Serum - Hydrating, Non-greasy formula to Moisturize, Plump - 1% HA, Anti-aging, Water-Based Skincare for Face</p><p>$6.00 ($6.00 / Fl Oz)</p><a href="https://www.amazon.com/dp/B08TM8DLFJ?tag=eloabder-20&linkCode=osi&th=1&psc=1">View Product</a></div><div class="product"><a href="https://www.amazon.com/dp/B01B5G45R6?tag=eloabder-20&linkCode=osi&th=1&psc=1"><img src="https://m.media-amazon.com/images/I/51JgyVg967L._SL500_.jpg" alt="Product Image"></a><p>artnaturals Anti-Aging-Set with Vitamin-C Retinol and Hyaluronic-Acid - (3 x 1 Fl Oz / 30ml) Serum for Anti Wrinkle and Dark Circle Remover – All Natural and Moisturizing</p><p>$24.95 ($8.32 / Fl Oz)</p><a href="https://www.amazon.com/dp/B01B5G45R6?tag=eloabder-20&linkCode=osi&th=1&psc=1">View Product</a></div><div class="product"><a href="https://www.amazon.com/dp/B086VKZZZY?tag=eloabder-20&linkCode=osi&th=1&psc=1"><img src="https://m.media-amazon.com/images/I/31l7jUL7jOL._SL500_.jpg" alt="Product Image"></a><p>Beauty of Joseon Glow Serum Propolis and Niacinamide Hydrating Facial Soothing Moisturizer for Irritated Uneven Skin Tone, Korean Skin Care 30ml, 1 fl.oz</p><p>$13.60 ($13.47 / Fl Oz)</p><a href="https://www.amazon.com/dp/B086VKZZZY?tag=eloabder-20&linkCode=osi&th=1&psc=1">View Product</a></div>
<div class="product"><a href="https://www.amazon.com/dp/B0CYGT3CR4?tag=eloabder-20&linkCode=osi&th=1&psc=1"><img src="https://m.media-amazon.com/images/I/51LbfzrqiUL._SL500_.jpg" alt="Product Image"></a><p>KONEUK 14 Pack Sheet Face Masks Skincare for All Skin Types, Hydrating Face Masks Suitable for Sensitive Skin, Bulk Facial Mask Set for Women Skin Care, Face Mask Gifts Set for Face Spa</p><p>$8.99 ($0.64 / Count)</p><a href="https://www.amazon.com/dp/B0CYGT3CR4?tag=eloabder-20&linkCode=osi&th=1&psc=1">View Product</a></div><div class="product"><a href="https://www.amazon.com/dp/B01N37AK8V?tag=eloabder-20&linkCode=osi&th=1&psc=1"><img src="https://m.media-amazon.com/images/I/41zyExDkGCL._SL500_.jpg" alt="Product Image"></a><p>Ebanel 10 Pack Collagen Face Mask, Instant Brightening & Hydrating Face Sheet Mask with Aloe Vera, Hyaluronic Acid, Vitamin C and E, Chamomile, Anti Aging Face Mask with Hydrolyzed Collagen, Peptide</p><p>$13.99 ($1.40 / Count)</p><a href="https://www.amazon.com/dp/B01N37AK8V?tag=eloabder-20&linkCode=osi&th=1&psc=1">View Product</a></div><div class="product"><a href="https://www.amazon.com/dp/B07C3NBJ33?tag=eloabder-20&linkCode=osi&th=1&psc=1"><img src="https://m.media-amazon.com/images/I/51DMM9KU+AL._SL500_.jpg" alt="Product Image"></a><p>GLAM UP Premium Facial Sheet Mask 12 Combo (Pack of 12) | Clean Face Masks Skincare, Hydrating Face Masks, Moisturizing, Soothing, Beauty Mask For All Skin Type Variety Beauty Mask Set</p><p>$13.20 ($1.10 / Count)</p><a href="https://www.amazon.com/dp/B07C3NBJ33?tag=eloabder-20&linkCode=osi&th=1&psc=1">View Product</a></div><div class="product"><a href="https://www.amazon.com/dp/B0B5XTMJMJ?tag=eloabder-20&linkCode=osi&th=1&psc=1"><img src="https://m.media-amazon.com/images/I/61voysA0eEL._SL500_.jpg" alt="Product Image"></a><p>Meleell Collagen Sheet Face Masks Skincare Bulk Pack,Hydrating Spa Face Mask For Sensitive Skin,Anti Aging Facial Masks Sets For Women/Teen Girls(40 Combo Pack)</p><p>$25.99 ($0.65 / Count)</p><a href="https://www.amazon.com/dp/B0B5XTMJMJ?tag=eloabder-20&linkCode=osi&th=1&psc=1">View Product</a></div><div class="product"><a href="https://www.amazon.com/dp/B0CR6NHHVL?tag=eloabder-20&linkCode=osi&th=1&psc=1"><img src="https://m.media-amazon.com/images/I/514yWBJNkFL._SL500_.jpg" alt="Product Image"></a><p>Kaely 10 Pack Variety Sheet Masks,Spa Face Masks for Kids Skin Care,Facial Mask Skincare Set Korean,Moisturize,Brighten,Nourish for All Skin Types,Birthday Gifts for Women Men Boys Girls,Set01</p><p>$8.99 ($0.90 / Count)</p><a href="https://www.amazon.com/dp/B0CR6NHHVL?tag=eloabder-20&linkCode=osi&th=1&psc=1">View Product</a></div><div class="product"><a href="https://www.amazon.com/dp/B086V843R8?tag=eloabder-20&linkCode=osi&th=1&psc=1"><img src="https://m.media-amazon.com/images/I/410evC+SQHL._SL500_.jpg" alt="Product Image"></a><p>ANAI RUI Turmeric Clay Mask - Green Tea Clay Mask - Dead Sea Minerals Mud Mask, Spa Facial Mask Set, Face Mask Gift Set 2.5 oz each</p><p>$22.99</p><a href="https://www.amazon.com/dp/B086V843R8?tag=eloabder-20&linkCode=osi&th=1&psc=1">View Product</a></div><div class="product"><a href="https://www.amazon.com/dp/B07JMTMHGS?tag=eloabder-20&linkCode=osi&th=1&psc=1"><img src="https://m.media-amazon.com/images/I/41PeKCZ7NtL._SL500_.jpg" alt="Product Image"></a><p>LAPCOS Aloe Sheet Mask, Daily Face Mask with Cucumber and Aloe Gel to Calm and Moisturize Skin, Korean Beauty Favorite, 5-Pack</p><p>$20.00 ($4.00 / count)</p><a href="https://www.amazon.com/dp/B07JMTMHGS?tag=eloabder-20&linkCode=osi&th=1&psc=1">View Product</a></div><div class="product"><a href="https://www.amazon.com/dp/B0CMQKTJDQ?tag=eloabder-20&linkCode=osi&th=1&psc=1"><img src="https://m.media-amazon.com/images/I/51oosdS4y8L._SL500_.jpg" alt="Product Image"></a><p>VESPRO 100 Pack Collagen Essence Sheet Facial Masks, Bulk Face Masks Skincare, Hydrating Face Masks for All Skin Types, Moisturizing and Soothing, Natural Skin Care Spa Face Mask</p><p>$45.99 ($0.46 / Count)</p><a href="https://www.amazon.com/dp/B0CMQKTJDQ?tag=eloabder-20&linkCode=osi&th=1&psc=1">View Product</a></div><div class="product"><a href="https://www.amazon.com/dp/B0B41LVMJ3?tag=eloabder-20&linkCode=osi&th=1&psc=1"><img src="https://m.media-amazon.com/images/I/51xduFirI6L._SL500_.jpg" alt="Product Image"></a><p>#OOTD Collagen Hydrating Sheet Masks for Face Korean Anti Aging Mask Sheet for Dry Skin & Sensitive Skin, EVE Vegan, Not Tested on Animals, No Parabens, No Sulfates, Hyaluronic Acid, Witch Hazel 10EA</p><p>$18.00 ($1.80 / Count)</p><a href="https://www.amazon.com/dp/B0B41LVMJ3?tag=eloabder-20&linkCode=osi&th=1&psc=1">View Product</a></div>
<div class="product"><a href="https://www.amazon.com/dp/B01N34XW93?tag=eloabder-20&linkCode=osi&th=1&psc=1"><img src="https://m.media-amazon.com/images/I/31OMOTCxlmL._SL500_.jpg" alt="Product Image"></a><p>La Roche-Posay Toleriane Purifying Foaming Facial Cleanser, Oil Free Face Wash for Oily Skin and for Sensitive Skin with Niacinamide, Pore Cleanser Won’t Dry Out Skin, Unscented</p><p>$17.99 ($1.33 / Fl Oz)</p><a href="https://www.amazon.com/dp/B01N34XW93?tag=eloabder-20&linkCode=osi&th=1&psc=1">View Product</a></div><div class="product"><a href="https://www.amazon.com/dp/B01MSSDEPK?tag=eloabder-20&linkCode=osi&th=1&psc=1"><img src="https://m.media-amazon.com/images/I/41YuSwjJUIL._SL500_.jpg" alt="Product Image"></a><p>CeraVe Hydrating Facial Cleanser | Moisturizing Face Wash For Dry Skin | Hyaluronic Acid + Ceramides + Glycerin | Hydrating Cleanser For Normal To Dry Skin | National Eczema Assosiation Certified</p><p>$15.48 ($0.97 / Fl Oz)</p><a href="https://www.amazon.com/dp/B01MSSDEPK?tag=eloabder-20&linkCode=osi&th=1&psc=1">View Product</a></div><div class="product"><a href="https://www.amazon.com/dp/B01N7T7JKJ?tag=eloabder-20&linkCode=osi&th=1&psc=1"><img src="https://m.media-amazon.com/images/I/31VXK3y1KYL._SL500_.jpg" alt="Product Image"></a><p>La Roche-Posay Toleriane Hydrating Gentle Face Cleanser, Daily Facial Cleanser with Niacinamide and Ceramides for Sensitive Skin, Moisturizing Face Wash for Normal to Dry Skin, Fragrance Free</p><p>$17.99 ($1.33 / Fl Oz)</p><a href="https://www.amazon.com/dp/B01N7T7JKJ?tag=eloabder-20&linkCode=osi&th=1&psc=1">View Product</a></div><div class="product"><a href="https://www.amazon.com/dp/B01N1LL62W?tag=eloabder-20&linkCode=osi&th=1&psc=1"><img src="https://m.media-amazon.com/images/I/41kwN8dWWzL._SL500_.jpg" alt="Product Image"></a><p>CeraVe Foaming Facial Cleanser | Daily Face Wash for Oily Skin with Hyaluronic Acid, Ceramides, and Niacinamide| Fragrance Free | 16 Fluid Ounce</p><p>$15.19 ($0.95 / Fl Oz)</p><a href="https://www.amazon.com/dp/B01N1LL62W?tag=eloabder-20&linkCode=osi&th=1&psc=1">View Product</a></div><div class="product"><a href="https://www.amazon.com/dp/B00U1YCRD8?tag=eloabder-20&linkCode=osi&th=1&psc=1"><img src="https://m.media-amazon.com/images/I/31LVb8KvKwL._SL500_.jpg" alt="Product Image"></a><p>CeraVe SA Cleanser | Salicylic Acid Cleanser with Hyaluronic Acid, Niacinamide & Ceramides| BHA Exfoliant for Face | Fragrance Free Non-Comedogenic | 8 Ounce</p><p>$12.37 ($1.55 / Ounce)</p><a href="https://www.amazon.com/dp/B00U1YCRD8?tag=eloabder-20&linkCode=osi&th=1&psc=1">View Product</a></div><div class="product"><a href="https://www.amazon.com/dp/B0BVV8BNYJ?tag=eloabder-20&linkCode=osi&th=1&psc=1"><img src="https://m.media-amazon.com/images/I/31tSZvBReoL._SL500_.jpg" alt="Product Image"></a><p>ANUA Heartleaf Quercetinol Pore Deep Cleansing Foam, Facial Cleanser, for Double Cleansing, BHA, Hyaluronic Acid, Glycerin, Face Wash, Blackhead Remover, Korean Skincare (150ml/5.07 fl.oz.)</p><p>$13.00 ($2.56 / Fl Oz)</p><a href="https://www.amazon.com/dp/B0BVV8BNYJ?tag=eloabder-20&linkCode=osi&th=1&psc=1">View Product</a></div><div class="product"><a href="https://www.amazon.com/dp/B00QY1XZ4W?tag=eloabder-20&linkCode=osi&th=1&psc=1"><img src="https://m.media-amazon.com/images/I/319pG+OQZxL._SL500_.jpg" alt="Product Image"></a><p>Vanicream Gentle Facial Cleanser with Pump Dispenser - 8 fl oz - Formulated Without Common Irritants for Those with Sensitive Skin</p><p>$8.86 ($1.11 / Fl Oz)</p><a href="https://www.amazon.com/dp/B00QY1XZ4W?tag=eloabder-20&linkCode=osi&th=1&psc=1">View Product</a></div><div class="product"><a href="https://www.amazon.com/dp/B016NRXO06?tag=eloabder-20&linkCode=osi&th=1&psc=1"><img src="https://m.media-amazon.com/images/I/31jSFIvh2TS._SL500_.jpg" alt="Product Image"></a><p>COSRX Low pH Good Morning Gel Cleanser, Daily Mild Face Cleanser for Sensitive Skin with BHA & Tea-Tree Oil, PH Balancing, Korean Skincare (5.07fl.oz/150ml)</p><p>$11.49 ($2.27 / Fl Oz)</p><a href="https://www.amazon.com/dp/B016NRXO06?tag=eloabder-20&linkCode=osi&th=1&psc=1">View Product</a></div><div class="product"><a href="https://www.amazon.com/dp/B09Y4HHY1P?tag=eloabder-20&linkCode=osi&th=1&psc=1"><img src="https://m.media-amazon.com/images/I/41Crw80Q3yL._SL500_.jpg" alt="Product Image"></a><p>Cetaphil Face Wash, Daily Facial Cleanser for Sensitive, Combination to Oily Skin, NEW 16 oz, Fragrance Free, Gentle Foaming, Soap Free, Hypoallergenic (Packaging May Vary)</p><p>$11.97 ($0.75 / Fl Oz)</p><a href="https://www.amazon.com/dp/B09Y4HHY1P?tag=eloabder-20&linkCode=osi&th=1&psc=1">View Product</a></div><div class="product"><a href="https://www.amazon.com/dp/B0BN2PX8V3?tag=eloabder-20&linkCode=osi&th=1&psc=1"><img src="https://m.media-amazon.com/images/I/31n4TECLwuL._SL500_.jpg" alt="Product Image"></a><p>ANUA Heartleaf Pore Control Cleansing Oil, Oil Cleanser for Face, Makeup Blackhead Remover, Korean Skin Care 6.76 fl oz(200ml) (original)</p><p>$17.69 ($2.64 / Fl Oz)</p><a href="https://www.amazon.com/dp/B0BN2PX8V3?tag=eloabder-20&linkCode=osi&th=1&psc=1">View Product</a></div>
<div class="product"><a href="https://www.amazon.com/dp/B08CMS8P67?tag=eloabder-20&linkCode=osi&th=1&psc=1"><img src="https://m.media-amazon.com/images/I/31LVyuSsJEL._SL500_.jpg" alt="Product Image"></a><p>Anua Heartleaf 77 Soothing Toner I pH 5.5 Trouble Care, Calming Skin, Refreshing, Hydrating, Purifying, Cruelty Free, Vegan,(250ml / 8.45 fl.oz.)</p><p>$19.69 ($2.33 / Fl Oz)</p><a href="https://www.amazon.com/dp/B08CMS8P67?tag=eloabder-20&linkCode=osi&th=1&psc=1">View Product</a></div><div class="product"><a href="https://www.amazon.com/dp/B09LKXR62L?tag=eloabder-20&linkCode=osi&th=1&psc=1"><img src="https://m.media-amazon.com/images/I/31D6ydy59dL._SL500_.jpg" alt="Product Image"></a><p>CeraVe Hydrating Toner for Face Non-Alcoholic with Hyaluronic Acid, Niacinamide, and Ceramides for Sensitive Dry Skin, Fragrance-Free Non Comedogenic, Full Size, 6.8 Fl Oz</p><p>$9.86 ($1.45 / Ounce)</p><a href="https://www.amazon.com/dp/B09LKXR62L?tag=eloabder-20&linkCode=osi&th=1&psc=1">View Product</a></div><div class="product"><a href="https://www.amazon.com/dp/B0CG1H8YRS?tag=eloabder-20&linkCode=osi&th=1&psc=1"><img src="https://m.media-amazon.com/images/I/31OZES5j9LL._SL500_.jpg" alt="Product Image"></a><p>TIRTIR Milk Skin Rice Toner | Deep Moisturizing, Instant Glow, 2% Niacinamide, Rice Bran Extract, Ceramide, Panthenol, Cruelty-Free, Fungal Acne Friendly, Vegan, 5.07 fl.oz.</p><p>$24.99 ($4.93 / Fl Oz)</p><a href="https://www.amazon.com/dp/B0CG1H8YRS?tag=eloabder-20&linkCode=osi&th=1&psc=1">View Product</a></div><div class="product"><a href="https://www.amazon.com/dp/B007HD570Q?tag=eloabder-20&linkCode=osi&th=1&psc=1"><img src="https://m.media-amazon.com/images/I/31uC8ENEVqL._SL500_.jpg" alt="Product Image"></a><p>Thayers Alcohol-Free, Hydrating Rose Petal Witch Hazel Facial Toner with Aloe Vera Formula, Vegan, Dermatologist Tested and Recommended, 12 Oz</p><p>$10.53 ($0.88 / Fl Oz)</p><a href="https://www.amazon.com/dp/B007HD570Q?tag=eloabder-20&linkCode=osi&th=1&psc=1">View Product</a></div><div class="product"><a href="https://www.amazon.com/dp/B01LZK411L?tag=eloabder-20&linkCode=osi&th=1&psc=1"><img src="https://m.media-amazon.com/images/I/31la+He5vRL._SL500_.jpg" alt="Product Image"></a><p>ACWELL Licorice pH Balancing Korean Toner for Cleansing 5.07 fl.oz. - Alcohol-Free PH5.5 Hydrating Facial Astringent - Skin Clarifying & Hydration Boosting Toner</p><p>$16.00 ($3.14 / Fl Oz)</p><a href="https://www.amazon.com/dp/B01LZK411L?tag=eloabder-20&linkCode=osi&th=1&psc=1">View Product</a></div><div class="product"><a href="https://www.amazon.com/dp/B07BYJF7L7?tag=eloabder-20&linkCode=osi&th=1&psc=1"><img src="https://m.media-amazon.com/images/I/31+G3Xc+J7L._SL500_.jpg" alt="Product Image"></a><p>SOME BY MI AHA BHA PHA 30 Days Miracle Toner - 5.07Oz, 150ml - Made from Tea Tree Water for Sensitive Skin - Mild Exfoliating Daily Face Toner - Skin Wastes, Sebum and Oiliness Care - Korean Skin Care</p><p>$12.00 ($2.37 / Fl Oz)</p><a href="https://www.amazon.com/dp/B07BYJF7L7?tag=eloabder-20&linkCode=osi&th=1&psc=1">View Product</a></div><div class="product"><a href="https://www.amazon.com/dp/B00LO2RO7K?tag=eloabder-20&linkCode=osi&th=1&psc=1"><img src="https://m.media-amazon.com/images/I/31Wb52+KYzL._SL500_.jpg" alt="Product Image"></a><p>La Roche-Posay Effaclar Clarifying Solution Acne Toner with Salicylic Acid and Glycolic Acid, Pore Refining Oily Skin Toner, Gentle Exfoliant to Unclog Pores and Remove Dead Skin Cells</p><p>$16.99 ($2.51 / Fl Oz)</p><a href="https://www.amazon.com/dp/B00LO2RO7K?tag=eloabder-20&linkCode=osi&th=1&psc=1">View Product</a></div><div class="product"><a href="https://www.amazon.com/dp/B008EPPIQ4?tag=eloabder-20&linkCode=osi&th=1&psc=1"><img src="https://m.media-amazon.com/images/I/31-lQL0AkZL._SL500_.jpg" alt="Product Image"></a><p>Paula's Choice Skin Balancing Pore-Reducing Toner for Combination and Oily Skin, Minimizes Large Pores, 6.4 Fluid Ounce Bottle</p><p>$26.00 ($4.06 / Fl Oz)</p><a href="https://www.amazon.com/dp/B008EPPIQ4?tag=eloabder-20&linkCode=osi&th=1&psc=1">View Product</a></div><div class="product"><a href="https://www.amazon.com/dp/B073P6BPF5?tag=eloabder-20&linkCode=osi&th=1&psc=1"><img src="https://m.media-amazon.com/images/I/31hqlVDLizL._SL500_.jpg" alt="Product Image"></a><p>COSRX AHA/BHA Clarifying Treatment Toner, 5.07 fl.oz / 150ml | Exfoliating Facial Spray | Korean Skin Care, Hydrating, Mild Exfoliation, Vegan, Animal Testing Free, Paraben Free</p><p>$10.75 ($2.11 / Fl Oz)</p><a href="https://www.amazon.com/dp/B073P6BPF5?tag=eloabder-20&linkCode=osi&th=1&psc=1">View Product</a></div>
<div class="product"><a href="https://www.amazon.com/dp/B07C5SS6YD?tag=eloabder-20&linkCode=osi&th=1&psc=1"><img src="https://m.media-amazon.com/images/I/31tzIszvgAL._SL500_.jpg" alt="Product Image"></a><p>Paula's Choice Skin Perfecting 2% BHA Liquid Salicylic Acid Exfoliant, Gentle Facial Exfoliator for Blackheads, Large Pores, Wrinkles & Fine Lines, Travel Size, 1 Fluid Ounce</p><p>$14.00</p><a href="https://www.amazon.com/dp/B07C5SS6YD?tag=eloabder-20&linkCode=osi&th=1&psc=1">View Product</a></div><div class="product"><a href="https://www.amazon.com/dp/B07VW3YSWH?tag=eloabder-20&linkCode=osi&th=1&psc=1"><img src="https://m.media-amazon.com/images/I/410j9ZFktHL._SL500_.jpg" alt="Product Image"></a><p>Tree Hut Vitamin C Shea Sugar Scrub, 18 oz, Ultra Hydrating and Exfoliating Scrub for Nourishing Essential Body Care</p><p>$8.94 ($0.50 / Ounce)</p><a href="https://www.amazon.com/dp/B07VW3YSWH?tag=eloabder-20&linkCode=osi&th=1&psc=1">View Product</a></div><div class="product"><a href="https://www.amazon.com/dp/B07NHZP4FW?tag=eloabder-20&linkCode=osi&th=1&psc=1"><img src="https://m.media-amazon.com/images/I/41znKaYV17L._SL500_.jpg" alt="Product Image"></a><p>Seraphic Skincare (Original) Premium Exfoliating Mitt for Body (2pc) – 100% Vegan Viscose Traditional Body Scrub Glove Kessa Korean Washcloth – Body Exfoliator for Self-Tan Removal & Keratosis Pilaris</p><p>$12.99 ($6.50 / Count)</p><a href="https://www.amazon.com/dp/B07NHZP4FW?tag=eloabder-20&linkCode=osi&th=1&psc=1">View Product</a></div><div class="product"><a href="https://www.amazon.com/dp/B001VMJSCW?tag=eloabder-20&linkCode=osi&th=1&psc=1"><img src="https://m.media-amazon.com/images/I/31N7x4-aJAL._SL500_.jpg" alt="Product Image"></a><p>Dermalogica Daily Microfoliant, Face Exfoliator Scrub Powder with Salicylic Acid and Papaya Enzyme, Achieve Brighter, Smoother Skin Daily, 0.45 Oz</p><p>$19.00 ($42.22 / Ounce)</p><a href="https://www.amazon.com/dp/B001VMJSCW?tag=eloabder-20&linkCode=osi&th=1&psc=1">View Product</a></div><div class="product"><a href="https://www.amazon.com/dp/B09Q88TVGJ?tag=eloabder-20&linkCode=osi&th=1&psc=1"><img src="https://m.media-amazon.com/images/I/31jQFJt0t7L._SL500_.jpg" alt="Product Image"></a><p>tingl Face and Body Exfoliator Pads - Anti Aging Acne Treatment with Glycolic Acid, Lactic Acid, and Salicylic Acid - Pore Minimizer, Oil Cleanser, Blackhead Remover and Skin Exfoliator in One</p><p>$38.00 ($38.00 / Count)</p><a href="https://www.amazon.com/dp/B09Q88TVGJ?tag=eloabder-20&linkCode=osi&th=1&psc=1">View Product</a></div><div class="product"><a href="https://www.amazon.com/dp/B0BNWXFH3P?tag=eloabder-20&linkCode=osi&th=1&psc=1"><img src="https://m.media-amazon.com/images/I/51HkdST1FCL._SL500_.jpg" alt="Product Image"></a><p>Dermasuri Deep Exfoliating Glove for Shower - Exfoliating Mitt Body Scrubber - Skin Exfoliator & Dead Skin Remover - Keratosis Pilaris Scrub - Spray Tan Remover - Korean Skincare for Body (2 Pack)</p><p>$19.99 ($10.00 / Count)</p><a href="https://www.amazon.com/dp/B0BNWXFH3P?tag=eloabder-20&linkCode=osi&th=1&psc=1">View Product</a></div><div class="product"><a href="https://www.amazon.com/dp/B076DSRB6B?tag=eloabder-20&linkCode=osi&th=1&psc=1"><img src="https://m.media-amazon.com/images/I/51lTK55c5UL._SL500_.jpg" alt="Product Image"></a><p>Himalayan Salt Scrub Face Foot & Body Exfoliator Infused with Collagen and Stem Cell Natural Exfoliating Salt Body Scrub for Toning Cellulite Skin Care by M3 Naturals</p><p>$25.81 ($2.15 / Ounce)</p><a href="https://www.amazon.com/dp/B076DSRB6B?tag=eloabder-20&linkCode=osi&th=1&psc=1">View Product</a></div><div class="product"><a href="https://www.amazon.com/dp/B004GEV9JW?tag=eloabder-20&linkCode=osi&th=1&psc=1"><img src="https://m.media-amazon.com/images/I/41MgyDfHXfL._SL500_.jpg" alt="Product Image"></a><p>Buf-Puf Gentle Facial Sponge, Dermatologist Developed, Removes Deep Down Dirt & Makeup That Causes Breakouts and Blackheads, Reusable, Exfoliating, 1 Count</p><p>$8.71</p><a href="https://www.amazon.com/dp/B004GEV9JW?tag=eloabder-20&linkCode=osi&th=1&psc=1">View Product</a></div><div class="product"><a href="https://www.amazon.com/dp/B0000632EN?tag=eloabder-20&linkCode=osi&th=1&psc=1"><img src="https://m.media-amazon.com/images/I/314AH1Zo0lL._SL500_.jpg" alt="Product Image"></a><p>Aveeno Positively Radiant Exfoliating Facial Scrub, Brightening Face Scrub with Soy Extract to Visibly Improve Skin Tone and Texture, Oil-Free, Soap-Free, Hypoallergenic Formula, 5 FL OZ</p><p>$7.97 ($1.59 / Ounce)</p><a href="https://www.amazon.com/dp/B0000632EN?tag=eloabder-20&linkCode=osi&th=1&psc=1">View Product</a></div>
<div class="product"><a href="https://www.amazon.com/dp/B005IHT94S?tag=eloabder-20&linkCode=osi&th=1&psc=1"><img src="https://m.media-amazon.com/images/I/31YAXVCRMAL._SL500_.jpg" alt="Product Image"></a><p>Neutrogena Ultra Sheer Dry-Touch Water Resistant and Non-Greasy Sunscreen Lotion with Broad Spectrum SPF 70, 3 Fl Oz (Pack of 1)</p><p>$9.88 ($3.29 / Fl Oz)</p><a href="https://www.amazon.com/dp/B005IHT94S?tag=eloabder-20&linkCode=osi&th=1&psc=1">View Product</a></div><div class="product"><a href="https://www.amazon.com/dp/B078BC1NJ6?tag=eloabder-20&linkCode=osi&th=1&psc=1"><img src="https://m.media-amazon.com/images/I/51V4LMN2zEL._SL500_.jpg" alt="Product Image"></a><p>Coppertone Sport Sunscreen Spray SPF 50, Water Resistant Spray Sunscreen, Broad Spectrum SPF 50 Sunscreen, Bulk Sunscreen Pack, 5.5 Oz Bottle, Pack of 3</p><p>$20.63 ($1.25 / Ounce)</p><a href="https://www.amazon.com/dp/B078BC1NJ6?tag=eloabder-20&linkCode=osi&th=1&psc=1">View Product</a></div><div class="product"><a href="https://www.amazon.com/dp/B01MQXX9US?tag=eloabder-20&linkCode=osi&th=1&psc=1"><img src="https://m.media-amazon.com/images/I/41Zi7BP15NL._SL500_.jpg" alt="Product Image"></a><p>Banana Boat Sport Ultra SPF 50 Sunscreen Spray Twin Pack | Banana Boat Sunscreen Spray SPF 50, Spray On Sunscreen, Water Resistant Sunscreen, Oxybenzone Free Sunscreen Pack, 6oz each</p><p>$13.97 ($1.16 / Ounce)</p><a href="https://www.amazon.com/dp/B01MQXX9US?tag=eloabder-20&linkCode=osi&th=1&psc=1">View Product</a></div><div class="product"><a href="https://www.amazon.com/dp/B00AEN4QZ8?tag=eloabder-20&linkCode=osi&th=1&psc=1"><img src="https://m.media-amazon.com/images/I/31QMrCJPoeL._SL500_.jpg" alt="Product Image"></a><p>Neutrogena Beach Defense Water-Resistant Face & Body SPF 70 Sunscreen Lotion with Broad Spectrum UVA/UVB Protection, Oil-Free Fast-Absorbing Sunscreen Lotion, Oxybenzone-Free, 6.7 oz</p><p>$9.60 ($1.43 / Fl Oz)</p><a href="https://www.amazon.com/dp/B00AEN4QZ8?tag=eloabder-20&linkCode=osi&th=1&psc=1">View Product</a></div><div class="product"><a href="https://www.amazon.com/dp/B076GZX3KL?tag=eloabder-20&linkCode=osi&th=1&psc=1"><img src="https://m.media-amazon.com/images/I/41BQoEZMuTL._SL500_.jpg" alt="Product Image"></a><p>Neutrogena Sunscreen Spray, Ultra Sheer ® Body Mist, Broad Spectrum SPF 70, Non-Greasy Water Resistant Body Sunscreen Mist, Non-Comedogenic, 5 oz (Pack of 3)</p><p>$22.60 ($1.51 / Ounce)</p><a href="https://www.amazon.com/dp/B076GZX3KL?tag=eloabder-20&linkCode=osi&th=1&psc=1">View Product</a></div><div class="product"><a href="https://www.amazon.com/dp/B004D2DR0Q?tag=eloabder-20&linkCode=osi&th=1&psc=1"><img src="https://m.media-amazon.com/images/I/41QwzCWNnFL._SL500_.jpg" alt="Product Image"></a><p>Neutrogena Ultra Sheer Dry-Touch Water Resistant and Non-Greasy Sunscreen Lotion with Broad Spectrum SPF 45, TSA-Compliant travel Size, 3 Fl Oz, Pack of 2, 6 Fl Oz</p><p>$13.99 ($2.33 / Fl Oz)</p><a href="https://www.amazon.com/dp/B004D2DR0Q?tag=eloabder-20&linkCode=osi&th=1&psc=1">View Product</a></div><div class="product"><a href="https://www.amazon.com/dp/B002CML1VG?tag=eloabder-20&linkCode=osi&th=1&psc=1"><img src="https://m.media-amazon.com/images/I/41ufC4L5QQL._SL500_.jpg" alt="Product Image"></a><p>La Roche-Posay Anthelios Melt-In Milk Sunscreen SPF 60 | Sunscreen For Body & Face | Broad Spectrum SPF + Antioxidants | Oil Free Sunscreen Lotion | Lightweight & Fast Absorbing | Oxybenzone Free</p><p>$37.99 ($7.60 / Fl Oz)</p><a href="https://www.amazon.com/dp/B002CML1VG?tag=eloabder-20&linkCode=osi&th=1&psc=1">View Product</a></div><div class="product"><a href="https://www.amazon.com/dp/B00B81XR1Y?tag=eloabder-20&linkCode=osi&th=1&psc=1"><img src="https://m.media-amazon.com/images/I/41NtDXr-dML._SL500_.jpg" alt="Product Image"></a><p>Banana Boat Sport Ultra SPF 30 Sunscreen Spray Twin Pack | Banana Boat Sunscreen Spray SPF 30, Spray On Sunscreen, Water Resistant Sunscreen, Oxybenzone Free Sunscreen Pack, 6oz each</p><p>$13.47 ($1.12 / Ounce)</p><a href="https://www.amazon.com/dp/B00B81XR1Y?tag=eloabder-20&linkCode=osi&th=1&psc=1">View Product</a></div><div class="product"><a href="https://www.amazon.com/dp/B07X1YDGSF?tag=eloabder-20&linkCode=osi&th=1&psc=1"><img src="https://m.media-amazon.com/images/I/31PSmI7nKIL._SL500_.jpg" alt="Product Image"></a><p>Neutrogena Beach Defense Sunscreen Spray SPF 50 Water-Resistant Body Spray with Broad Spectrum , PABA-Free, Oxybenzone-Free & Fast-Drying, Superior Sun Protection, 6.5 oz, Transparent</p><p>$9.88 ($1.52 / Ounce)</p><a href="https://www.amazon.com/dp/B07X1YDGSF?tag=eloabder-20&linkCode=osi&th=1&psc=1">View Product</a></div>
<div class="product"><a href="https://www.amazon.com/dp/B00JJPMXDO?tag=eloabder-20&linkCode=osi&th=1&psc=1"><img src="https://m.media-amazon.com/images/I/41xUbY21ojL._SL500_.jpg" alt="Product Image"></a><p>CeraVe Eye Repair Cream | Under Eye Cream For Puffiness And Bags Under Eyes | Hyaluronic Acid + Niacinamide + Marine Botanical Complex | Hydrating Eye Cream | Oil Free & Opthalmologist Tested</p><p>$13.43 ($26.86 / Ounce)</p><a href="https://www.amazon.com/dp/B00JJPMXDO?tag=eloabder-20&linkCode=osi&th=1&psc=1">View Product</a></div><div class="product"><a href="https://www.amazon.com/dp/B0B3GCCRVH?tag=eloabder-20&linkCode=osi&th=1&psc=1"><img src="https://m.media-amazon.com/images/I/41EdCdrw-AL._SL500_.jpg" alt="Product Image"></a><p>CeraVe Skin Renewing Eye Cream For Wrinkles | Under Eye Cream With Peptides + Caffeine + Niacinamide | Anti Aging Eye Cream For Wrinkles & Crows Feet | Paraben Free & Opthalmologist Tested</p><p>$18.49 ($36.98 / Ounce)</p><a href="https://www.amazon.com/dp/B0B3GCCRVH?tag=eloabder-20&linkCode=osi&th=1&psc=1">View Product</a></div><div class="product"><a href="https://www.amazon.com/dp/B00005333I?tag=eloabder-20&linkCode=osi&th=1&psc=1"><img src="https://m.media-amazon.com/images/I/31webfO63dL._SL500_.jpg" alt="Product Image"></a><p>L'Oreal Paris Dermo-Expertise Eye Defense Eye Cream with Caffeine and Hyaluronic Acid 0.5 oz</p><p>$12.27 ($24.54 / Ounce)</p><a href="https://www.amazon.com/dp/B00005333I?tag=eloabder-20&linkCode=osi&th=1&psc=1">View Product</a></div><div class="product"><a href="https://www.amazon.com/dp/B0CZJ8N83D?tag=eloabder-20&linkCode=osi&th=1&psc=1"><img src="https://m.media-amazon.com/images/I/31fQO3OHiML._SL500_.jpg" alt="Product Image"></a><p>PRIME PROMETICS PrimeEyes Hydrate Under Eye Cream for Mature Women – Hydrating Eye Cream for Dark Circles and Wrinkle Repair – Soft, Glowing & Healthy Under Eyes</p><p>$62.00</p><a href="https://www.amazon.com/dp/B0CZJ8N83D?tag=eloabder-20&linkCode=osi&th=1&psc=1">View Product</a></div><div class="product"><a href="https://www.amazon.com/dp/B0009RFB76?tag=eloabder-20&linkCode=osi&th=1&psc=1"><img src="https://m.media-amazon.com/images/I/31M2iQDNDOL._SL500_.jpg" alt="Product Image"></a><p>RoC Retinol Correxion Under Eye Cream for Dark Circles & Puffiness, Daily Wrinkle Cream, Anti Aging Line Smoothing Skin Care Treatment for Women and Men, 0.5 oz (Packaging May Vary)</p><p>$19.77 ($39.54 / Fl Oz)</p><a href="https://www.amazon.com/dp/B0009RFB76?tag=eloabder-20&linkCode=osi&th=1&psc=1">View Product</a></div><div class="product"><a href="https://www.amazon.com/dp/B0D3TG6MN3?tag=eloabder-20&linkCode=osi&th=1&psc=1"><img src="https://m.media-amazon.com/images/I/21-DQIJf5xL._SL500_.jpg" alt="Product Image"></a><p>Dr.Melaxin Eyephalt Eyebag Cream for Puffiness, Dark Circles&Fine Lines | EGF Anti-Aging Under Eye Moisturizer with Niacinamide&Ceramide 0.33 fl.oz.</p><p>$59.00 ($178.79 / Fl Oz)</p><a href="https://www.amazon.com/dp/B0D3TG6MN3?tag=eloabder-20&linkCode=osi&th=1&psc=1">View Product</a></div><div class="product"><a href="https://www.amazon.com/dp/B07CKJRJXB?tag=eloabder-20&linkCode=osi&th=1&psc=1"><img src="https://m.media-amazon.com/images/I/31pJCzbhXrL._SL500_.jpg" alt="Product Image"></a><p>No7 Lift & Luminate Triple Action Eye Cream - Anti-Aging Under Eye Cream for Dark Circles, Puffiness & Wrinkles - Formulated with Vitamin C to Brighten and Refresh Tired Eyes (0.5 Fl Oz)</p><p>$15.99</p><a href="https://www.amazon.com/dp/B07CKJRJXB?tag=eloabder-20&linkCode=osi&th=1&psc=1">View Product</a></div>
<div class="product"><a href="https://www.amazon.com/dp/B0BBSP2JNQ?tag=eloabder-20&linkCode=osi&th=1&psc=1"><img src="https://m.media-amazon.com/images/I/51qb7tiAJgL._SL500_.jpg" alt="Product Image"></a><p>SimplyVital Face Moisturizer Collagen Cream - Anti Aging Neck and Décolleté - Made in USA Day & Night Face Cream - Moisturizing, Lifting & Recovery – 1.7oz</p><p>$22.89 ($13.46 / Fl Oz)</p><a href="https://www.amazon.com/dp/B0BBSP2JNQ?tag=eloabder-20&linkCode=osi&th=1&psc=1">View Product</a></div><div class="product"><a href="https://www.amazon.com/dp/B008EKY8VK?tag=eloabder-20&linkCode=osi&th=1&psc=1"><img src="https://m.media-amazon.com/images/I/419EZkaOOIL._SL500_.jpg" alt="Product Image"></a><p>L'Oreal Paris Revitalift Triple Power Anti-Aging Face Moisturizer, Pro Retinol, Hyaluronic Acid & Vitamin C to Reduce Wrinkles, Firm & Brighten Skin, 1.7 Oz</p><p>$17.86 ($10.51 / Ounce)</p><a href="https://www.amazon.com/dp/B008EKY8VK?tag=eloabder-20&linkCode=osi&th=1&psc=1">View Product</a></div><div class="product"><a href="https://www.amazon.com/dp/B00HNSSPDG?tag=eloabder-20&linkCode=osi&th=1&psc=1"><img src="https://m.media-amazon.com/images/I/41zARcUorbL._SL500_.jpg" alt="Product Image"></a><p>Neutrogena Triple Age Repair Anti-Aging Night Cream with Vitamin C; Fights Wrinkles & Evens Tone, Firming Anti-Wrinkle Face & Neck Cream; Glycerin & Shea Butter, 1.7 oz</p><p>$19.19 ($11.29 / Ounce)</p><a href="https://www.amazon.com/dp/B00HNSSPDG?tag=eloabder-20&linkCode=osi&th=1&psc=1">View Product</a></div><div class="product"><a href="https://www.amazon.com/dp/B0C9H6PD9B?tag=eloabder-20&linkCode=osi&th=1&psc=1"><img src="https://m.media-amazon.com/images/I/51MQp9qtYZL._SL500_.jpg" alt="Product Image"></a><p>Collagen Face Moisturizer with Airless Pump - Collagen Botanical Stem Cells Cream for Skin with Retinol, Niacinamide, Hyaluronic Acid - Anti-Aging Day & Night Cream - Made in USA (1.7 Oz)</p><p>$14.99 ($8.82 / Ounce)</p><a href="https://www.amazon.com/dp/B0C9H6PD9B?tag=eloabder-20&linkCode=osi&th=1&psc=1">View Product</a></div><div class="product"><a href="https://www.amazon.com/dp/B01ES349CY?tag=eloabder-20&linkCode=osi&th=1&psc=1"><img src="https://m.media-amazon.com/images/I/51C9olHbYgL._SL500_.jpg" alt="Product Image"></a><p>LilyAna Naturals Retinol Cream - Made in USA, Anti Aging Moisturizer for Face and Neck,Wrinkle, Retinol Complex - 1.7oz</p><p>$18.16 ($10.68 / Ounce)</p><a href="https://www.amazon.com/dp/B01ES349CY?tag=eloabder-20&linkCode=osi&th=1&psc=1">View Product</a></div><div class="product"><a href="https://www.amazon.com/dp/B00QSHEN0M?tag=eloabder-20&linkCode=osi&th=1&psc=1"><img src="https://m.media-amazon.com/images/I/41XiN2SLyrL._SL500_.jpg" alt="Product Image"></a><p>Burt's Bees Renewal Firming Face Cream, Anti-Aging Retinol Alternative, Moisturizing Natural Origin Skin Care, 1.8 Ounce (Packaging May Vary)</p><p>$9.75 ($5.42 / Ounce)</p><a href="https://www.amazon.com/dp/B00QSHEN0M?tag=eloabder-20&linkCode=osi&th=1&psc=1">View Product</a></div><div class="product"><a href="https://www.amazon.com/dp/B0744JV661?tag=eloabder-20&linkCode=osi&th=1&psc=1"><img src="https://m.media-amazon.com/images/I/41uJ0OhvRuL._SL500_.jpg" alt="Product Image"></a><p>RoC Retinol Correxion Max Daily Hydration Anti-Aging Face Moisturizer with Hyaluronic Acid, Oil Free Skin Care Cream for Fine Lines, Dark Spots, Post-Acne Scars, 1.7 Ounces (Packaging May Vary)</p><p>$21.53 ($12.66 / Ounce)</p><a href="https://www.amazon.com/dp/B0744JV661?tag=eloabder-20&linkCode=osi&th=1&psc=1">View Product</a></div><div class="product"><a href="https://www.amazon.com/dp/B004D2C57M?tag=eloabder-20&linkCode=osi&th=1&psc=1"><img src="https://m.media-amazon.com/images/I/4106jzuxtsL._SL500_.jpg" alt="Product Image"></a><p>Neutrogena Retinol Face Moisturizer, Rapid Wrinkle Repair with SPF 30 Sunscreen, Daily Anti-Aging Face Cream with Retinol & Hyaluronic Acid to Fight Fine Lines, Wrinkles, & Dark Spots, 1 fl. oz</p><p>$17.14</p><a href="https://www.amazon.com/dp/B004D2C57M?tag=eloabder-20&linkCode=osi&th=1&psc=1">View Product</a></div><div class="product"><a href="https://www.amazon.com/dp/B0B5TBVX6C?tag=eloabder-20&linkCode=osi&th=1&psc=1"><img src="https://m.media-amazon.com/images/I/51nRJsctWHL._SL500_.jpg" alt="Product Image"></a><p>Retinol Cream for Face - Facial Moisturizer with Collagen and Hyaluronic Acid, Anti-Wrinkle Reduce Fine Lines Vitamin C+E Natural-Ingredient Day Night Anti-Aging For Women Men</p><p>$14.99 ($8.82 / Fl Oz)</p><a href="https://www.amazon.com/dp/B0B5TBVX6C?tag=eloabder-20&linkCode=osi&th=1&psc=1">View Product</a></div>
<div class="product"><a href="https://www.amazon.com/dp/B00DG8F02Q?tag=eloabder-20&linkCode=osi&th=1&psc=1"><img src="https://m.media-amazon.com/images/I/31+WLRw2Y6L._SL500_.jpg" alt="Product Image"></a><p>NIVEA Shea Nourish Body Lotion, 48-Hour Moisturizing Shea Butter Lotion for Dry Skin with Deep Nourishing Serum, 16.9 Fl Oz Pump Bottle</p><p>$6.29 ($0.37 / Fl Oz)</p><a href="https://www.amazon.com/dp/B00DG8F02Q?tag=eloabder-20&linkCode=osi&th=1&psc=1">View Product</a></div><div class="product"><a href="https://www.amazon.com/dp/B076G2XGY3?tag=eloabder-20&linkCode=osi&th=1&psc=1"><img src="https://m.media-amazon.com/images/I/41jIXvha20L._SL500_.jpg" alt="Product Image"></a><p>NIVEA Essentially Enriched Body Lotion for Dry Skin, Pack of 2, 16.9 Fl Oz Pump Bottles</p><p>$10.98 ($0.32 / Fl Oz)</p><a href="https://www.amazon.com/dp/B076G2XGY3?tag=eloabder-20&linkCode=osi&th=1&psc=1">View Product</a></div><div class="product"><a href="https://www.amazon.com/dp/B00DG8EZKO?tag=eloabder-20&linkCode=osi&th=1&psc=1"><img src="https://m.media-amazon.com/images/I/31DT3ghuyXL._SL500_.jpg" alt="Product Image"></a><p>NIVEA Intense Healing Body Lotion for Dry Skin, 72-Hour Moisturizing Lotion with Deep Nourishing Serum and Provitamin B5, 16.9 Fl Oz Pump Bottle</p><p>$6.29 ($0.37 / Fl Oz)</p><a href="https://www.amazon.com/dp/B00DG8EZKO?tag=eloabder-20&linkCode=osi&th=1&psc=1">View Product</a></div><div class="product"><a href="https://www.amazon.com/dp/B08KT5HM98?tag=eloabder-20&linkCode=osi&th=1&psc=1"><img src="https://m.media-amazon.com/images/I/311EVJ1x7tL._SL500_.jpg" alt="Product Image"></a><p>eos Shea Better Body Lotion- Coconut Waters, 24-Hour Moisture Skin Care, Lightweight & Non-Greasy, Made with Natural Shea, Vegan, 16 fl oz</p><p>$8.98 ($0.56 / Fl Oz)</p><a href="https://www.amazon.com/dp/B08KT5HM98?tag=eloabder-20&linkCode=osi&th=1&psc=1">View Product</a></div><div class="product"><a href="https://www.amazon.com/dp/B0034F9K36?tag=eloabder-20&linkCode=osi&th=1&psc=1"><img src="https://m.media-amazon.com/images/I/319i3EFVPvL._SL500_.jpg" alt="Product Image"></a><p>Jergens Ultra Healing Dry Skin Moisturizer, Body and Hand Lotion for Dry Skin, for Quick Absorption into Extra Dry Skin, with HYDRALUCENCE blend, Vitamins C, E, and B5, 32 Ounce</p><p>$8.17 ($0.26 / Fl Oz)</p><a href="https://www.amazon.com/dp/B0034F9K36?tag=eloabder-20&linkCode=osi&th=1&psc=1">View Product</a></div><div class="product"><a href="https://www.amazon.com/dp/B003JT8PKQ?tag=eloabder-20&linkCode=osi&th=1&psc=1"><img src="https://m.media-amazon.com/images/I/31TFisQDpKL._SL500_.jpg" alt="Product Image"></a><p>Lubriderm Daily Moisture Lotion + Pro-Ceramide with Shea Butter & Glycerin Helps Moisturize Dry Skin, Hydrating Face, Hand & Body Lotion is Lightly Scented & Non-Greasy, 24 fl. oz</p><p>$10.12 ($0.42 / Fl Oz)</p><a href="https://www.amazon.com/dp/B003JT8PKQ?tag=eloabder-20&linkCode=osi&th=1&psc=1">View Product</a></div><div class="product"><a href="https://www.amazon.com/dp/B07RK4HST7?tag=eloabder-20&linkCode=osi&th=1&psc=1"><img src="https://m.media-amazon.com/images/I/412DGoW35mL._SL500_.jpg" alt="Product Image"></a><p>CeraVe Daily Moisturizing Lotion for Dry Skin | Body Lotion & Face Moisturizer with Hyaluronic Acid and Ceramides | Daily Moisturizer | Fragrance Free | Oil-Free | 19 Ounce</p><p>$18.50 ($0.97 / Fl Oz)</p><a href="https://www.amazon.com/dp/B07RK4HST7?tag=eloabder-20&linkCode=osi&th=1&psc=1">View Product</a></div><div class="product"><a href="https://www.amazon.com/dp/B0D484X4RL?tag=eloabder-20&linkCode=osi&th=1&psc=1"><img src="https://m.media-amazon.com/images/I/31rZLOx+KEL._SL500_.jpg" alt="Product Image"></a><p>Native Body Lotion Contains Naturally Derived Plant-Based Moisturizers for Women and Men | Restores Dry Skin, Coconut & Vanilla, 16.5 fl oz</p><p>$13.97 ($0.85 / Fl Oz)</p><a href="https://www.amazon.com/dp/B0D484X4RL?tag=eloabder-20&linkCode=osi&th=1&psc=1">View Product</a></div><div class="product"><a href="https://www.amazon.com/dp/B073CXZ8KR?tag=eloabder-20&linkCode=osi&th=1&psc=1"><img src="https://m.media-amazon.com/images/I/31r1ImnqoOL._SL500_.jpg" alt="Product Image"></a><p>Nivea Oil Infused Cherry Blossom and Jojoba Oil Body Lotion, Non-Greasy Cherry Blossom Scented Lotion Moisturizes for 24+ Hours, 16.9 Fl Oz Pump Bottle</p><p>$6.29 ($0.37 / Fl Oz)</p><a href="https://www.amazon.com/dp/B073CXZ8KR?tag=eloabder-20&linkCode=osi&th=1&psc=1">View Product</a></div><div class="product"><a href="https://www.amazon.com/dp/B09HHBKK15?tag=eloabder-20&linkCode=osi&th=1&psc=1"><img src="https://m.media-amazon.com/images/I/31gFI+hSGmL._SL500_.jpg" alt="Product Image"></a><p>Amazon Basics Cocoa Butter Body Lotion, Lightly scented, 20.3 fl oz</p><p>$4.89 ($0.24 / Fl Oz)</p><a href="https://www.amazon.com/dp/B09HHBKK15?tag=eloabder-20&linkCode=osi&th=1&psc=1">View Product</a></div>
<div class="product"><a href="https://www.amazon.com/dp/B0BVBZPX9B?tag=eloabder-20&linkCode=osi&th=1&psc=1"><img src="https://m.media-amazon.com/images/I/61Y09jlKZkL._SL500_.jpg" alt="Product Image"></a><p>Dove Deep Moisture Body Wash 30.6 Fl Oz Pack of 3 with Pump, Luxurious Hydration for Dry Skin, Cleanser with 24hr Renewing MicroMoisture</p><p>$23.22 ($0.25 / Fl Oz)</p><a href="https://www.amazon.com/dp/B0BVBZPX9B?tag=eloabder-20&linkCode=osi&th=1&psc=1">View Product</a></div><div class="product"><a href="https://www.amazon.com/dp/B0BT1VXDGD?tag=eloabder-20&linkCode=osi&th=1&psc=1"><img src="https://m.media-amazon.com/images/I/217eAv7yKyL._SL500_.jpg" alt="Product Image"></a><p>Method Body Wash, Pure Peace, Paraben and Phthalate Free, Biodegradable Formula, 28 oz (Pack of 1)</p><p>$11.48 ($0.41 / Fl Oz)</p><a href="https://www.amazon.com/dp/B0BT1VXDGD?tag=eloabder-20&linkCode=osi&th=1&psc=1">View Product</a></div><div class="product"><a href="https://www.amazon.com/dp/B0BVBYQGTW?tag=eloabder-20&linkCode=osi&th=1&psc=1"><img src="https://m.media-amazon.com/images/I/61En44WjwPL._SL500_.jpg" alt="Product Image"></a><p>Dove Body Wash with Pump Sensitive Skin 3 Count Hypoallergenic, Paraben-Free, Sulfate-Free, Cruelty-Free, Moisturizing Skin Cleanser Effectively Washes Away Bacteria While Nourishing Skin 30.6 oz</p><p>$23.22 ($0.25 / Fl Oz)</p><a href="https://www.amazon.com/dp/B0BVBYQGTW?tag=eloabder-20&linkCode=osi&th=1&psc=1">View Product</a></div><div class="product"><a href="https://www.amazon.com/dp/B0CGY5BLBW?tag=eloabder-20&linkCode=osi&th=1&psc=1"><img src="https://m.media-amazon.com/images/I/61X7MjVU6uL._SL500_.jpg" alt="Product Image"></a><p>Dove Exfoliating Body Wash Glow Recharge Energizes & illuminates skin 3% brightening serum with vitamin C 18.5 oz</p><p>$9.79 ($0.53 / Fl Oz)</p><a href="https://www.amazon.com/dp/B0CGY5BLBW?tag=eloabder-20&linkCode=osi&th=1&psc=1">View Product</a></div><div class="product"><a href="https://www.amazon.com/dp/B082QB23YG?tag=eloabder-20&linkCode=osi&th=1&psc=1"><img src="https://m.media-amazon.com/images/I/31QPAuuaLwL._SL500_.jpg" alt="Product Image"></a><p>NIVEA Refreshing White Peach and Jasmine Body Wash, Scented Body Wash with Nourishing Serum, Plant-Derived Oils, Essential Skin Lipids and Vitamins, 20 Fl Oz Bottle</p><p>$4.89 ($0.24 / Fl Oz)</p><a href="https://www.amazon.com/dp/B082QB23YG?tag=eloabder-20&linkCode=osi&th=1&psc=1">View Product</a></div><div class="product"><a href="https://www.amazon.com/dp/B0BHH1LBX2?tag=eloabder-20&linkCode=osi&th=1&psc=1"><img src="https://m.media-amazon.com/images/I/41aG-jLyOqL._SL500_.jpg" alt="Product Image"></a><p>Olay Ultra Rich Moisture Body Wash for Women, Deeply Nourishes, Vitamin B3 Complex, Clinically Proven, Shea Butter Scent, 22 fl oz (Pack of 4)</p><p>$27.96 ($0.32 / Fl Oz)</p><a href="https://www.amazon.com/dp/B0BHH1LBX2?tag=eloabder-20&linkCode=osi&th=1&psc=1">View Product</a></div><div class="product"><a href="https://www.amazon.com/dp/B07FD24RTR?tag=eloabder-20&linkCode=osi&th=1&psc=1"><img src="https://m.media-amazon.com/images/I/31klAgInvXL._SL500_.jpg" alt="Product Image"></a><p>Aveeno Stress Relief Body Wash with Soothing Oat for Sensitive Skin, Lavender Body Wash to help you feel Calm and Relaxed, Sulfate-Free, 33 FL OZ</p><p>$13.48 ($0.41 / Fl Oz)</p><a href="https://www.amazon.com/dp/B07FD24RTR?tag=eloabder-20&linkCode=osi&th=1&psc=1">View Product</a></div><div class="product"><a href="https://www.amazon.com/dp/B082QC2MCX?tag=eloabder-20&linkCode=osi&th=1&psc=1"><img src="https://m.media-amazon.com/images/I/31ohT5XH1TS._SL500_.jpg" alt="Product Image"></a><p>NIVEA Shea Butter Nourishing Body Wash, Moisturizing Body Wash with Nourishing Serum, Plant-Derived Oils, Essential Skin Lipids and Vitamins, 20 Fl Oz Bottle</p><p>$5.29 ($0.26 / Fl Oz)</p><a href="https://www.amazon.com/dp/B082QC2MCX?tag=eloabder-20&linkCode=osi&th=1&psc=1">View Product</a></div><div class="product"><a href="https://www.amazon.com/dp/B0BVBYDTZ6?tag=eloabder-20&linkCode=osi&th=1&psc=1"><img src="https://m.media-amazon.com/images/I/61UbJzK8yIL._SL500_.jpg" alt="Product Image"></a><p>Dove Body Wash with Pump Refreshing Cucumber and Green Tea 3 Count Refreshes Skin Cleanser That Effectively Washes Away Bacteria While Nourishing Your Skin 30.6 oz</p><p>$29.91 ($0.33 / Fl Oz)</p><a href="https://www.amazon.com/dp/B0BVBYDTZ6?tag=eloabder-20&linkCode=osi&th=1&psc=1">View Product</a></div><div class="product"><a href="https://www.amazon.com/dp/B082QBPDJC?tag=eloabder-20&linkCode=osi&th=1&psc=1"><img src="https://m.media-amazon.com/images/I/31tC4JDwHQL._SL500_.jpg" alt="Product Image"></a><p>NIVEA Coconut and Almond Milk Pampering Body Wash, Moisturizing Body Wash with Nourishing Serum, Plant-Derived Oils, Essential Skin Lipids and Vitamins, 20 Fl Oz Bottle</p><p>$4.99 ($0.25 / Fl Oz)</p><a href="https://www.amazon.com/dp/B082QBPDJC?tag=eloabder-20&linkCode=osi&th=1&psc=1">View Product</a></div>
<div class="product"><a href="https://www.amazon.com/dp/B07N7MWX72?tag=eloabder-20&linkCode=osi&th=1&psc=1"><img src="https://m.media-amazon.com/images/I/414aNTDFuRL._SL500_.jpg" alt="Product Image"></a><p>Mielle Organics Rosemary Mint Strengthening Shampoo Infused with Biotin, Cleanses and Helps Strengthen Weak and Brittle Hair, 12 Ounces</p><p>$9.97 ($0.83 / Fl Oz)</p><a href="https://www.amazon.com/dp/B07N7MWX72?tag=eloabder-20&linkCode=osi&th=1&psc=1">View Product</a></div><div class="product"><a href="https://www.amazon.com/dp/B01N97PCBH?tag=eloabder-20&linkCode=osi&th=1&psc=1"><img src="https://m.media-amazon.com/images/I/41KYNMCTIPL._SL500_.jpg" alt="Product Image"></a><p>Garnier Fructis Pure Clean Purifying Shampoo, Silicone-Free, 12.5 Fl Oz, 1 Count (Packaging May Vary)</p><p>$3.97 ($0.32 / Fl Oz)</p><a href="https://www.amazon.com/dp/B01N97PCBH?tag=eloabder-20&linkCode=osi&th=1&psc=1">View Product</a></div><div class="product"><a href="https://www.amazon.com/dp/B07D37PQGL?tag=eloabder-20&linkCode=osi&th=1&psc=1"><img src="https://m.media-amazon.com/images/I/31+tZhs5TNL._SL500_.jpg" alt="Product Image"></a><p>Olaplex No. 4 Bond Maintenance Shampoo, Repairs, Strengthens, & Nourishes All Hair Types, Adds Shine & Leaves Hair Feeling Soft, 8.5 fl oz</p><p>$30.00 ($3.53 / Fl Oz)</p><a href="https://www.amazon.com/dp/B07D37PQGL?tag=eloabder-20&linkCode=osi&th=1&psc=1">View Product</a></div><div class="product"><a href="https://www.amazon.com/dp/B084LHV2M1?tag=eloabder-20&linkCode=osi&th=1&psc=1"><img src="https://m.media-amazon.com/images/I/4174ry43L0L._SL500_.jpg" alt="Product Image"></a><p>Herbal Essences Hello hydration shampoo shampooing for hair 29.2 FL OZ</p><p>$7.97 ($0.27 / Fl Oz)</p><a href="https://www.amazon.com/dp/B084LHV2M1?tag=eloabder-20&linkCode=osi&th=1&psc=1">View Product</a></div><div class="product"><a href="https://www.amazon.com/dp/B08SSM21R4?tag=eloabder-20&linkCode=osi&th=1&psc=1"><img src="https://m.media-amazon.com/images/I/31WbRm+ZKEL._SL500_.jpg" alt="Product Image"></a><p>Redken All Soft Shampoo | Deeply Moisturizes and Hydrates | Softens, Smooths, and Adds Shine | Safe for Color-Treated Hair | Nourishing Shampoo for Dry Hair | With Argan Oil</p><p>$26.00 ($2.57 / Fl Oz)</p><a href="https://www.amazon.com/dp/B08SSM21R4?tag=eloabder-20&linkCode=osi&th=1&psc=1">View Product</a></div><div class="product"><a href="https://www.amazon.com/dp/B0D4SBLLRJ?tag=eloabder-20&linkCode=osi&th=1&psc=1"><img src="https://m.media-amazon.com/images/I/41uWwx+mKwL._SL500_.jpg" alt="Product Image"></a><p>Olaplex Wash and Shine Kit</p><p>$57.00</p><a href="https://www.amazon.com/dp/B0D4SBLLRJ?tag=eloabder-20&linkCode=osi&th=1&psc=1">View Product</a></div><div class="product"><a href="https://www.amazon.com/dp/B086S4Q7JH?tag=eloabder-20&linkCode=osi&th=1&psc=1"><img src="https://m.media-amazon.com/images/I/51i3YLQncNL._SL500_.jpg" alt="Product Image"></a><p>Herbal Essences Shampoo and Conditioner Set, Vitamin E, Rose Hips and Jojoba Extract, Smooth Collection, Bundle</p><p>$13.81 ($0.24 / Fl Oz)</p><a href="https://www.amazon.com/dp/B086S4Q7JH?tag=eloabder-20&linkCode=osi&th=1&psc=1">View Product</a></div><div class="product"><a href="https://www.amazon.com/dp/B01ENCBOA0?tag=eloabder-20&linkCode=osi&th=1&psc=1"><img src="https://m.media-amazon.com/images/I/41wcbs9bSAL._SL500_.jpg" alt="Product Image"></a><p>Rosemary and Biotin Shampoo for Thinning Hair - Vegan Volumizing Shampoo for Fine Hair with Argan and Tea Tree Oil - Paraben Silicone and Sulfate Free Shampoo for Dry Damaged Weak and Thin Hair Care</p><p>$12.95 ($1.62 / Fl Oz)</p><a href="https://www.amazon.com/dp/B01ENCBOA0?tag=eloabder-20&linkCode=osi&th=1&psc=1">View Product</a></div><div class="product"><a href="https://www.amazon.com/dp/B07NQ69L7P?tag=eloabder-20&linkCode=osi&th=1&psc=1"><img src="https://m.media-amazon.com/images/I/51c83KZZLJL._SL500_.jpg" alt="Product Image"></a><p>Herbal Essences Argan Oil of Morocco Shampoo & Conditioner Set, Repair & Smooth, Kew Endorsed, Fizzy Citrus Scent, Paraben-Free, Safe for Color-Treated Hair, pH-Balanced, 20.2 Fl Oz Each, 2 Pack</p><p>$24.99</p><a href="https://www.amazon.com/dp/B07NQ69L7P?tag=eloabder-20&linkCode=osi&th=1&psc=1">View Product</a></div>
<div class="product"><a href="https://www.amazon.com/dp/B0891BBRHW?tag=eloabder-20&linkCode=osi&th=1&psc=1"><img src="https://m.media-amazon.com/images/I/31ndDwe7VSL._SL500_.jpg" alt="Product Image"></a><p>Pureology Hydrate Moisturizing Conditioner | Softens and Deeply Hydrates Dry Hair | For Medium to Thick Color Treated or Natural Hair | Sulfate Free Conditioner | Vegan</p><p>$37.00 ($4.11 / Fl Oz)</p><a href="https://www.amazon.com/dp/B0891BBRHW?tag=eloabder-20&linkCode=osi&th=1&psc=1">View Product</a></div><div class="product"><a href="https://www.amazon.com/dp/B07D37SBHF?tag=eloabder-20&linkCode=osi&th=1&psc=1"><img src="https://m.media-amazon.com/images/I/31ivDW-ouZL._SL500_.jpg" alt="Product Image"></a><p>Olaplex No. 5 Bond Maintenance Conditioner, Repairs, Strengthens, & Nourishes All Hair Types, Leaving Hair Feeling Soft & Adds Shine, 8.5 fl oz"</p><p>$30.00 ($3.53 / Fl Oz)</p><a href="https://www.amazon.com/dp/B07D37SBHF?tag=eloabder-20&linkCode=osi&th=1&psc=1">View Product</a></div><div class="product"><a href="https://www.amazon.com/dp/B07CLD17F5?tag=eloabder-20&linkCode=osi&th=1&psc=1"><img src="https://m.media-amazon.com/images/I/61hTHQjDOkL._SL500_.jpg" alt="Product Image"></a><p>Dove Ultra Care Conditioner Coconut & Hydration for Dry Hair Conditioner with Coconut Oil, Jojoba Oil & Sweet Almond Oil 25.4 oz</p><p>$7.49 ($0.29 / Fl Oz)</p><a href="https://www.amazon.com/dp/B07CLD17F5?tag=eloabder-20&linkCode=osi&th=1&psc=1">View Product</a></div><div class="product"><a href="https://www.amazon.com/dp/B0752CBW5T?tag=eloabder-20&linkCode=osi&th=1&psc=1"><img src="https://m.media-amazon.com/images/I/31-KMa7LAlS._SL500_.jpg" alt="Product Image"></a><p>L'Oreal Paris Elvive Total Repair 5 Repairing Conditioner for Damaged Hair Conditioner with Protein and Ceramide for Strong Silky Shiny Healthy Renewed Hair 28 Fl Oz</p><p>$8.49 ($0.30 / Fl Oz)</p><a href="https://www.amazon.com/dp/B0752CBW5T?tag=eloabder-20&linkCode=osi&th=1&psc=1">View Product</a></div><div class="product"><a href="https://www.amazon.com/dp/B00L01DEII?tag=eloabder-20&linkCode=osi&th=1&psc=1"><img src="https://m.media-amazon.com/images/I/31EJqWmmSNL._SL500_.jpg" alt="Product Image"></a><p>Biolage Ultra Hydra Source Conditioning Balm | Deep Hydrating Conditioner | Renews Hair's Moisture | For Very Dry Hair | Silicone-Free | Vegan | Salon Conditioner | 33.8 Fl. Oz</p><p>$42.00 ($1.24 / Fl Oz)</p><a href="https://www.amazon.com/dp/B00L01DEII?tag=eloabder-20&linkCode=osi&th=1&psc=1">View Product</a></div><div class="product"><a href="https://www.amazon.com/dp/B08SSCQH77?tag=eloabder-20&linkCode=osi&th=1&psc=1"><img src="https://m.media-amazon.com/images/I/31P8RgJeqwL._SL500_.jpg" alt="Product Image"></a><p>Redken All Soft Conditioner | For Dry / Brittle Hair | Moisturizes & Provides Intense Softness | With Argan Oil | 10.1 Fl Oz</p><p>$26.00 ($2.57 / Fl Oz)</p><a href="https://www.amazon.com/dp/B08SSCQH77?tag=eloabder-20&linkCode=osi&th=1&psc=1">View Product</a></div><div class="product"><a href="https://www.amazon.com/dp/B074VLNPSG?tag=eloabder-20&linkCode=osi&th=1&psc=1"><img src="https://m.media-amazon.com/images/I/319FOowuSkL._SL500_.jpg" alt="Product Image"></a><p>Garnier Fructis Grow Strong Conditioner, 33.8 Fl Oz, 1 Count (Packaging May Vary)</p><p>$8.49 ($0.25 / Fl Oz)</p><a href="https://www.amazon.com/dp/B074VLNPSG?tag=eloabder-20&linkCode=osi&th=1&psc=1">View Product</a></div><div class="product"><a href="https://www.amazon.com/dp/B00JAI4FGI?tag=eloabder-20&linkCode=osi&th=1&psc=1"><img src="https://m.media-amazon.com/images/I/212rXWGPu1L._SL500_.jpg" alt="Product Image"></a><p>Biolage Color Last Conditioner | Helps Protect Hair & Maintain Vibrant Color | For Color-Treated and Natural Hair | Paraben & Silicone-Free | Vegan | Cruelty Free | Color Protecting Salon Conditioner</p><p>$24.00 ($1.78 / Fl Oz)</p><a href="https://www.amazon.com/dp/B00JAI4FGI?tag=eloabder-20&linkCode=osi&th=1&psc=1">View Product</a></div>
<div class="product"><a href="https://www.amazon.com/dp/B00I32AN4K?tag=eloabder-20&linkCode=osi&th=1&psc=1"><img src="https://m.media-amazon.com/images/I/51KpmxinYYL._SL500_.jpg" alt="Product Image"></a><p>Arvazallia Hydrating Argan Oil Hair Mask and Deep Conditioner for Dry or Damaged Hair - 8.45 Oz</p><p>$12.95 ($1.53 / Fl Oz)</p><a href="https://www.amazon.com/dp/B00I32AN4K?tag=eloabder-20&linkCode=osi&th=1&psc=1">View Product</a></div><div class="product"><a href="https://www.amazon.com/dp/B07H3GBSC3?tag=eloabder-20&linkCode=osi&th=1&psc=1"><img src="https://m.media-amazon.com/images/I/41I862UzKRL._SL500_.jpg" alt="Product Image"></a><p>amika soulfood nourishing Mask, 8 Fl oz</p><p>$34.00 ($4.25 / Fl Oz)</p><a href="https://www.amazon.com/dp/B07H3GBSC3?tag=eloabder-20&linkCode=osi&th=1&psc=1">View Product</a></div><div class="product"><a href="https://www.amazon.com/dp/B075L6BL61?tag=eloabder-20&linkCode=osi&th=1&psc=1"><img src="https://m.media-amazon.com/images/I/41zCFV7oGTL._SL500_.jpg" alt="Product Image"></a><p>Karseell Collagen Hair Treatment Deep Repair Conditioning Argan Oil Collagen Hair Mask Essence for Dry Damaged Hair All Hair Types 16.90 oz 500ml</p><p>$23.33 ($1.38 / Fl Oz)</p><a href="https://www.amazon.com/dp/B075L6BL61?tag=eloabder-20&linkCode=osi&th=1&psc=1">View Product</a></div><div class="product"><a href="https://www.amazon.com/dp/B0BQ54DQNM?tag=eloabder-20&linkCode=osi&th=1&psc=1"><img src="https://m.media-amazon.com/images/I/41uhtWPJeuL._SL500_.jpg" alt="Product Image"></a><p>Eva NYC Therapy Session Hair Mask, Deep Conditioning Hair Mask Infused with Argan Oil and Plant Protein, 16.9 fl oz</p><p>$19.00 ($1.12 / Fl Oz)</p><a href="https://www.amazon.com/dp/B0BQ54DQNM?tag=eloabder-20&linkCode=osi&th=1&psc=1">View Product</a></div><div class="product"><a href="https://www.amazon.com/dp/B01I2ZQJSG?tag=eloabder-20&linkCode=osi&th=1&psc=1"><img src="https://m.media-amazon.com/images/I/41ctrFUeQAL._SL500_.jpg" alt="Product Image"></a><p>Elizavecca cer-100 collagen coating hair protein treatment 100ml</p><p>$7.40 ($2.19 / Fl Oz)</p><a href="https://www.amazon.com/dp/B01I2ZQJSG?tag=eloabder-20&linkCode=osi&th=1&psc=1">View Product</a></div><div class="product"><a href="https://www.amazon.com/dp/B07N7NBYSP?tag=eloabder-20&linkCode=osi&th=1&psc=1"><img src="https://m.media-amazon.com/images/I/515lD0OXQ+L._SL500_.jpg" alt="Product Image"></a><p>Mielle Organics Rosemary Mint Strengthening Hair Masque, Essential Oil & Biotin Deep Treatment, Miracle Repair for Dry, Damaged, & Frizzy Hair, 12 Ounces</p><p>$9.97 ($0.83 / Ounce)</p><a href="https://www.amazon.com/dp/B07N7NBYSP?tag=eloabder-20&linkCode=osi&th=1&psc=1">View Product</a></div><div class="product"><a href="https://www.amazon.com/dp/B002N5MKMG?tag=eloabder-20&linkCode=osi&th=1&psc=1"><img src="https://m.media-amazon.com/images/I/41NxqnExYnL._SL500_.jpg" alt="Product Image"></a><p>Moroccanoil Intense Hydrating Mask, 8.5 Fl. Oz.</p><p>$42.00 ($4.94 / Fl Oz)</p><a href="https://www.amazon.com/dp/B002N5MKMG?tag=eloabder-20&linkCode=osi&th=1&psc=1">View Product</a></div><div class="product"><a href="https://www.amazon.com/dp/B07M7PP9KX?tag=eloabder-20&linkCode=osi&th=1&psc=1"><img src="https://m.media-amazon.com/images/I/41Mpv3wIxEL._SL500_.jpg" alt="Product Image"></a><p>Marc Anthony Grow Long Hair Anti-Breakage Mask, 10.4 OZ</p><p>$8.99 ($0.90 / Fl Oz)</p><a href="https://www.amazon.com/dp/B07M7PP9KX?tag=eloabder-20&linkCode=osi&th=1&psc=1">View Product</a></div><div class="product"><a href="https://www.amazon.com/dp/B09HR5KSR8?tag=eloabder-20&linkCode=osi&th=1&psc=1"><img src="https://m.media-amazon.com/images/I/51aIw6AhsXL._SL500_.jpg" alt="Product Image"></a><p>K18 Mini Leave-In Molecular Hair Mask, Repairs Dry or Damaged Hair, Reverse Hair Damage from Bleach, Color, Chemical Services & Heat, 0.51 Fl Oz</p><p>$29.00 ($56.86 / Fl Oz)</p><a href="https://www.amazon.com/dp/B09HR5KSR8?tag=eloabder-20&linkCode=osi&th=1&psc=1">View Product</a></div>
<div class="product"><a href="https://www.amazon.com/dp/B004J1MNII?tag=eloabder-20&linkCode=osi&th=1&psc=1"><img src="https://m.media-amazon.com/images/I/31nFgivW0gL._SL500_.jpg" alt="Product Image"></a><p>Moroccanoil Hydrating Styling Cream, Travel Size, 2.53 Fl Oz</p><p>$16.00 ($6.40 / Fl Oz)</p><a href="https://www.amazon.com/dp/B004J1MNII?tag=eloabder-20&linkCode=osi&th=1&psc=1">View Product</a></div><div class="product"><a href="https://www.amazon.com/dp/B00G187CP6?tag=eloabder-20&linkCode=osi&th=1&psc=1"><img src="https://m.media-amazon.com/images/I/31belqXvyyL._SL500_.jpg" alt="Product Image"></a><p>COLOR WOW One Minute Transformation – Instant frizz fix| Nourishing styling cream smooths, tames + defrizzes on the spot| Avocado oil + Omega 3’s hydrate, repair for silkier, smoother texture</p><p>$24.00</p><a href="https://www.amazon.com/dp/B00G187CP6?tag=eloabder-20&linkCode=osi&th=1&psc=1">View Product</a></div><div class="product"><a href="https://www.amazon.com/dp/B073CWSQ51?tag=eloabder-20&linkCode=osi&th=1&psc=1"><img src="https://m.media-amazon.com/images/I/41lIHxirIkL._SL500_.jpg" alt="Product Image"></a><p>COLOR WOW Dream Coat Supernatural Spray, 6.7 Fl Oz – Keep Your Hair Frizz-Free and Shiny No Matter the Weather with Award-Winning Anti-Humidity Treatment</p><p>$28.00 ($4.18 / Fl Oz)</p><a href="https://www.amazon.com/dp/B073CWSQ51?tag=eloabder-20&linkCode=osi&th=1&psc=1">View Product</a></div><div class="product"><a href="https://www.amazon.com/dp/B075RGHQVF?tag=eloabder-20&linkCode=osi&th=1&psc=1"><img src="https://m.media-amazon.com/images/I/21TgD3HaqbL._SL500_.jpg" alt="Product Image"></a><p>American Crew Men's Fiber Cream, Like Hair Gel with Medium Hold & Natural Shine, 3.3 Fl Oz</p><p>$9.94 ($3.01 / Ounce)</p><a href="https://www.amazon.com/dp/B075RGHQVF?tag=eloabder-20&linkCode=osi&th=1&psc=1">View Product</a></div><div class="product"><a href="https://www.amazon.com/dp/B0BLWTQ7JC?tag=eloabder-20&linkCode=osi&th=1&psc=1"><img src="https://m.media-amazon.com/images/I/31jMkcol7VL._SL500_.jpg" alt="Product Image"></a><p>DAE Cactus Fruit 3-In-1 Styling Cream - Smooth Styles, Prep Shiny Blowouts, Defines Curls (5 oz.)</p><p>$30.00 ($6.00 / Ounce)</p><a href="https://www.amazon.com/dp/B0BLWTQ7JC?tag=eloabder-20&linkCode=osi&th=1&psc=1">View Product</a></div><div class="product"><a href="https://www.amazon.com/dp/B00H3DOSPU?tag=eloabder-20&linkCode=osi&th=1&psc=1"><img src="https://m.media-amazon.com/images/I/317clPmAyiL._SL500_.jpg" alt="Product Image"></a><p>Biolage Styling Gelée | Firm Hold That Adds Body, Shine & Control | For All Hair Types | Paraben-Free | Vegan | 16.9 fl. oz. | 16.9 Fl. Oz</p><p>$24.00 ($1.42 / Fl Oz)</p><a href="https://www.amazon.com/dp/B00H3DOSPU?tag=eloabder-20&linkCode=osi&th=1&psc=1">View Product</a></div><div class="product"><a href="https://www.amazon.com/dp/B08SNSSTPZ?tag=eloabder-20&linkCode=osi&th=1&psc=1"><img src="https://m.media-amazon.com/images/I/31KrkpMat6L._SL500_.jpg" alt="Product Image"></a><p>L3 Level 3 Styling Powder - Natural Look Mens Powder - Easy to Apply with No Oil or Greasy Residue (Small - 30 Grams)</p><p>$9.99 ($9.51 / Fl Oz)</p><a href="https://www.amazon.com/dp/B08SNSSTPZ?tag=eloabder-20&linkCode=osi&th=1&psc=1">View Product</a></div><div class="product"><a href="https://www.amazon.com/dp/B09MZS3D3K?tag=eloabder-20&linkCode=osi&th=1&psc=1"><img src="https://m.media-amazon.com/images/I/31CADZzpR7L._SL500_.jpg" alt="Product Image"></a><p>Marc Anthony Biotin Styling Hair Cream, Instantly Thick - Biotin & Vitamin E Hair Thickening Cream, Lightweight Hold for Thicker & Fuller Hair - Volumizing Hair Product for Thin, Flat Hair</p><p>$8.99 ($1.82 / Ounce)</p><a href="https://www.amazon.com/dp/B09MZS3D3K?tag=eloabder-20&linkCode=osi&th=1&psc=1">View Product</a></div><div class="product"><a href="https://www.amazon.com/dp/B0009OMNQQ?tag=eloabder-20&linkCode=osi&th=1&psc=1"><img src="https://m.media-amazon.com/images/I/21BMUFOie3L._SL500_.jpg" alt="Product Image"></a><p>Paul Mitchell Extra-Body Sculpting Foam, Thickens + Builds Body, For Fine Hair, 6.7 oz.</p><p>$16.50 ($2.46 / Fl Oz)</p><a href="https://www.amazon.com/dp/B0009OMNQQ?tag=eloabder-20&linkCode=osi&th=1&psc=1">View Product</a></div>
<div class="product"><a href="https://www.amazon.com/dp/B09LXMXSMN?tag=eloabder-20&linkCode=osi&th=1&psc=1"><img src="https://m.media-amazon.com/images/I/51Sly6w-y7L._SL500_.jpg" alt="Product Image"></a><p>Revlon ColorSilk Beautiful Color Permanent Hair Color, Long-Lasting High-Definition Color, Shine & Silky Softness with 100% Gray Coverage, Ammonia Free, 41 Medium Brown, 3 Pack</p><p>$11.91 ($0.90 / Fl Oz)</p><a href="https://www.amazon.com/dp/B09LXMXSMN?tag=eloabder-20&linkCode=osi&th=1&psc=1">View Product</a></div><div class="product"><a href="https://www.amazon.com/dp/B004INIW1Y?tag=eloabder-20&linkCode=osi&th=1&psc=1"><img src="https://m.media-amazon.com/images/I/51QXVxOgEkL._SL500_.jpg" alt="Product Image"></a><p>L'Oreal Paris Excellence Creme Permanent Hair Color, 4 Dark Brown, 100 percent Gray Coverage Hair Dye, Pack of 1</p><p>$10.97</p><a href="https://www.amazon.com/dp/B004INIW1Y?tag=eloabder-20&linkCode=osi&th=1&psc=1">View Product</a></div><div class="product"><a href="https://www.amazon.com/dp/B00TUM6QUC?tag=eloabder-20&linkCode=osi&th=1&psc=1"><img src="https://m.media-amazon.com/images/I/511vRRkzayL._SL500_.jpg" alt="Product Image"></a><p>Schwarzkopf Keratin Color Permanent Hair Color, 6.0 Delicate Praline, 1 Application - Salon Inspired Permanent Hair Dye, for up to 80% Less Breakage vs Untreated Hair and up to 100% Gray Coverage</p><p>$11.97</p><a href="https://www.amazon.com/dp/B00TUM6QUC?tag=eloabder-20&linkCode=osi&th=1&psc=1">View Product</a></div><div class="product"><a href="https://www.amazon.com/dp/B00006JN4M?tag=eloabder-20&linkCode=osi&th=1&psc=1"><img src="https://m.media-amazon.com/images/I/41YBT6aEgWL._SL500_.jpg" alt="Product Image"></a><p>L'Oreal Paris Superior Preference Fade-Defying + Shine Permanent Hair Color, 6 Light Brown, Pack of 1, Hair Dye</p><p>$11.97</p><a href="https://www.amazon.com/dp/B00006JN4M?tag=eloabder-20&linkCode=osi&th=1&psc=1">View Product</a></div><div class="product"><a href="https://www.amazon.com/dp/B07HXH48TF?tag=eloabder-20&linkCode=osi&th=1&psc=1"><img src="https://m.media-amazon.com/images/I/51VP1hHWq9L._SL500_.jpg" alt="Product Image"></a><p>Garnier Hair Color Nutrisse Nourishing Creme, 50 Medium Natural Brown (Truffle) Permanent Hair Dye, 2 Count (Packaging May Vary)</p><p>$16.98 ($8.49 / Count)</p><a href="https://www.amazon.com/dp/B07HXH48TF?tag=eloabder-20&linkCode=osi&th=1&psc=1">View Product</a></div><div class="product"><a href="https://www.amazon.com/dp/B001UMV18M?tag=eloabder-20&linkCode=osi&th=1&psc=1"><img src="https://m.media-amazon.com/images/I/51h21IlxAhL._SL500_.jpg" alt="Product Image"></a><p>Garnier Hair Color Nutrisse Nourishing Creme, 415 Soft Mahogany Brown (Raspberry Truffle) Permanent Hair Dye, 1 Count (Packaging May Vary)</p><p>$8.47</p><a href="https://www.amazon.com/dp/B001UMV18M?tag=eloabder-20&linkCode=osi&th=1&psc=1">View Product</a></div><div class="product"><a href="https://www.amazon.com/dp/B0B3KWJ242?tag=eloabder-20&linkCode=osi&th=1&psc=1"><img src="https://m.media-amazon.com/images/I/41fqsQmb0VL._SL500_.jpg" alt="Product Image"></a><p>COLORCHARM Demi Permanent Hair Color, 3N Medium Neutral Brown 2 oz</p><p>$9.99 ($5.00 / Fl Oz)</p><a href="https://www.amazon.com/dp/B0B3KWJ242?tag=eloabder-20&linkCode=osi&th=1&psc=1">View Product</a></div>
<div class="product"><a href="https://www.amazon.com/dp/B01ACPW1SG?tag=eloabder-20&linkCode=osi&th=1&psc=1"><img src="https://m.media-amazon.com/images/I/41aIRzbHxNL._SL500_.jpg" alt="Product Image"></a><p>CoverGirl & Olay Simply Ageless 3-in-1 Liquid Foundation, Matte Finish, Hyaluronic & Vitamin C Formula, Cruelty Free, Classic Ivory, 1 Count</p><p>$10.49</p><a href="https://www.amazon.com/dp/B01ACPW1SG?tag=eloabder-20&linkCode=osi&th=1&psc=1">View Product</a></div><div class="product"><a href="https://www.amazon.com/dp/B07MWSP8SG?tag=eloabder-20&linkCode=osi&th=1&psc=1"><img src="https://m.media-amazon.com/images/I/31B37fmqI7L._SL500_.jpg" alt="Product Image"></a><p>e.l.f. Flawless Finish Foundation, Improves Uneven Skin Tone, Lightweight, Medium Coverage & Semi-Matte, Vegan & Cruelty-Free, Beige 0.67 Fl Oz</p><p>$6.00</p><a href="https://www.amazon.com/dp/B07MWSP8SG?tag=eloabder-20&linkCode=osi&th=1&psc=1">View Product</a></div><div class="product"><a href="https://www.amazon.com/dp/B00PFCSUNC?tag=eloabder-20&linkCode=osi&th=1&psc=1"><img src="https://m.media-amazon.com/images/I/41FK6ukLnvL._SL500_.jpg" alt="Product Image"></a><p>Maybelline Fit Me Matte + Poreless Liquid Oil-Free Foundation Makeup, Natural Ivory, 1 Count (Packaging May Vary)</p><p>$7.10</p><a href="https://www.amazon.com/dp/B00PFCSUNC?tag=eloabder-20&linkCode=osi&th=1&psc=1">View Product</a></div><div class="product"><a href="https://www.amazon.com/dp/B0BCGZMTSY?tag=eloabder-20&linkCode=osi&th=1&psc=1"><img src="https://m.media-amazon.com/images/I/31Qa6QbmaiL._SL500_.jpg" alt="Product Image"></a><p>L'Oreal Paris True Match Super-Blendable Foundation, Medium Coverage Liquid Foundation Makeup, N3, Light Medium, 1 Fl Oz</p><p>$9.97</p><a href="https://www.amazon.com/dp/B0BCGZMTSY?tag=eloabder-20&linkCode=osi&th=1&psc=1">View Product</a></div><div class="product"><a href="https://www.amazon.com/dp/B000IEMGGE?tag=eloabder-20&linkCode=osi&th=1&psc=1"><img src="https://m.media-amazon.com/images/I/41RtSkNmHSL._SL500_.jpg" alt="Product Image"></a><p>LAURA GELLER NEW YORK Award-Winning Baked Balance-n-Brighten Color Correcting Powder Foundation - Fair - Buildable Light to Medium Coverage - Demi-Matte Natural Finish</p><p>$22.13</p><a href="https://www.amazon.com/dp/B000IEMGGE?tag=eloabder-20&linkCode=osi&th=1&psc=1">View Product</a></div><div class="product"><a href="https://www.amazon.com/dp/B01LMMZY6O?tag=eloabder-20&linkCode=osi&th=1&psc=1"><img src="https://m.media-amazon.com/images/I/41WWjJXCsFL._SL500_.jpg" alt="Product Image"></a><p>IT Cosmetics Your Skin But Better CC+ Cream, Medium (W) - Color Correcting Cream, Full-Coverage Foundation, Hydrating Serum & SPF 50+ Sunscreen - Natural Finish - 1.08 fl oz</p><p>$47.00 ($43.52 / Fl Oz)</p><a href="https://www.amazon.com/dp/B01LMMZY6O?tag=eloabder-20&linkCode=osi&th=1&psc=1">View Product</a></div><div class="product"><a href="https://www.amazon.com/dp/B07CVFY5PQ?tag=eloabder-20&linkCode=osi&th=1&psc=1"><img src="https://m.media-amazon.com/images/I/416VSGy4SKL._SL500_.jpg" alt="Product Image"></a><p>MagicMinerals AirBrush Foundation by Jerome Alexander – 2pc Set with Airbrush Foundation and Kabuki Brush - Spray Makeup with Anti-aging Ingredients for Smooth Radiant Skin - Medium</p><p>$19.99 ($11.11 / Fl Oz)</p><a href="https://www.amazon.com/dp/B07CVFY5PQ?tag=eloabder-20&linkCode=osi&th=1&psc=1">View Product</a></div><div class="product"><a href="https://www.amazon.com/dp/B0039UTUZE?tag=eloabder-20&linkCode=osi&th=1&psc=1"><img src="https://m.media-amazon.com/images/I/41eXDpZ835L._SL500_.jpg" alt="Product Image"></a><p>Revlon Liquid Foundation, ColorStay Face Makeup for Combination & Oily Skin, SPF 15, Medium-Full Coverage with Matte Finish, Natural Beige ((220), 1.0 oz</p><p>$9.70</p><a href="https://www.amazon.com/dp/B0039UTUZE?tag=eloabder-20&linkCode=osi&th=1&psc=1">View Product</a></div><div class="product"><a href="https://www.amazon.com/dp/B00I52QPAE?tag=eloabder-20&linkCode=osi&th=1&psc=1"><img src="https://m.media-amazon.com/images/I/317EDqzSg+L._SL500_.jpg" alt="Product Image"></a><p>Revlon Liquid Foundation, Age Defying 3XFace Makeup, Anti-Aging and Firming Formula, SPF 30, Longwear Medium Buildable Coverage with Natural Finish, 035 Natural Beige, 1 Fl Oz</p><p>$13.48</p><a href="https://www.amazon.com/dp/B00I52QPAE?tag=eloabder-20&linkCode=osi&th=1&psc=1">View Product</a></div><div class="product"><a href="https://www.amazon.com/dp/B07H621Q3H?tag=eloabder-20&linkCode=osi&th=1&psc=1"><img src="https://m.media-amazon.com/images/I/31JtVpLZ4FL._SL500_.jpg" alt="Product Image"></a><p>L'Oreal Paris Makeup Infallible Up to 32 Hour Fresh Wear Lightweight Foundation, 420 True Beige, 1 Fl Oz, Packaging May Vary</p><p>$11.98</p><a href="https://www.amazon.com/dp/B07H621Q3H?tag=eloabder-20&linkCode=osi&th=1&psc=1">View Product</a></div>
<div class="product"><a href="https://www.amazon.com/dp/B07Q9V4KMJ?tag=eloabder-20&linkCode=osi&th=1&psc=1"><img src="https://m.media-amazon.com/images/I/31pro1JWTCL._SL500_.jpg" alt="Product Image"></a><p>Maybelline Instant Age Rewind Eraser Dark Circles Treatment Multi-Use Concealer, 115, 1 Count (Packaging May Vary)</p><p>$8.42</p><a href="https://www.amazon.com/dp/B07Q9V4KMJ?tag=eloabder-20&linkCode=osi&th=1&psc=1">View Product</a></div><div class="product"><a href="https://www.amazon.com/dp/B07ZR14WBZ?tag=eloabder-20&linkCode=osi&th=1&psc=1"><img src="https://m.media-amazon.com/images/I/313ljymBVaL._SL500_.jpg" alt="Product Image"></a><p>e.l.f. Hydrating Camo Concealer, Lightweight, Full Coverage, Long Lasting, Conceals, Corrects, Covers, Hydrates, Highlights, Light Sand, Satin Finish, 25 Shades, All-Day Wear, 0.20 Fl Oz</p><p>$7.00</p><a href="https://www.amazon.com/dp/B07ZR14WBZ?tag=eloabder-20&linkCode=osi&th=1&psc=1">View Product</a></div><div class="product"><a href="https://www.amazon.com/dp/B0046VJV36?tag=eloabder-20&linkCode=osi&th=1&psc=1"><img src="https://m.media-amazon.com/images/I/31-ZFCLgLcL._SL500_.jpg" alt="Product Image"></a><p>Maybelline New York Fit Me Liquid Concealer Makeup, Natural Coverage, Lightweight, Conceals, Covers Oil-Free, Fair, 1 Count (Packaging May Vary)</p><p>$6.31</p><a href="https://www.amazon.com/dp/B0046VJV36?tag=eloabder-20&linkCode=osi&th=1&psc=1">View Product</a></div><div class="product"><a href="https://www.amazon.com/dp/B07ZR1CQHS?tag=eloabder-20&linkCode=osi&th=1&psc=1"><img src="https://m.media-amazon.com/images/I/31s0zWRX+4L._SL500_.jpg" alt="Product Image"></a><p>e.l.f. 16HR Camo Concealer, Full Coverage, Highly Pigmented Concealer With Matte Finish, Crease-proof, Vegan & Cruelty-Free, Light Ivory, 0.203 Fl Oz</p><p>$7.00</p><a href="https://www.amazon.com/dp/B07ZR1CQHS?tag=eloabder-20&linkCode=osi&th=1&psc=1">View Product</a></div><div class="product"><a href="https://www.amazon.com/dp/B009WI05BU?tag=eloabder-20&linkCode=osi&th=1&psc=1"><img src="https://m.media-amazon.com/images/I/312BFbzGKlL._SL500_.jpg" alt="Product Image"></a><p>L.A. Girl Pro Concealer, Fawn, 0.28 Oz (LAX-GC983-A)</p><p>$4.99</p><a href="https://www.amazon.com/dp/B009WI05BU?tag=eloabder-20&linkCode=osi&th=1&psc=1">View Product</a></div><div class="product"><a href="https://www.amazon.com/dp/B0814SLHQH?tag=eloabder-20&linkCode=osi&th=1&psc=1"><img src="https://m.media-amazon.com/images/I/312GW4aGnRL._SL500_.jpg" alt="Product Image"></a><p>Neutrogena Healthy Skin Radiant Brightening Cream Concealer with Peptides & Vitamin E Antioxidant,Lightweight Perfecting Concealer,Non-Comedogenic,Bisque Light/Medium 02 neutral undertones,0.24 oz</p><p>$5.62</p><a href="https://www.amazon.com/dp/B0814SLHQH?tag=eloabder-20&linkCode=osi&th=1&psc=1">View Product</a></div><div class="product"><a href="https://www.amazon.com/dp/B06XQWS1N9?tag=eloabder-20&linkCode=osi&th=1&psc=1"><img src="https://m.media-amazon.com/images/I/31rKumTg1GL._SL500_.jpg" alt="Product Image"></a><p>COVERGIRL Smoothers Concealer, Medium 715, 0.14 ounce (packaging may vary)</p><p>$7.28</p><a href="https://www.amazon.com/dp/B06XQWS1N9?tag=eloabder-20&linkCode=osi&th=1&psc=1">View Product</a></div><div class="product"><a href="https://www.amazon.com/dp/B07GWH2GDP?tag=eloabder-20&linkCode=osi&th=1&psc=1"><img src="https://m.media-amazon.com/images/I/41U+lbOEtuL._SL500_.jpg" alt="Product Image"></a><p>IT Cosmetics Bye Bye Under Eye Full Coverage Concealer - for Dark Circles, Fine Lines, Redness & Discoloration – Waterproof - Anti-Aging - Natural Finish – 0.4 fl oz</p><p>$17.40 ($43.50 / Fl Oz)</p><a href="https://www.amazon.com/dp/B07GWH2GDP?tag=eloabder-20&linkCode=osi&th=1&psc=1">View Product</a></div><div class="product"><a href="https://www.amazon.com/dp/B07H67H5LH?tag=eloabder-20&linkCode=osi&th=1&psc=1"><img src="https://m.media-amazon.com/images/I/31bWoYCj-nL._SL500_.jpg" alt="Product Image"></a><p>L'Oreal Paris Makeup Infallible Full Wear Waterproof Matte Concealer, Full Coverage, Ivory, 0.33 fl. oz.</p><p>$10.82</p><a href="https://www.amazon.com/dp/B07H67H5LH?tag=eloabder-20&linkCode=osi&th=1&psc=1">View Product</a></div><div class="product"><a href="https://www.amazon.com/dp/B0B51NLJWQ?tag=eloabder-20&linkCode=osi&th=1&psc=1"><img src="https://m.media-amazon.com/images/I/31GXqccxM0L._SL500_.jpg" alt="Product Image"></a><p>Fièra Luxury Concealer with Anti-Aging - All Day Coverage for Dark Circles, Fine Lines, Wrinkles & Spots - Neutral Beige, 0.5 Ounce</p><p>$27.00</p><a href="https://www.amazon.com/dp/B0B51NLJWQ?tag=eloabder-20&linkCode=osi&th=1&psc=1">View Product</a></div>
<div class="product"><a href="https://www.amazon.com/dp/B092JQ23N5?tag=eloabder-20&linkCode=osi&th=1&psc=1"><img src="https://m.media-amazon.com/images/I/51OUufwItlL._SL500_.jpg" alt="Product Image"></a><p>URBAN DECAY 24/7 Longwear Eyeshadow Single (Sin - Champagne Shimmer), High-Pigment Eye Shadow Compact, Smooth & Blendable Colors, Crease-free, Vegan - 0.06 oz</p><p>$22.00</p><a href="https://www.amazon.com/dp/B092JQ23N5?tag=eloabder-20&linkCode=osi&th=1&psc=1">View Product</a></div><div class="product"><a href="https://www.amazon.com/dp/B01IW02HX2?tag=eloabder-20&linkCode=osi&th=1&psc=1"><img src="https://m.media-amazon.com/images/I/510F-WOAL4L._SL500_.jpg" alt="Product Image"></a><p>NYX PROFESSIONAL MAKEUP Ultimate Shadow Palette, Eyeshadow Palette - Warm Neutrals</p><p>$12.40</p><a href="https://www.amazon.com/dp/B01IW02HX2?tag=eloabder-20&linkCode=osi&th=1&psc=1">View Product</a></div><div class="product"><a href="https://www.amazon.com/dp/B085WR3YDT?tag=eloabder-20&linkCode=osi&th=1&psc=1"><img src="https://m.media-amazon.com/images/I/41cuO8PyoTL._SL500_.jpg" alt="Product Image"></a><p>wet n wild Color Icon Cream Eyeshadow Multi-Stick, Moisturizing, Nourishing Velvety Cream-to-Powder Buildable & Blendable Formula, Cruelty-Free & Vegan - Champagne Room</p><p>$3.28</p><a href="https://www.amazon.com/dp/B085WR3YDT?tag=eloabder-20&linkCode=osi&th=1&psc=1">View Product</a></div><div class="product"><a href="https://www.amazon.com/dp/B00L5SMFJU?tag=eloabder-20&linkCode=osi&th=1&psc=1"><img src="https://m.media-amazon.com/images/I/41-WaM3A3tL._SL500_.jpg" alt="Product Image"></a><p>Covergirl Eye Enhancers Eye Shadow Palette, Natural Nudes, 0.19 Ounce</p><p>$4.97</p><a href="https://www.amazon.com/dp/B00L5SMFJU?tag=eloabder-20&linkCode=osi&th=1&psc=1">View Product</a></div><div class="product"><a href="https://www.amazon.com/dp/B01LW1983J?tag=eloabder-20&linkCode=osi&th=1&psc=1"><img src="https://m.media-amazon.com/images/I/51EsPf59XBL._SL500_.jpg" alt="Product Image"></a><p>Julep Eyeshadow 101 Crème to Powder Waterproof Eyeshadow Stick, Champagne Shimmer</p><p>$18.00</p><a href="https://www.amazon.com/dp/B01LW1983J?tag=eloabder-20&linkCode=osi&th=1&psc=1">View Product</a></div><div class="product"><a href="https://www.amazon.com/dp/B00UKP1M2K?tag=eloabder-20&linkCode=osi&th=1&psc=1"><img src="https://m.media-amazon.com/images/I/41hSsvPHKxL._SL500_.jpg" alt="Product Image"></a><p>Maybelline The Blushed Nudes Eyeshadow Palette Makeup, 12 Pigmented Matte & Shimmer Shades, Blendable Powder, 1 Count</p><p>$9.32</p><a href="https://www.amazon.com/dp/B00UKP1M2K?tag=eloabder-20&linkCode=osi&th=1&psc=1">View Product</a></div><div class="product"><a href="https://www.amazon.com/dp/B073ZBGLJF?tag=eloabder-20&linkCode=osi&th=1&psc=1"><img src="https://m.media-amazon.com/images/I/41go9Ug8AOL._SL500_.jpg" alt="Product Image"></a><p>BestLand 2 Pack 12 Colors Makeup Nude Colors Eyeshadow Palette Natural Nude Matte Shimmer Glitter Pigment Eye Shadow Pallete Set Waterproof Smokey Professional Beauty Makeup Kit (2 PCS)</p><p>$9.99</p><a href="https://www.amazon.com/dp/B073ZBGLJF?tag=eloabder-20&linkCode=osi&th=1&psc=1">View Product</a></div><div class="product"><a href="https://www.amazon.com/dp/B08RS6WNX7?tag=eloabder-20&linkCode=osi&th=1&psc=1"><img src="https://m.media-amazon.com/images/I/51qCii788PL._SL500_.jpg" alt="Product Image"></a><p>wet n wild Color Icon 5-Pan Palette Brown Walking On Eggshells</p><p>$3.19</p><a href="https://www.amazon.com/dp/B08RS6WNX7?tag=eloabder-20&linkCode=osi&th=1&psc=1">View Product</a></div><div class="product"><a href="https://www.amazon.com/dp/B0CV5ZTFCR?tag=eloabder-20&linkCode=osi&th=1&psc=1"><img src="https://m.media-amazon.com/images/I/21inptU-eJL._SL500_.jpg" alt="Product Image"></a><p>Covergirl Clean Eye Color, French Violet, Eyeshadow Sticks, Ultra Creamy Formula, Lightweight, Buildable Formula, Lasts All Day, Smudge-Proof, 0.05oz</p><p>$8.98</p><a href="https://www.amazon.com/dp/B0CV5ZTFCR?tag=eloabder-20&linkCode=osi&th=1&psc=1">View Product</a></div><div class="product"><a href="https://www.amazon.com/dp/B0CXF99TNQ?tag=eloabder-20&linkCode=osi&th=1&psc=1"><img src="https://m.media-amazon.com/images/I/31kCYsLvwwL._SL500_.jpg" alt="Product Image"></a><p>L'Oreal Paris Makeup Paradise Le Shadow Stick Eyeshadow, Blendable, Smudge-Resistant, Cream Eyeshadow, 120 Magnetic Mauve (Shimmering Lavender Mauve), 0.05 Oz</p><p>$9.98</p><a href="https://www.amazon.com/dp/B0CXF99TNQ?tag=eloabder-20&linkCode=osi&th=1&psc=1">View Product</a></div>
<div class="product"><a href="https://www.amazon.com/dp/B0BG7MWNNN?tag=eloabder-20&linkCode=osi&th=1&psc=1"><img src="https://m.media-amazon.com/images/I/41E8W4N+FkL._SL500_.jpg" alt="Product Image"></a><p>Prime Prometics PrimeLash Mascara for Older Women – Volumizing, Incredible Length in 2 Coats – Long-Stay, Zero Clumps, Hypoallergenic (Brown)</p><p>$28.00</p><a href="https://www.amazon.com/dp/B0BG7MWNNN?tag=eloabder-20&linkCode=osi&th=1&psc=1">View Product</a></div><div class="product"><a href="https://www.amazon.com/dp/B00T0C9XRK?tag=eloabder-20&linkCode=osi&th=1&psc=1"><img src="https://m.media-amazon.com/images/I/41IP2ZEXFNL._SL500_.jpg" alt="Product Image"></a><p>essence | Lash Princess False Lash Effect Mascara | Volumizing & Lengthening | Cruelty Free & Paraben Free</p><p>$4.99 ($12.17 / Fl Oz )</p><a href="https://www.amazon.com/dp/B00T0C9XRK?tag=eloabder-20&linkCode=osi&th=1&psc=1">View Product</a></div><div class="product"><a href="https://www.amazon.com/dp/B01DPA6OHO?tag=eloabder-20&linkCode=osi&th=1&psc=1"><img src="https://m.media-amazon.com/images/I/31xGLWu4IKL._SL500_.jpg" alt="Product Image"></a><p>L'Oreal Paris Makeup Voluminous Lash Boosting Conditioning Primer Mascara, White Primer, 0.24 fl; oz.</p><p>$8.98</p><a href="https://www.amazon.com/dp/B01DPA6OHO?tag=eloabder-20&linkCode=osi&th=1&psc=1">View Product</a></div><div class="product"><a href="https://www.amazon.com/dp/B004BD107O?tag=eloabder-20&linkCode=osi&th=1&psc=1"><img src="https://m.media-amazon.com/images/I/31OWqsdljyL._SL500_.jpg" alt="Product Image"></a><p>L'Oreal Paris Makeup Telescopic Original Lengthening Mascara, Blackest Black, 0.27 Fl Oz (1 Count)</p><p>$10.99</p><a href="https://www.amazon.com/dp/B004BD107O?tag=eloabder-20&linkCode=osi&th=1&psc=1">View Product</a></div><div class="product"><a href="https://www.amazon.com/dp/B06XF2TR11?tag=eloabder-20&linkCode=osi&th=1&psc=1"><img src="https://m.media-amazon.com/images/I/31B6RR270IL._SL500_.jpg" alt="Product Image"></a><p>L'Oreal Paris Voluminous Makeup Lash Paradise Mascara, Voluptuous Volume, Intense Length, Feathery Soft Full Lashes, No Flaking, No Smudging, No Clumping, Blackest Black, 1 Count</p><p>$9.97</p><a href="https://www.amazon.com/dp/B06XF2TR11?tag=eloabder-20&linkCode=osi&th=1&psc=1">View Product</a></div><div class="product"><a href="https://www.amazon.com/dp/B00PFCT2R0?tag=eloabder-20&linkCode=osi&th=1&psc=1"><img src="https://m.media-amazon.com/images/I/31RyE6ZtDIL._SL500_.jpg" alt="Product Image"></a><p>Maybelline Lash Sensational Washable Mascara, Lengthening and Volumizing for a Full Fan Effect, Blackest Black, 1 Count</p><p>$9.09</p><a href="https://www.amazon.com/dp/B00PFCT2R0?tag=eloabder-20&linkCode=osi&th=1&psc=1">View Product</a></div><div class="product"><a href="https://www.amazon.com/dp/B08TPCHYLW?tag=eloabder-20&linkCode=osi&th=1&psc=1"><img src="https://m.media-amazon.com/images/I/31EWIaihEwL._SL500_.jpg" alt="Product Image"></a><p>Lancôme Lash Idôle Lash-Lifting & Volumizing Mascara - Black Mascara for Instant Volume, Length & Lift - Smudge Proof & Up To 24H Wear - Black</p><p>$30.00 ($111.11 / Fl Oz)</p><a href="https://www.amazon.com/dp/B08TPCHYLW?tag=eloabder-20&linkCode=osi&th=1&psc=1">View Product</a></div><div class="product"><a href="https://www.amazon.com/dp/B08M96YZN1?tag=eloabder-20&linkCode=osi&th=1&psc=1"><img src="https://m.media-amazon.com/images/I/31ByMmFi-qL._SL500_.jpg" alt="Product Image"></a><p>CoverGirl Lash Blast Clean Volume Mascara, Vegan Formula, Volumizing, Smudge-Proof, Cruelty Free, Very Black, 1 Count</p><p>$9.37</p><a href="https://www.amazon.com/dp/B08M96YZN1?tag=eloabder-20&linkCode=osi&th=1&psc=1">View Product</a></div>
<div class="product"><a href="https://www.amazon.com/dp/B0C9TXLWLY?tag=eloabder-20&linkCode=osi&th=1&psc=1"><img src="https://m.media-amazon.com/images/I/31-5KVw5KDL._SL500_.jpg" alt="Product Image"></a><p>PRIME PROMETICS PrimeEyes Glide Eyeliner for Mature Women – Water-Resistant, Long-Stay and Mess-Proof – Gel Cream Texture, Discreet Sharpener and Effective Smudger (Black)</p><p>$28.00 ($28.00 / Count)</p><a href="https://www.amazon.com/dp/B0C9TXLWLY?tag=eloabder-20&linkCode=osi&th=1&psc=1">View Product</a></div><div class="product"><a href="https://www.amazon.com/dp/B07MWSXPT1?tag=eloabder-20&linkCode=osi&th=1&psc=1"><img src="https://m.media-amazon.com/images/I/315xthaPi6L._SL500_.jpg" alt="Product Image"></a><p>e.l.f. No Budge Retractable Eyeliner, Creamy, Ultra-Pigmented & Waterproof, Creates Bold & Defined Lines, Vegan & Cruelty-Free, Black 0.006 Oz</p><p>$4.00</p><a href="https://www.amazon.com/dp/B07MWSXPT1?tag=eloabder-20&linkCode=osi&th=1&psc=1">View Product</a></div><div class="product"><a href="https://www.amazon.com/dp/B074Y8LM6T?tag=eloabder-20&linkCode=osi&th=1&psc=1"><img src="https://m.media-amazon.com/images/I/316blXt1KxL._SL500_.jpg" alt="Product Image"></a><p>NYX PROFESSIONAL MAKEUP Epic Ink Liner, Waterproof Liquid Eyeliner - Black, Vegan Formula</p><p>$8.06</p><a href="https://www.amazon.com/dp/B074Y8LM6T?tag=eloabder-20&linkCode=osi&th=1&psc=1">View Product</a></div><div class="product"><a href="https://www.amazon.com/dp/B01J1A3TFW?tag=eloabder-20&linkCode=osi&th=1&psc=1"><img src="https://m.media-amazon.com/images/I/51z42sdOArL._SL500_.jpg" alt="Product Image"></a><p>Revlon Pencil Eyeliner, ColorStay Eye Makeup with Built-in Sharpener, Waterproof, Smudge-proof, Longwearing with Ultra-Fine Tip, 201 Black, 2 count (Pack of 1)</p><p>$11.38</p><a href="https://www.amazon.com/dp/B01J1A3TFW?tag=eloabder-20&linkCode=osi&th=1&psc=1">View Product</a></div><div class="product"><a href="https://www.amazon.com/dp/B07W8JJ61X?tag=eloabder-20&linkCode=osi&th=1&psc=1"><img src="https://m.media-amazon.com/images/I/31wj5vRROwL._SL500_.jpg" alt="Product Image"></a><p>Maybelline Hyper Easy Liquid Pen No-Skip Eyeliner, Satin Finish, Waterproof Formula, Pitch Black, 0.018 Fl Oz</p><p>$8.38</p><a href="https://www.amazon.com/dp/B07W8JJ61X?tag=eloabder-20&linkCode=osi&th=1&psc=1">View Product</a></div><div class="product"><a href="https://www.amazon.com/dp/B005G9E9FW?tag=eloabder-20&linkCode=osi&th=1&psc=1"><img src="https://m.media-amazon.com/images/I/51poZdEojrL._SL500_.jpg" alt="Product Image"></a><p>NYX PROFESSIONAL MAKEUP Vivid Rich Mechanical Eye Pencil, Vivid Rich Mechanical, Creamy Retractable Eyeliner - Smokin Topaz, Brown Eyeliner</p><p>$6.00</p><a href="https://www.amazon.com/dp/B005G9E9FW?tag=eloabder-20&linkCode=osi&th=1&psc=1">View Product</a></div><div class="product"><a href="https://www.amazon.com/dp/B07NX61ZHN?tag=eloabder-20&linkCode=osi&th=1&psc=1"><img src="https://m.media-amazon.com/images/I/31kQNTwJazL._SL500_.jpg" alt="Product Image"></a><p>Rimmel London exaggerate auto waterproof eye definer in blackest black, 2 Count</p><p>$6.97</p><a href="https://www.amazon.com/dp/B07NX61ZHN?tag=eloabder-20&linkCode=osi&th=1&psc=1">View Product</a></div><div class="product"><a href="https://www.amazon.com/dp/B0BQWT8R9K?tag=eloabder-20&linkCode=osi&th=1&psc=1"><img src="https://m.media-amazon.com/images/I/31F1asQuosL._SL500_.jpg" alt="Product Image"></a><p>wet n wild Breakup Proof Liquid Eyeliner - Ultra-Fine Brush, Waterproof, Long-Lasting - Cruelty-Free & Vegan - Ultra Black</p><p>$4.04</p><a href="https://www.amazon.com/dp/B0BQWT8R9K?tag=eloabder-20&linkCode=osi&th=1&psc=1">View Product</a></div><div class="product"><a href="https://www.amazon.com/dp/B082YPRCMM?tag=eloabder-20&linkCode=osi&th=1&psc=1"><img src="https://m.media-amazon.com/images/I/317ubI9GTBL._SL500_.jpg" alt="Product Image"></a><p>wet n wild Mega Last Breakup Proof Eyeliner, Quick Drying, Waterproof, 16-Hour Wear - Cruelty-Free & Vegan - Blackest Black</p><p>$2.28</p><a href="https://www.amazon.com/dp/B082YPRCMM?tag=eloabder-20&linkCode=osi&th=1&psc=1">View Product</a></div><div class="product"><a href="https://www.amazon.com/dp/B07GX832KD?tag=eloabder-20&linkCode=osi&th=1&psc=1"><img src="https://m.media-amazon.com/images/I/315wR2F58-L._SL500_.jpg" alt="Product Image"></a><p>Maybelline TattooStudio Long-Lasting Sharpenable Eyeliner Pencil, Glide on Smooth Gel Pigments with 36 Hour Wear, Waterproof, Deep Onyx, 1 Count</p><p>$6.66</p><a href="https://www.amazon.com/dp/B07GX832KD?tag=eloabder-20&linkCode=osi&th=1&psc=1">View Product</a></div>
<div class="product"><a href="https://www.amazon.com/dp/B09T8DQ1SG?tag=eloabder-20&linkCode=osi&th=1&psc=1"><img src="https://m.media-amazon.com/images/I/41gpuwrIhOL._SL500_.jpg" alt="Product Image"></a><p>Maybelline Super Stay Vinyl Ink Longwear No-Budge Liquid Lipcolor Makeup, Highly Pigmented Color and Instant Shine, Royal, Deep Wine Red Lipstick, 0.14 fl oz, 1 Count</p><p>$9.82</p><a href="https://www.amazon.com/dp/B09T8DQ1SG?tag=eloabder-20&linkCode=osi&th=1&psc=1">View Product</a></div><div class="product"><a href="https://www.amazon.com/dp/B004BCTEF0?tag=eloabder-20&linkCode=osi&th=1&psc=1"><img src="https://m.media-amazon.com/images/I/31G9f-P8tML._SL500_.jpg" alt="Product Image"></a><p>L’Oréal Paris Colour Riche Original Creamy, Hydrating Satin Lipstick with Argan Oil and Vitamin E, Saucy Mauve , 1 Count</p><p>$6.71</p><a href="https://www.amazon.com/dp/B004BCTEF0?tag=eloabder-20&linkCode=osi&th=1&psc=1">View Product</a></div><div class="product"><a href="https://www.amazon.com/dp/B08H4FSGDX?tag=eloabder-20&linkCode=osi&th=1&psc=1"><img src="https://m.media-amazon.com/images/I/31OAiyoloML._SL500_.jpg" alt="Product Image"></a><p>Maybelline Super Stay Matte Ink Liquid Lipstick Makeup, Long Lasting High Impact Color, Up to 16H Wear, Exhilarator, Ruby Red, 1 Count</p><p>$9.18</p><a href="https://www.amazon.com/dp/B08H4FSGDX?tag=eloabder-20&linkCode=osi&th=1&psc=1">View Product</a></div><div class="product"><a href="https://www.amazon.com/dp/B07XTTDTWR?tag=eloabder-20&linkCode=osi&th=1&psc=1"><img src="https://m.media-amazon.com/images/I/31M4QldCq3L._SL500_.jpg" alt="Product Image"></a><p>REVLON Lipstick, Super Lustrous Lipstick, Creamy Formula For Soft, Fuller-Looking Lips, Moisturized Feel in Nudes & Browns, Bare It All (755) 0.15 oz</p><p>$6.48</p><a href="https://www.amazon.com/dp/B07XTTDTWR?tag=eloabder-20&linkCode=osi&th=1&psc=1">View Product</a></div><div class="product"><a href="https://www.amazon.com/dp/B079KFP7NT?tag=eloabder-20&linkCode=osi&th=1&psc=1"><img src="https://m.media-amazon.com/images/I/41Ih8G0FSmL._SL500_.jpg" alt="Product Image"></a><p>wet n wild Silk Finish Lipstick, Hydrating Rich Buildable Lip Color, Formulated with Vitamins A,E, & Macadamia for Ultimate Hydration, Cruelty-Free & Vegan - Raging Red</p><p>$1.29</p><a href="https://www.amazon.com/dp/B079KFP7NT?tag=eloabder-20&linkCode=osi&th=1&psc=1">View Product</a></div><div class="product"><a href="https://www.amazon.com/dp/B002F3R44K?tag=eloabder-20&linkCode=osi&th=1&psc=1"><img src="https://m.media-amazon.com/images/I/41-gXIE96GL._SL500_.jpg" alt="Product Image"></a><p>Revlon Lipstick, Super Lustrous Lipstick, Creamy Formula For Soft, Fuller-Looking Lips, Moisturized Feel in Pinks, Pink In The Afternoon (415) 0.15 oz</p><p>$6.48</p><a href="https://www.amazon.com/dp/B002F3R44K?tag=eloabder-20&linkCode=osi&th=1&psc=1">View Product</a></div><div class="product"><a href="https://www.amazon.com/dp/B001LFER98?tag=eloabder-20&linkCode=osi&th=1&psc=1"><img src="https://m.media-amazon.com/images/I/41wezVKuIoL._SL500_.jpg" alt="Product Image"></a><p>REVLON Lipstick, Super Lustrous Lipstick, Creamy Formula For Soft, Fuller-Looking Lips, Moisturized Feel in Reds & Corals, Peach Me (628) 0.15 oz</p><p>$4.99</p><a href="https://www.amazon.com/dp/B001LFER98?tag=eloabder-20&linkCode=osi&th=1&psc=1">View Product</a></div><div class="product"><a href="https://www.amazon.com/dp/B082YQ2978?tag=eloabder-20&linkCode=osi&th=1&psc=1"><img src="https://m.media-amazon.com/images/I/31QsMhXUSeL._SL500_.jpg" alt="Product Image"></a><p>wet n wild Mega Last High-Shine Lipstick Lip Color, Infused with Seed Oils For a Nourishing High-Shine, Buildable & Blendable Creamy Color, Cruelty-Free & Vegan - Mad for Mauve</p><p>$2.28</p><a href="https://www.amazon.com/dp/B082YQ2978?tag=eloabder-20&linkCode=osi&th=1&psc=1">View Product</a></div>
<div class="product"><a href="https://www.amazon.com/dp/B09SP2XHKT?tag=eloabder-20&linkCode=osi&th=1&psc=1"><img src="https://m.media-amazon.com/images/I/31KGrScgA8L._SL500_.jpg" alt="Product Image"></a><p>NYX PROFESSIONAL MAKEUP Butter Gloss, Non-Sticky Lip Gloss - Sugar Glass (Clear)</p><p>$5.99</p><a href="https://www.amazon.com/dp/B09SP2XHKT?tag=eloabder-20&linkCode=osi&th=1&psc=1">View Product</a></div><div class="product"><a href="https://www.amazon.com/dp/B08GSTZ7ZW?tag=eloabder-20&linkCode=osi&th=1&psc=1"><img src="https://m.media-amazon.com/images/I/41nPuTtXVgL._SL500_.jpg" alt="Product Image"></a><p>Ruby Kisses Broadway Vita-Lip Clear Lip Gloss - Moisturizing, Hydrating, Nourishing with Mint, Rosehip, Coconut, Mango, Argan, Honey & Shea</p><p>$7.99 ($2.12 / Ounce)</p><a href="https://www.amazon.com/dp/B08GSTZ7ZW?tag=eloabder-20&linkCode=osi&th=1&psc=1">View Product</a></div><div class="product"><a href="https://www.amazon.com/dp/B015RPE14S?tag=eloabder-20&linkCode=osi&th=1&psc=1"><img src="https://m.media-amazon.com/images/I/31FRC3fz7EL._SL500_.jpg" alt="Product Image"></a><p>L.A. Colors High Shine Shea Butter Lip Gloss, Clear, 0.14 Ounce</p><p>$1.98</p><a href="https://www.amazon.com/dp/B015RPE14S?tag=eloabder-20&linkCode=osi&th=1&psc=1">View Product</a></div><div class="product"><a href="https://www.amazon.com/dp/B00Q26VWZI?tag=eloabder-20&linkCode=osi&th=1&psc=1"><img src="https://m.media-amazon.com/images/I/31Bqig96T0L._SL500_.jpg" alt="Product Image"></a><p>Rimmel Stay Glossy Lip Gloss - Non-Sticky and Lightweight Formula for Lip Color and Shine - 130 Blushing Belgraves, .18oz</p><p>$4.32</p><a href="https://www.amazon.com/dp/B00Q26VWZI?tag=eloabder-20&linkCode=osi&th=1&psc=1">View Product</a></div><div class="product"><a href="https://www.amazon.com/dp/B0C1MH8R2M?tag=eloabder-20&linkCode=osi&th=1&psc=1"><img src="https://m.media-amazon.com/images/I/31adT7DtBYL._SL500_.jpg" alt="Product Image"></a><p>Maybelline New York Lifter Gloss Hydrating Lip Gloss with Hyaluronic Acid, Gummy Bear, Sheer Light Pink, 1 Count</p><p>$8.98</p><a href="https://www.amazon.com/dp/B0C1MH8R2M?tag=eloabder-20&linkCode=osi&th=1&psc=1">View Product</a></div><div class="product"><a href="https://www.amazon.com/dp/B01N1ZC8JZ?tag=eloabder-20&linkCode=osi&th=1&psc=1"><img src="https://m.media-amazon.com/images/I/41fsaqWz6SL._SL500_.jpg" alt="Product Image"></a><p>Broadway Vita-Lip Clear Lip Gloss 0.47oz/14ml (5PCS Mint & Coconut & Rosehip & Mango Butter & Argan Oil) (5 PCS SET)</p><p>$5.99</p><a href="https://www.amazon.com/dp/B01N1ZC8JZ?tag=eloabder-20&linkCode=osi&th=1&psc=1">View Product</a></div><div class="product"><a href="https://www.amazon.com/dp/B07DY2QRF6?tag=eloabder-20&linkCode=osi&th=1&psc=1"><img src="https://m.media-amazon.com/images/I/31qXrVfhvCL._SL500_.jpg" alt="Product Image"></a><p>LANEIGE Lip Glowy Balm Berry: Hydrate, Glossy, Lightweight, Moisturize & Tint with Shea Butter</p><p>$19.00 ($54.29 / Ounce)</p><a href="https://www.amazon.com/dp/B07DY2QRF6?tag=eloabder-20&linkCode=osi&th=1&psc=1">View Product</a></div><div class="product"><a href="https://www.amazon.com/dp/B09DMGWJKY?tag=eloabder-20&linkCode=osi&th=1&psc=1"><img src="https://m.media-amazon.com/images/I/41nIFmIKHRL._SL500_.jpg" alt="Product Image"></a><p>Broadway Vita-Lip Clear Lip Gloss Moisturizing Hydrating Nourishing Long Lasting High Shine Glossy Lip Care Gloss 0.47oz/14ml (10 PCS SET)</p><p>$9.99</p><a href="https://www.amazon.com/dp/B09DMGWJKY?tag=eloabder-20&linkCode=osi&th=1&psc=1">View Product</a></div><div class="product"><a href="https://www.amazon.com/dp/B0BSR85M24?tag=eloabder-20&linkCode=osi&th=1&psc=1"><img src="https://m.media-amazon.com/images/I/31eKHNoE3KL._SL500_.jpg" alt="Product Image"></a><p>e.l.f. Lip Lacquer, Nourishing, Non-Sticky Ultra-Shine Lip Gloss With Sheer Color, Infused With Vitamins A & E, Vegan & Cruelty-Free, Whisper Pink</p><p>$3.00</p><a href="https://www.amazon.com/dp/B0BSR85M24?tag=eloabder-20&linkCode=osi&th=1&psc=1">View Product</a></div><div class="product"><a href="https://www.amazon.com/dp/B081C6PXZJ?tag=eloabder-20&linkCode=osi&th=1&psc=1"><img src="https://m.media-amazon.com/images/I/51+emO79aqL._SL500_.jpg" alt="Product Image"></a><p>NICKA K NEW YORK VARIETY SET OF 5 NK Hydrating Lip Gel - Vitamin E (Clear, Rosehip Oil, Bubble Gum, Cherry, Strawberry)</p><p>$5.43</p><a href="https://www.amazon.com/dp/B081C6PXZJ?tag=eloabder-20&linkCode=osi&th=1&psc=1">View Product</a></div>
<div class="product"><a href="https://www.amazon.com/dp/B07PNCB73M?tag=eloabder-20&linkCode=osi&th=1&psc=1"><img src="https://m.media-amazon.com/images/I/41+KYSFOLML._SL500_.jpg" alt="Product Image"></a><p>Milani Baked Blush - Petal Primavera (0.12 Ounce) Cruelty-Free Powder Blush - Shape, Contour & Highlight Face for a Shimmery or Matte Finish</p><p>$8.97</p><a href="https://www.amazon.com/dp/B07PNCB73M?tag=eloabder-20&linkCode=osi&th=1&psc=1">View Product</a></div><div class="product"><a href="https://www.amazon.com/dp/B0CZ5HLDK9?tag=eloabder-20&linkCode=osi&th=1&psc=1"><img src="https://m.media-amazon.com/images/I/41rZu1cS8QL._SL500_.jpg" alt="Product Image"></a><p>NYX PROFESSIONAL MAKEUP Buttermelt Powder Blush, Fade and Transfer-Resistant Blush, Up to 12HR Make Up Wear, Vegan Formula - For The Butta</p><p>$9.97</p><a href="https://www.amazon.com/dp/B0CZ5HLDK9?tag=eloabder-20&linkCode=osi&th=1&psc=1">View Product</a></div><div class="product"><a href="https://www.amazon.com/dp/B0CPFYGNR7?tag=eloabder-20&linkCode=osi&th=1&psc=1"><img src="https://m.media-amazon.com/images/I/31EJvMa7jyL._SL500_.jpg" alt="Product Image"></a><p>e.l.f. Camo Liquid Blush, Long-lasting Liquid Blush For High-pigment Color, Creates A Soft, Dewy Finish, Vegan & Cruelty-free, Dusty Rosé</p><p>$7.00</p><a href="https://www.amazon.com/dp/B0CPFYGNR7?tag=eloabder-20&linkCode=osi&th=1&psc=1">View Product</a></div><div class="product"><a href="https://www.amazon.com/dp/B06XDNPXD1?tag=eloabder-20&linkCode=osi&th=1&psc=1"><img src="https://m.media-amazon.com/images/I/41IryPTf51L._SL500_.jpg" alt="Product Image"></a><p>Maybelline Fit Me Powder Blush, Lightweight, Smooth, Blendable, Long-lasting All-Day Face Enhancing Makeup Color, Mauve, 1 Count</p><p>$4.62</p><a href="https://www.amazon.com/dp/B06XDNPXD1?tag=eloabder-20&linkCode=osi&th=1&psc=1">View Product</a></div><div class="product"><a href="https://www.amazon.com/dp/B082YPNTZ4?tag=eloabder-20&linkCode=osi&th=1&psc=1"><img src="https://m.media-amazon.com/images/I/41vtXkWXs8L._SL500_.jpg" alt="Product Image"></a><p>wet n wild Color Icon Blush, Effortless Glow & Seamless Blend infused with Luxuriously Smooth Jojoba Oil, Sheer Finish with a Matte Natural Glow, Cruelty-Free & Vegan - Pinch Me Pink</p><p>$3.28</p><a href="https://www.amazon.com/dp/B082YPNTZ4?tag=eloabder-20&linkCode=osi&th=1&psc=1">View Product</a></div><div class="product"><a href="https://www.amazon.com/dp/B0CPFWJJQJ?tag=eloabder-20&linkCode=osi&th=1&psc=1"><img src="https://m.media-amazon.com/images/I/41+GdEwyGqL._SL500_.jpg" alt="Product Image"></a><p>e.l.f. Primer-Infused Matte Blush, Long-Lasting, Lightweight & Buildable Powder Blush, Delivers A Matte Finish, Vegan & Cruelty-Free, Always Crushing</p><p>$7.00</p><a href="https://www.amazon.com/dp/B0CPFWJJQJ?tag=eloabder-20&linkCode=osi&th=1&psc=1">View Product</a></div><div class="product"><a href="https://www.amazon.com/dp/B0B64GX5LN?tag=eloabder-20&linkCode=osi&th=1&psc=1"><img src="https://m.media-amazon.com/images/I/31aZBeyUSsL._SL500_.jpg" alt="Product Image"></a><p>LAURA GELLER NEW YORK Serum Blush Tint, Lightweight Liquid Blush for Cheeks, Weightless Watercolor Sheer Finish, Practical Pink</p><p>$15.74</p><a href="https://www.amazon.com/dp/B0B64GX5LN?tag=eloabder-20&linkCode=osi&th=1&psc=1">View Product</a></div><div class="product"><a href="https://www.amazon.com/dp/B00J56D0G6?tag=eloabder-20&linkCode=osi&th=1&psc=1"><img src="https://m.media-amazon.com/images/I/31MVN0QAhfL._SL500_.jpg" alt="Product Image"></a><p>e.l.f. Cosmetics Powder Blush Palette, Four Blush Shades for Beautiful, Long-Lasting Pigment, Light</p><p>$6.00</p><a href="https://www.amazon.com/dp/B00J56D0G6?tag=eloabder-20&linkCode=osi&th=1&psc=1">View Product</a></div><div class="product"><a href="https://www.amazon.com/dp/B0BHFBBH25?tag=eloabder-20&linkCode=osi&th=1&psc=1"><img src="https://m.media-amazon.com/images/I/31uqOuPPf5L._SL500_.jpg" alt="Product Image"></a><p>SHEGLAM Color Bloom Liquid Blush Makeup for Cheeks Matte Finish - Love Cake</p><p>$6.99</p><a href="https://www.amazon.com/dp/B0BHFBBH25?tag=eloabder-20&linkCode=osi&th=1&psc=1">View Product</a></div><div class="product"><a href="https://www.amazon.com/dp/B07J47FHR1?tag=eloabder-20&linkCode=osi&th=1&psc=1"><img src="https://m.media-amazon.com/images/I/41Xyor9x2SL._SL500_.jpg" alt="Product Image"></a><p>Nars Blush in ORGASM Full Size 0.16 oz. / 4.8 g in Retail Box New Edition</p><p>$22.00</p><a href="https://www.amazon.com/dp/B07J47FHR1?tag=eloabder-20&linkCode=osi&th=1&psc=1">View Product</a></div>
<div class="product"><a href="https://www.amazon.com/dp/B018B8Q5Z6?tag=eloabder-20&linkCode=osi&th=1&psc=1"><img src="https://m.media-amazon.com/images/I/41D9ZHQRaSL._SL500_.jpg" alt="Product Image"></a><p>Physicians Formula Murumuru Butter Bronzer, Moisturizing, Nourishing Murumuru Butter Blend for Silky All-Day Luminous Glow, Dermatologist Tested, Hypoallergenic, Vegan & Cruelty-Free -Bronzer</p><p>$12.15</p><a href="https://www.amazon.com/dp/B018B8Q5Z6?tag=eloabder-20&linkCode=osi&th=1&psc=1">View Product</a></div><div class="product"><a href="https://www.amazon.com/dp/B001B0H82Q?tag=eloabder-20&linkCode=osi&th=1&psc=1"><img src="https://m.media-amazon.com/images/I/41I3B-YoLkL._SL500_.jpg" alt="Product Image"></a><p>Rimmel London Natural - 022 Sun Bronze - Bronzer, Matte Finish, 0.49oz</p><p>$3.97</p><a href="https://www.amazon.com/dp/B001B0H82Q?tag=eloabder-20&linkCode=osi&th=1&psc=1">View Product</a></div><div class="product"><a href="https://www.amazon.com/dp/B0BM5HX7DN?tag=eloabder-20&linkCode=osi&th=1&psc=1"><img src="https://m.media-amazon.com/images/I/41DwoHQgzsL._SL500_.jpg" alt="Product Image"></a><p>Benefit Hoola Matte Bronzer Mini 0.08 Ounce</p><p>$17.92</p><a href="https://www.amazon.com/dp/B0BM5HX7DN?tag=eloabder-20&linkCode=osi&th=1&psc=1">View Product</a></div><div class="product"><a href="https://www.amazon.com/dp/B07M7NGVW7?tag=eloabder-20&linkCode=osi&th=1&psc=1"><img src="https://m.media-amazon.com/images/I/51dvod9PjTL._SL500_.jpg" alt="Product Image"></a><p>wet n wild Color Icon Bronzer What Shady Beaches</p><p>$2.96</p><a href="https://www.amazon.com/dp/B07M7NGVW7?tag=eloabder-20&linkCode=osi&th=1&psc=1">View Product</a></div><div class="product"><a href="https://www.amazon.com/dp/B0CPFVTY7M?tag=eloabder-20&linkCode=osi&th=1&psc=1"><img src="https://m.media-amazon.com/images/I/41rO68Q0mlL._SL500_.jpg" alt="Product Image"></a><p>e.l.f. Primer-Infused Bronzer, Long-Lasting, Lightweight & Buildable Powder Bronzer, Delivers A Matte Finish, Vegan & Cruelty-Free, Fresh Tan</p><p>$7.00</p><a href="https://www.amazon.com/dp/B0CPFVTY7M?tag=eloabder-20&linkCode=osi&th=1&psc=1">View Product</a></div><div class="product"><a href="https://www.amazon.com/dp/B07ZR187P5?tag=eloabder-20&linkCode=osi&th=1&psc=1"><img src="https://m.media-amazon.com/images/I/410nkMFZLYL._SL500_.jpg" alt="Product Image"></a><p>e.l.f. Primer-infused Bronzer, Long-Wear, Matte, Bold, Lightweight, Blends Easily, Contours Cheeks, Forever Sun Kissed, All-Day Wear, 0.35 Oz</p><p>$7.00 ($20.00 / Ounce)</p><a href="https://www.amazon.com/dp/B07ZR187P5?tag=eloabder-20&linkCode=osi&th=1&psc=1">View Product</a></div><div class="product"><a href="https://www.amazon.com/dp/B00518N3VE?tag=eloabder-20&linkCode=osi&th=1&psc=1"><img src="https://m.media-amazon.com/images/I/41SzIseWK6L._SL500_.jpg" alt="Product Image"></a><p>Milani Baked Bronzer - Glow, Cruelty-Free Shimmer Bronzing Powder to Use For Contour Makeup, Highlighters Makeup, Bronzer Makeup, 0.25 Ounce</p><p>$9.97 ($39.88 / Ounce)</p><a href="https://www.amazon.com/dp/B00518N3VE?tag=eloabder-20&linkCode=osi&th=1&psc=1">View Product</a></div><div class="product"><a href="https://www.amazon.com/dp/B0CNTYPSSZ?tag=eloabder-20&linkCode=osi&th=1&psc=1"><img src="https://m.media-amazon.com/images/I/416D4Z7hQ8L._SL500_.jpg" alt="Product Image"></a><p>Milani Cheek Kiss Cream Bronzer-110 Hey Honey</p><p>$9.97</p><a href="https://www.amazon.com/dp/B0CNTYPSSZ?tag=eloabder-20&linkCode=osi&th=1&psc=1">View Product</a></div><div class="product"><a href="https://www.amazon.com/dp/B006WZ9O72?tag=eloabder-20&linkCode=osi&th=1&psc=1"><img src="https://m.media-amazon.com/images/I/51rDNo9JnqL._SL500_.jpg" alt="Product Image"></a><p>Physicians Formula Bronze Booster Glow-Boosting Season-to-Season, Customizable Seasonal Glow Glow, Lasting Tan Boost, Hypoallergenic Powder, Cruelty-Free & Hypoallergenic- Light-to-Medium</p><p>$12.98</p><a href="https://www.amazon.com/dp/B006WZ9O72?tag=eloabder-20&linkCode=osi&th=1&psc=1">View Product</a></div>
<div class="product"><a href="https://www.amazon.com/dp/B09288DSSX?tag=eloabder-20&linkCode=osi&th=1&psc=1"><img src="https://m.media-amazon.com/images/I/417z6evbmhL._SL500_.jpg" alt="Product Image"></a><p>KYDA Face Highlighter Palette, High Glossy Face Illuminator Palette, Narutal Glow Finish, Pearl Shimmer Smooth Baked Powder, Lasting Sparkling Highlighter Makeup-SUN GLOW</p><p>$9.99</p><a href="https://www.amazon.com/dp/B09288DSSX?tag=eloabder-20&linkCode=osi&th=1&psc=1">View Product</a></div><div class="product"><a href="https://www.amazon.com/dp/B082YPL2SV?tag=eloabder-20&linkCode=osi&th=1&psc=1"><img src="https://m.media-amazon.com/images/I/51Y+MCkwArL._SL500_.jpg" alt="Product Image"></a><p>Wet n Wild MegaGlo Blushlighter, Blendable Blush & Highlighter Set, Shimmery Metallic Finish, Highlight Bling</p><p>$5.47</p><a href="https://www.amazon.com/dp/B082YPL2SV?tag=eloabder-20&linkCode=osi&th=1&psc=1">View Product</a></div><div class="product"><a href="https://www.amazon.com/dp/B0C41PSDZF?tag=eloabder-20&linkCode=osi&th=1&psc=1"><img src="https://m.media-amazon.com/images/I/41FLNU-tL-L._SL500_.jpg" alt="Product Image"></a><p>NYX PROFESSIONAL MAKEUP, Jumbo Multi-Use Face Highlighter Stick - Vanilla Ice Cream</p><p>$7.97</p><a href="https://www.amazon.com/dp/B0C41PSDZF?tag=eloabder-20&linkCode=osi&th=1&psc=1">View Product</a></div><div class="product"><a href="https://www.amazon.com/dp/B0C6V67KJW?tag=eloabder-20&linkCode=osi&th=1&psc=1"><img src="https://m.media-amazon.com/images/I/31Yh8b8JEjL._SL500_.jpg" alt="Product Image"></a><p>e.l.f. Halo Glow Highlight Beauty Wand, Liquid Highlighter Wand For Luminous, Glowing Skin, Buildable Formula, Vegan & Cruelty-free,Champagne Campaign</p><p>$9.00</p><a href="https://www.amazon.com/dp/B0C6V67KJW?tag=eloabder-20&linkCode=osi&th=1&psc=1">View Product</a></div><div class="product"><a href="https://www.amazon.com/dp/B073WMG59J?tag=eloabder-20&linkCode=osi&th=1&psc=1"><img src="https://m.media-amazon.com/images/I/51fz8bpJNNL._SL500_.jpg" alt="Product Image"></a><p>wet n wild MegaGlo Highlighting Powder, Highlighter Makeup, Shimmer Glow, Pink Rose Gold Blossom Glow</p><p>$5.41</p><a href="https://www.amazon.com/dp/B073WMG59J?tag=eloabder-20&linkCode=osi&th=1&psc=1">View Product</a></div><div class="product"><a href="https://www.amazon.com/dp/B07QPY11KY?tag=eloabder-20&linkCode=osi&th=1&psc=1"><img src="https://m.media-amazon.com/images/I/312T7p8cW6L._SL500_.jpg" alt="Product Image"></a><p>Revolution Beauty, Reloaded Pressed Powder Highlighter, Intensely Pigmented for a High Impact Dewy Finish, Dare To Divulge, 0.22 Oz.</p><p>$6.91</p><a href="https://www.amazon.com/dp/B07QPY11KY?tag=eloabder-20&linkCode=osi&th=1&psc=1">View Product</a></div><div class="product"><a href="https://www.amazon.com/dp/B074PTZCNW?tag=eloabder-20&linkCode=osi&th=1&psc=1"><img src="https://m.media-amazon.com/images/I/31btEAGukiL._SL500_.jpg" alt="Product Image"></a><p>L'Oreal Paris Makeup True Match Lumi Glotion, Natural Glow Enhancer, Illuminator Highlighter Skin Tint, for an All Day Radiant Glow, Light, 1.35 Ounces</p><p>$12.81</p><a href="https://www.amazon.com/dp/B074PTZCNW?tag=eloabder-20&linkCode=osi&th=1&psc=1">View Product</a></div><div class="product"><a href="https://www.amazon.com/dp/B075K784FK?tag=eloabder-20&linkCode=osi&th=1&psc=1"><img src="https://m.media-amazon.com/images/I/51q6Nf009iL._SL500_.jpg" alt="Product Image"></a><p>Physicians Formula Murumuru Butter Highlighter Makeup Face Powder Make Up, Pearl, Dermatologist Approved</p><p>$10.00</p><a href="https://www.amazon.com/dp/B075K784FK?tag=eloabder-20&linkCode=osi&th=1&psc=1">View Product</a></div><div class="product"><a href="https://www.amazon.com/dp/B0BD9HYBKD?tag=eloabder-20&linkCode=osi&th=1&psc=1"><img src="https://m.media-amazon.com/images/I/319tXl8nMUL._SL500_.jpg" alt="Product Image"></a><p>LAURA GELLER NEW YORK Baked Natural Glow Highlighter Radiance Enhancing Makeup, French Vanilla</p><p>$18.99</p><a href="https://www.amazon.com/dp/B0BD9HYBKD?tag=eloabder-20&linkCode=osi&th=1&psc=1">View Product</a></div><div class="product"><a href="https://www.amazon.com/dp/B083574V27?tag=eloabder-20&linkCode=osi&th=1&psc=1"><img src="https://m.media-amazon.com/images/I/41fyFVpDrXL._SL500_.jpg" alt="Product Image"></a><p>Milani Baked Highlighter (Dolce Perla) - Cruelty-Free Powder Highlighter, Highlight Face for a Shimmery or Matte Finish</p><p>$10.97 ($39.18 / Ounce)</p><a href="https://www.amazon.com/dp/B083574V27?tag=eloabder-20&linkCode=osi&th=1&psc=1">View Product</a></div>
<div class="product"><a href="https://www.amazon.com/dp/B0CMHSNYG8?tag=eloabder-20&linkCode=osi&th=1&psc=1"><img src="https://m.media-amazon.com/images/I/51iVcKQ6eIL._SL500_.jpg" alt="Product Image"></a><p>JODSONE Gel Nail Set 20 Colors High Shine Gorgeous Gel Polish Base Top Matte Coat Nice Gifts Show Charm</p><p>$19.99</p><a href="https://www.amazon.com/dp/B0CMHSNYG8?tag=eloabder-20&linkCode=osi&th=1&psc=1">View Product</a></div><div class="product"><a href="https://www.amazon.com/dp/B09KC56289?tag=eloabder-20&linkCode=osi&th=1&psc=1"><img src="https://m.media-amazon.com/images/I/51M-P1nM7QL._SL500_.jpg" alt="Product Image"></a><p>JODSONE 36 PCS Gel Nail Polish Set-32 Colors Gel Polish Kit Base Coat Glossy Matte and Glitter Top Coat Nail Polish Set Green Blue Red Pink Collection Gifts for Women</p><p>$25.99</p><a href="https://www.amazon.com/dp/B09KC56289?tag=eloabder-20&linkCode=osi&th=1&psc=1">View Product</a></div><div class="product"><a href="https://www.amazon.com/dp/B00GXVVDG0?tag=eloabder-20&linkCode=osi&th=1&psc=1"><img src="https://m.media-amazon.com/images/I/21vF-y2FfJL._SL500_.jpg" alt="Product Image"></a><p>Essie Nail Polish, Salon-Quality, 8-free Vegan, Finish, Mademoiselle, 0.46 Ounces (Packaging May Vary) Sheer Pink</p><p>$8.99</p><a href="https://www.amazon.com/dp/B00GXVVDG0?tag=eloabder-20&linkCode=osi&th=1&psc=1">View Product</a></div><div class="product"><a href="https://www.amazon.com/dp/B0987JZSP8?tag=eloabder-20&linkCode=osi&th=1&psc=1"><img src="https://m.media-amazon.com/images/I/31VZYZfCKbL._SL500_.jpg" alt="Product Image"></a><p>OPI Nature Strong Vegan Nail Polish, Knowledge is Flower, Pink Nail Polish, Natural Origin, Cruelty-Free Nail Lacquer, 0.5 fl oz.</p><p>$12.99 ($25.98 / Fl Oz)</p><a href="https://www.amazon.com/dp/B0987JZSP8?tag=eloabder-20&linkCode=osi&th=1&psc=1">View Product</a></div><div class="product"><a href="https://www.amazon.com/dp/B0CYLRWVVF?tag=eloabder-20&linkCode=osi&th=1&psc=1"><img src="https://m.media-amazon.com/images/I/51G1EY8ny6L._SL500_.jpg" alt="Product Image"></a><p>modelones Pearl Nail Polish 6 Colors Shimmer Pearl White Pink Mermaid Purple Nail Polish Set Summer Quick Dry Nail Polish Finger Nail Polish Bulk Manicure Diy Nail Art Salon Home Gift For Women Girl</p><p>$12.99</p><a href="https://www.amazon.com/dp/B0CYLRWVVF?tag=eloabder-20&linkCode=osi&th=1&psc=1">View Product</a></div>
<div class="product"><a href="https://www.amazon.com/dp/B005HGWGVS?tag=eloabder-20&linkCode=osi&th=1&psc=1"><img src="https://m.media-amazon.com/images/I/41NVfMcQBQL._SL500_.jpg" alt="Product Image"></a><p>Hard As Hoof Nail Strengthening Cream with Coconut Scent, Nail Growth & Conditioning Cuticle Cream Stops Splits, Chips, Cracks & Strengthens Nails, 1 oz</p><p>$8.88</p><a href="https://www.amazon.com/dp/B005HGWGVS?tag=eloabder-20&linkCode=osi&th=1&psc=1">View Product</a></div><div class="product"><a href="https://www.amazon.com/dp/B08YMJ4X4B?tag=eloabder-20&linkCode=osi&th=1&psc=1"><img src="https://m.media-amazon.com/images/I/41JNcOM8lBL._SL500_.jpg" alt="Product Image"></a><p>C CARE Sweet Almond Cuticle Oil For Nails - Repairs Cuticles Overnight - Moisturizes and Strengthens Nails and Cuticles - Dropper & Brush included - 2.5oz</p><p>$5.97 ($2.39 / Fl Oz)</p><a href="https://www.amazon.com/dp/B08YMJ4X4B?tag=eloabder-20&linkCode=osi&th=1&psc=1">View Product</a></div><div class="product"><a href="https://www.amazon.com/dp/B0046MK34G?tag=eloabder-20&linkCode=osi&th=1&psc=1"><img src="https://m.media-amazon.com/images/I/41PPyJFVAlL._SL500_.jpg" alt="Product Image"></a><p>Sally Hansen Instant Cuticle Remover™, Nail Treatment, Fast Drying, Contains Aloe and Chamomile</p><p>$4.97</p><a href="https://www.amazon.com/dp/B0046MK34G?tag=eloabder-20&linkCode=osi&th=1&psc=1">View Product</a></div><div class="product"><a href="https://www.amazon.com/dp/B00F644LTQ?tag=eloabder-20&linkCode=osi&th=1&psc=1"><img src="https://m.media-amazon.com/images/I/31+v2SZDagL._SL500_.jpg" alt="Product Image"></a><p>Cuccio Naturale Revitalizing- Hydrating Oil For Repaired Cuticles Overnight - Remedy For Damaged Skin And Thin Nails - Paraben /Cruelty-Free Formula - Milk And Honey - 2.5 Oz</p><p>$9.48 ($3.79 / Fl Oz)</p><a href="https://www.amazon.com/dp/B00F644LTQ?tag=eloabder-20&linkCode=osi&th=1&psc=1">View Product</a></div><div class="product"><a href="https://www.amazon.com/dp/B007QBKX08?tag=eloabder-20&linkCode=osi&th=1&psc=1"><img src="https://m.media-amazon.com/images/I/51BgkFaTnpL._SL500_.jpg" alt="Product Image"></a><p>Nail Tek Repairs Damaged Nails kit.Intensive Therapy(.5OZ),Foundation(.5OZ)& Renew(.48OZ)</p><p>$14.95</p><a href="https://www.amazon.com/dp/B007QBKX08?tag=eloabder-20&linkCode=osi&th=1&psc=1">View Product</a></div>
<div class="product"><a href="https://www.amazon.com/dp/B017PCGAXQ?tag=eloabder-20&linkCode=osi&th=1&psc=1"><img src="https://m.media-amazon.com/images/I/31-daQlUgGL._SL500_.jpg" alt="Product Image"></a><p>Garnier Micellar Water For Waterproof Makeup, Hydrating Facial Cleanser & Makeup Remover, Suitable for Sensitive Skin, Vegan, Cruelty Free, 13.5 Fl Oz (400mL), 1 Count</p><p>$8.97 ($0.66 / Fl Oz)</p><a href="https://www.amazon.com/dp/B017PCGAXQ?tag=eloabder-20&linkCode=osi&th=1&psc=1">View Product</a></div><div class="product"><a href="https://www.amazon.com/dp/B017PCGABI?tag=eloabder-20&linkCode=osi&th=1&psc=1"><img src="https://m.media-amazon.com/images/I/3106WC85aAL._SL500_.jpg" alt="Product Image"></a><p>Garnier Micellar Water, Hydrating Facial Cleanser & Makeup Remover, Suitable for Sensitive Skin, Vegan, Cruelty Free, 13.5 Fl Oz (400mL), 1 Count</p><p>$8.97 ($0.66 / Fl Oz)</p><a href="https://www.amazon.com/dp/B017PCGABI?tag=eloabder-20&linkCode=osi&th=1&psc=1">View Product</a></div><div class="product"><a href="https://www.amazon.com/dp/B00U2VQZDS?tag=eloabder-20&linkCode=osi&th=1&psc=1"><img src="https://m.media-amazon.com/images/I/41VzZfHAKpL._SL500_.jpg" alt="Product Image"></a><p>Neutrogena Makeup Remover Wipes, Ultra-Soft Cleansing Facial Towelettes for Waterproof Makeup, Alcohol-Free, Plant-Based, Twin Pack, 25 Count (Pack of 2)</p><p>$9.16 ($0.18 / Count)</p><a href="https://www.amazon.com/dp/B00U2VQZDS?tag=eloabder-20&linkCode=osi&th=1&psc=1">View Product</a></div><div class="product"><a href="https://www.amazon.com/dp/B07T9JV956?tag=eloabder-20&linkCode=osi&th=1&psc=1"><img src="https://m.media-amazon.com/images/I/310x+0QrxsL._SL500_.jpg" alt="Product Image"></a><p>Neutrogena Gentle Oil-Free Eye Makeup Remover & Cleanser for Sensitive Eyes, Non-Greasy Makeup Remover, Removes Waterproof Mascara, Dermatologist & Ophthalmologist Tested, 8.0 fl. oz</p><p>$9.39 ($1.17 / Fl Oz)</p><a href="https://www.amazon.com/dp/B07T9JV956?tag=eloabder-20&linkCode=osi&th=1&psc=1">View Product</a></div><div class="product"><a href="https://www.amazon.com/dp/B01M31HY3S?tag=eloabder-20&linkCode=osi&th=1&psc=1"><img src="https://m.media-amazon.com/images/I/319i79e7f4L._SL500_.jpg" alt="Product Image"></a><p>Cetaphil Gentle Waterproof Makeup Remover, Mother's Day Gifts, Oil-Free Formula Suitable for Sensitive Skin, 6.0 Fluid Ounce</p><p>$9.87 ($1.64 / Fl Oz)</p><a href="https://www.amazon.com/dp/B01M31HY3S?tag=eloabder-20&linkCode=osi&th=1&psc=1">View Product</a></div><div class="product"><a href="https://www.amazon.com/dp/B07SS6LFRG?tag=eloabder-20&linkCode=osi&th=1&psc=1"><img src="https://m.media-amazon.com/images/I/31Mwa89HfCL._SL500_.jpg" alt="Product Image"></a><p>Amazon Basics Eye Makeup Remover, Removes Waterproof Mascara, Dermatologist Tested, Fragrance Free, 5.5 Fl Oz (Pack of 1)</p><p>$5.99 ($1.09 / Fl Oz)</p><a href="https://www.amazon.com/dp/B07SS6LFRG?tag=eloabder-20&linkCode=osi&th=1&psc=1">View Product</a></div><div class="product"><a href="https://www.amazon.com/dp/B08TQTT8LK?tag=eloabder-20&linkCode=osi&th=1&psc=1"><img src="https://m.media-amazon.com/images/I/31R-Y-dhjEL._SL500_.jpg" alt="Product Image"></a><p>e.l.f. Holy Hydration! Makeup Melting Cleansing Balm, Face Cleanser & Makeup Remover, Infused with Hyaluronic Acid to Hydrate Skin, 2 Oz</p><p>$11.00 ($5.50 / Ounce)</p><a href="https://www.amazon.com/dp/B08TQTT8LK?tag=eloabder-20&linkCode=osi&th=1&psc=1">View Product</a></div><div class="product"><a href="https://www.amazon.com/dp/B08Q3CQM7X?tag=eloabder-20&linkCode=osi&th=1&psc=1"><img src="https://m.media-amazon.com/images/I/31edyzkByfL._SL500_.jpg" alt="Product Image"></a><p>JUNO & Co. Clean 10 Cleansing Balm 10 Ingredients Makeup Remover 85g / 3.0oz</p><p>$14.99 ($5.00 / Ounce)</p><a href="https://www.amazon.com/dp/B08Q3CQM7X?tag=eloabder-20&linkCode=osi&th=1&psc=1">View Product</a></div><div class="product"><a href="https://www.amazon.com/dp/B0B1PP1XCM?tag=eloabder-20&linkCode=osi&th=1&psc=1"><img src="https://m.media-amazon.com/images/I/31kOCqV2+BL._SL500_.jpg" alt="Product Image"></a><p>CeraVe Cleansing Balm for Sensitive Skin | Hydrating Makeup Remover with Ceramides and Plant-based Jojoba Oil for Face | Non-Comedogenic Fragrance Free Non-Greasy |1.3 Ounces</p><p>$9.97 ($7.67 / Ounce)</p><a href="https://www.amazon.com/dp/B0B1PP1XCM?tag=eloabder-20&linkCode=osi&th=1&psc=1">View Product</a></div><div class="product"><a href="https://www.amazon.com/dp/B0BX65V1BZ?tag=eloabder-20&linkCode=osi&th=1&psc=1"><img src="https://m.media-amazon.com/images/I/31t6WiWvdDL._SL500_.jpg" alt="Product Image"></a><p>Prime Prometics PrimeSkin Beauty Water – Deeply Hydrating Pro-Age Make-Up Remover for Mature Women – Clean, One Swipe – for All Skin Types – pH balanced, Hypoallergenic</p><p>$27.00 ($5.29 / Fl Oz)</p><a href="https://www.amazon.com/dp/B0BX65V1BZ?tag=eloabder-20&linkCode=osi&th=1&psc=1">View Product</a></div>
<div class="product"><a href="https://www.amazon.com/dp/B07XC569XF?tag=eloabder-20&linkCode=osi&th=1&psc=1"><img src="https://m.media-amazon.com/images/I/4109uyzn-sL._SL500_.jpg" alt="Product Image"></a><p>Neutrogena Hydro Boost Facial Cleansing Towelettes + Hyaluronic Acid, Hydrating Makeup Remover Face Wipes Remove Dirt & Waterproof Makeup, Hypoallergenic, 100% Plant-Based Cloth, 2 x 25 ct</p><p>$13.20 ($0.26 / Count)</p><a href="https://www.amazon.com/dp/B07XC569XF?tag=eloabder-20&linkCode=osi&th=1&psc=1">View Product</a></div><div class="product"><a href="https://www.amazon.com/dp/B00479FP4Q?tag=eloabder-20&linkCode=osi&th=1&psc=1"><img src="https://m.media-amazon.com/images/I/41L2wro-FlL._SL500_.jpg" alt="Product Image"></a><p>Olay Daily Facials, Daily Clean Makeup Removing Facial Cleansing Wipes, 5-in-1 Water Activated Cloths, Exfoliates, Tones and Hydrates Skin, 66 count</p><p>$9.74 ($0.15 / Count)</p><a href="https://www.amazon.com/dp/B00479FP4Q?tag=eloabder-20&linkCode=osi&th=1&psc=1">View Product</a></div><div class="product"><a href="https://www.amazon.com/dp/B0864VDH6F?tag=eloabder-20&linkCode=osi&th=1&psc=1"><img src="https://m.media-amazon.com/images/I/418baEPkUdL._SL500_.jpg" alt="Product Image"></a><p>Amazon Basics Make Up Remover Wipes, Night Calming, 50 Count (2 Packs of 25) (Previously Solimo)</p><p>$7.93 ($0.16 / Count)</p><a href="https://www.amazon.com/dp/B0864VDH6F?tag=eloabder-20&linkCode=osi&th=1&psc=1">View Product</a></div><div class="product"><a href="https://www.amazon.com/dp/B093T3LQPP?tag=eloabder-20&linkCode=osi&th=1&psc=1"><img src="https://m.media-amazon.com/images/I/51mLU+qr6tL._SL500_.jpg" alt="Product Image"></a><p>Burt's Bees Rose Water Face Wipes, for All Skin Types, Hydrating Micellar Makeup Remover & Facial Cleansing Towelettes, 30 Ct (3-Pack)</p><p>$16.47 ($0.18 / Count)</p><a href="https://www.amazon.com/dp/B093T3LQPP?tag=eloabder-20&linkCode=osi&th=1&psc=1">View Product</a></div><div class="product"><a href="https://www.amazon.com/dp/B00NUJQG7Y?tag=eloabder-20&linkCode=osi&th=1&psc=1"><img src="https://m.media-amazon.com/images/I/51apu8FIluL._SL500_.jpg" alt="Product Image"></a><p>Burt's Bees Aloe Vera Face Wipes, for Sensitive Skin, Soothing Makeup Remover & Facial Cleansing Towelettes, 30 Ct. (3-Pack)</p><p>$16.41 ($0.18 / Count)</p><a href="https://www.amazon.com/dp/B00NUJQG7Y?tag=eloabder-20&linkCode=osi&th=1&psc=1">View Product</a></div><div class="product"><a href="https://www.amazon.com/dp/B09LXWPB1V?tag=eloabder-20&linkCode=osi&th=1&psc=1"><img src="https://m.media-amazon.com/images/I/4117i-jJMKL._SL500_.jpg" alt="Product Image"></a><p>CeraVe Hydrating Facial Cleansing Makeup Remover Wipes| Plant Based Face Biodegradable in Home Compost| Wash Cloth| Suitable for Sensitive Skin| Fragrance-free Non-comedogenic| 25 Count</p><p>$9.97 ($0.40 / Count)</p><a href="https://www.amazon.com/dp/B09LXWPB1V?tag=eloabder-20&linkCode=osi&th=1&psc=1">View Product</a></div><div class="product"><a href="https://www.amazon.com/dp/B006RFZ9IK?tag=eloabder-20&linkCode=osi&th=1&psc=1"><img src="https://m.media-amazon.com/images/I/41c4Ogejt9L._SL500_.jpg" alt="Product Image"></a><p>Bioré Daily Make Up Removing Cloths, Facial Cleansing Wipes with Dirt-grabbing Fibers for Deep Pore Cleansing without Oily Residue, 60 Count</p><p>$11.99 ($0.20 / Count)</p><a href="https://www.amazon.com/dp/B006RFZ9IK?tag=eloabder-20&linkCode=osi&th=1&psc=1">View Product</a></div><div class="product"><a href="https://www.amazon.com/dp/B01M4NFD2N?tag=eloabder-20&linkCode=osi&th=1&psc=1"><img src="https://m.media-amazon.com/images/I/41-iPdzYWDL._SL500_.jpg" alt="Product Image"></a><p>Cetaphil Gentle Makeup Removing Face Wipes, Daily Cleansing Facial Towelettes Gently Remove Makeup, Fragrance and Alcohol Free, 25 Count</p><p>$6.85 ($0.27 / Count)</p><a href="https://www.amazon.com/dp/B01M4NFD2N?tag=eloabder-20&linkCode=osi&th=1&psc=1">View Product</a></div><div class="product"><a href="https://www.amazon.com/dp/B0B644ZQLV?tag=eloabder-20&linkCode=osi&th=1&psc=1"><img src="https://m.media-amazon.com/images/I/41E5FGVZrnL._SL500_.jpg" alt="Product Image"></a><p>Cetaphil Face and Body Wipes, Gentle Skin Cleansing Cloths, 25 Count (Pack of 3), for Dry, Sensitive Skin, Flip Top Closure, Great for the Gym, Hypoallergenic, Fragrance Free</p><p>$20.91 ($0.28 / Count)</p><a href="https://www.amazon.com/dp/B0B644ZQLV?tag=eloabder-20&linkCode=osi&th=1&psc=1">View Product</a></div>
<div class="product"><a href="https://www.amazon.com/dp/B08RD6S5HF?tag=eloabder-20&linkCode=osi&th=1&psc=1"><img src="https://m.media-amazon.com/images/I/41uDw-xQNuL._SL500_.jpg" alt="Product Image"></a><p>BAIMEI IcyMe Gua Sha & Jade Roller Facial Tools Face Roller and Gua Sha Set for Puffiness and Redness Reducing Skin Care Routine, Self Care Gift for Men Women - Green</p><p>$9.99</p><a href="https://www.amazon.com/dp/B08RD6S5HF?tag=eloabder-20&linkCode=osi&th=1&psc=1">View Product</a></div><div class="product"><a href="https://www.amazon.com/dp/B09961TCV4?tag=eloabder-20&linkCode=osi&th=1&psc=1"><img src="https://m.media-amazon.com/images/I/41cLCDErk6L._SL500_.jpg" alt="Product Image"></a><p>huefull Gua Sha Facial Tools & Jade Roller Set for Skin Care, Reduce Puffiness and Improve Wrinkles, Guasha Tool for Face, Gua Sha Stone Self Care Gift for Woman Man</p><p>$7.99 ($4.00 / Count)</p><a href="https://www.amazon.com/dp/B09961TCV4?tag=eloabder-20&linkCode=osi&th=1&psc=1">View Product</a></div><div class="product"><a href="https://www.amazon.com/dp/B09P88YNZZ?tag=eloabder-20&linkCode=osi&th=1&psc=1"><img src="https://m.media-amazon.com/images/I/31gv5dz1KML._SL500_.jpg" alt="Product Image"></a><p>Ice Roller for Face and Eye, Ice Face Roller,Facial Beauty Ice Roller Skin Care Tools, Ice Facial Cube, Gua Sha Face Massage, Silicone Ice Mold for Face Beauty (Pink)</p><p>$5.99 ($1.20 / Ounce)</p><a href="https://www.amazon.com/dp/B09P88YNZZ?tag=eloabder-20&linkCode=osi&th=1&psc=1">View Product</a></div><div class="product"><a href="https://www.amazon.com/dp/B09V5TRZTS?tag=eloabder-20&linkCode=osi&th=1&psc=1"><img src="https://m.media-amazon.com/images/I/31NWpXealIL._SL500_.jpg" alt="Product Image"></a><p>ROSELYNBOUTIQUE Ice Roller for Face Wrinkles Fine Lines Puffiness Stick Massager Facial Skin Care Tools Self Care Gifts for Men Women (Green)</p><p>$6.39</p><a href="https://www.amazon.com/dp/B09V5TRZTS?tag=eloabder-20&linkCode=osi&th=1&psc=1">View Product</a></div><div class="product"><a href="https://www.amazon.com/dp/B0BR7YG7QH?tag=eloabder-20&linkCode=osi&th=1&psc=1"><img src="https://m.media-amazon.com/images/I/41gFogNe+dL._SL500_.jpg" alt="Product Image"></a><p>8 Pieces Triangle Powder Puff Face Soft Triangle Makeup Puff Velour Cosmetic Foundation Blender Sponge Beauty Makeup Tools</p><p>$3.99 ($0.50 / Count)</p><a href="https://www.amazon.com/dp/B0BR7YG7QH?tag=eloabder-20&linkCode=osi&th=1&psc=1">View Product</a></div><div class="product"><a href="https://www.amazon.com/dp/B09XJYZDVG?tag=eloabder-20&linkCode=osi&th=1&psc=1"><img src="https://m.media-amazon.com/images/I/41jMEmTiSQL._SL500_.jpg" alt="Product Image"></a><p>Aaiffey Eyeliner Applicator Kit, Eyeliner Tool with Eyeliner Cream Black Eyeliner Gel Reusable Silicone Eye Liner Applicator Waterproof Eyeliner Easy No-Skip (eyeliner tool +black eyeliner creams)</p><p>$9.98</p><a href="https://www.amazon.com/dp/B09XJYZDVG?tag=eloabder-20&linkCode=osi&th=1&psc=1">View Product</a></div>
<div class="product"><a href="https://www.amazon.com/dp/B075S543DR?tag=eloabder-20&linkCode=osi&th=1&psc=1"><img src="https://m.media-amazon.com/images/I/418N6a3fvaL._SL500_.jpg" alt="Product Image"></a><p>EcoTools Start The Day Beautifully 6 Piece Makeup Brush Set, Makeup Brushes For Eyeshadow, Blush, Concealer, & Foundation Application, Eco-Friendly, Gift Set, Synthetic Hair, Vegan & Cruelty-Free</p><p>$9.98</p><a href="https://www.amazon.com/dp/B075S543DR?tag=eloabder-20&linkCode=osi&th=1&psc=1">View Product</a></div><div class="product"><a href="https://www.amazon.com/dp/B07FTXBNVL?tag=eloabder-20&linkCode=osi&th=1&psc=1"><img src="https://m.media-amazon.com/images/I/41O4pc78hYL._SL500_.jpg" alt="Product Image"></a><p>Real Techniques 5 Piece Everyday Essentials Makeup Brush Set, Includes 4 Brushes & Makeup Sponge, For Foundation, Blush, Bronzer, Contour, Eyeshadow, & Powder, Travel Gift Set, Cruelty-Free & Vegan</p><p>$13.99</p><a href="https://www.amazon.com/dp/B07FTXBNVL?tag=eloabder-20&linkCode=osi&th=1&psc=1">View Product</a></div>
<div class="product"><a href="https://www.amazon.com/dp/B00WZQTCS8?tag=eloabder-20&linkCode=osi&th=1&psc=1"><img src="https://m.media-amazon.com/images/I/41iVoW5QboL._SL500_.jpg" alt="Product Image"></a><p>NYX PROFESSIONAL MAKEUP Micro Brow Pencil, Eyebrow Pencil - Espresso</p><p>$7.50</p><a href="https://www.amazon.com/dp/B00WZQTCS8?tag=eloabder-20&linkCode=osi&th=1&psc=1">View Product</a></div><div class="product"><a href="https://www.amazon.com/dp/B01643FI0I?tag=eloabder-20&linkCode=osi&th=1&psc=1"><img src="https://m.media-amazon.com/images/I/21w1DpgxRoL._SL500_.jpg" alt="Product Image"></a><p>L'Oreal Paris Makeup Brow Stylist Definer Waterproof Eyebrow Pencil, Ultra-Fine Mechanical Pencil, Draws Tiny Brow Hairs and Fills in Sparse Areas and Gaps, Dark Brunette, 0.003 Ounce (Pack of 1)</p><p>$8.98</p><a href="https://www.amazon.com/dp/B01643FI0I?tag=eloabder-20&linkCode=osi&th=1&psc=1">View Product</a></div><div class="product"><a href="https://www.amazon.com/dp/B0B52KG7YP?tag=eloabder-20&linkCode=osi&th=1&psc=1"><img src="https://m.media-amazon.com/images/I/31Mi4FEPxYL._SL500_.jpg" alt="Product Image"></a><p>e.l.f. Instant Lift Brow Pencil, Dual-Ended Precision Brow Pencils For Shaping & Defining Eyebrows, Vegan & Cruelty-Free, Neutral Brown, 2-Pack</p><p>$5.00</p><a href="https://www.amazon.com/dp/B0B52KG7YP?tag=eloabder-20&linkCode=osi&th=1&psc=1">View Product</a></div><div class="product"><a href="https://www.amazon.com/dp/B078KB7L4G?tag=eloabder-20&linkCode=osi&th=1&psc=1"><img src="https://m.media-amazon.com/images/I/31QF5SK3tzL._SL500_.jpg" alt="Product Image"></a><p>wet n wild Ultimate Eyebrow Retractable Definer Pencil, Medium Brown, Dual-Sided Brow Brush, Fine Tip, Shapes, Defines, Fills Brow Makeup</p><p>$2.74</p><a href="https://www.amazon.com/dp/B078KB7L4G?tag=eloabder-20&linkCode=osi&th=1&psc=1">View Product</a></div><div class="product"><a href="https://www.amazon.com/dp/B074VD4X7W?tag=eloabder-20&linkCode=osi&th=1&psc=1"><img src="https://m.media-amazon.com/images/I/41eK8J1W2rL._SL500_.jpg" alt="Product Image"></a><p>Maybelline Total Temptation Eyebrow Definer Pencil, Soft Brown, 1 Count</p><p>$8.99</p><a href="https://www.amazon.com/dp/B074VD4X7W?tag=eloabder-20&linkCode=osi&th=1&psc=1">View Product</a></div><div class="product"><a href="https://www.amazon.com/dp/B001ESKLZQ?tag=eloabder-20&linkCode=osi&th=1&psc=1"><img src="https://m.media-amazon.com/images/I/31bw47frHzS._SL500_.jpg" alt="Product Image"></a><p>COVERGIRL - Easy Breezy Brow Fill + Define Brow Pencil, Sharpener Included, Long-Lasting, Deeply Pigmented, Blendable Formula, 100% Cruelty-Free</p><p>$4.47</p><a href="https://www.amazon.com/dp/B001ESKLZQ?tag=eloabder-20&linkCode=osi&th=1&psc=1">View Product</a></div><div class="product"><a href="https://www.amazon.com/dp/B0D12PWNK6?tag=eloabder-20&linkCode=osi&th=1&psc=1"><img src="https://m.media-amazon.com/images/I/51u7eOlEtFL._SL500_.jpg" alt="Product Image"></a><p>iMethod Microblading Eyebrow Pen - Eyebrow Pencil Magical 2-in-1 Dual-Ended Eye Brow Pencils for Women with 4-Fork-Tip & Precise Brush-Tip Create Natural Hair-Like Brows, Last All-Day, Dark Brown</p><p>$14.97 ($14.97 / Count)</p><a href="https://www.amazon.com/dp/B0D12PWNK6?tag=eloabder-20&linkCode=osi&th=1&psc=1">View Product</a></div><div class="product"><a href="https://www.amazon.com/dp/B0CPFY8K8W?tag=eloabder-20&linkCode=osi&th=1&psc=1"><img src="https://m.media-amazon.com/images/I/21SmXiqZZYL._SL500_.jpg" alt="Product Image"></a><p>e.l.f. Instant Lift Waterproof Brow Pencil, Long-Lasting Eyebrow Pencil For Grooming & Shaping Brows, Vegan & Cruelty-free, Deep Brown</p><p>$4.00</p><a href="https://www.amazon.com/dp/B0CPFY8K8W?tag=eloabder-20&linkCode=osi&th=1&psc=1">View Product</a></div>
<div class="product"><a href="https://www.amazon.com/dp/B079B8BFR3?tag=eloabder-20&linkCode=osi&th=1&psc=1"><img src="https://m.media-amazon.com/images/I/41DSmndr3KL._SL500_.jpg" alt="Product Image"></a><p>KISS Looks So Natural, False Eyelashes, Shy', 12 mm, Includes 5 Pairs Of Lashes, Contact Lens Friendly, Easy to Apply, Reusable Strip Lashes, Glue On</p><p>$7.09</p><a href="https://www.amazon.com/dp/B079B8BFR3?tag=eloabder-20&linkCode=osi&th=1&psc=1">View Product</a></div><div class="product"><a href="https://www.amazon.com/dp/B09MQCDVM7?tag=eloabder-20&linkCode=osi&th=1&psc=1"><img src="https://m.media-amazon.com/images/I/510lQqrrVtL._SL500_.jpg" alt="Product Image"></a><p>False Eyelashes 14mm Faux 3D Mink Lashes Natural Look Fluffy Cat Eye Wispy Lashes Pack by Kiromiro, 14 Pairs</p><p>$8.89</p><a href="https://www.amazon.com/dp/B09MQCDVM7?tag=eloabder-20&linkCode=osi&th=1&psc=1">View Product</a></div><div class="product"><a href="https://www.amazon.com/dp/B00DS4EIEE?tag=eloabder-20&linkCode=osi&th=1&psc=1"><img src="https://m.media-amazon.com/images/I/415k4JSKxOL._SL500_.jpg" alt="Product Image"></a><p>KISS So Wispy, False Eyelashes, Style #11', 12 mm, Includes 5 Pairs Of Lashes, Contact Lens Friendly, Easy to Apply, Reusable Strip Lashes, Glue On, Mulitpack</p><p>$8.97 ($1.79 / Count)</p><a href="https://www.amazon.com/dp/B00DS4EIEE?tag=eloabder-20&linkCode=osi&th=1&psc=1">View Product</a></div><div class="product"><a href="https://www.amazon.com/dp/B0C5QK1QHP?tag=eloabder-20&linkCode=osi&th=1&psc=1"><img src="https://m.media-amazon.com/images/I/51eSQ4cj35L._SL500_.jpg" alt="Product Image"></a><p>Veleasha Lashes 5D Faux Mink Lashes 100% Handmade Luxurious Fake Eyelashes Lightweight Fluffy False Eyelashes 5 Pairs Pack (G2)</p><p>$6.98 ($1.40 / Count)</p><a href="https://www.amazon.com/dp/B0C5QK1QHP?tag=eloabder-20&linkCode=osi&th=1&psc=1">View Product</a></div><div class="product"><a href="https://www.amazon.com/dp/B0B1LRRTCH?tag=eloabder-20&linkCode=osi&th=1&psc=1"><img src="https://m.media-amazon.com/images/I/41gc2Df+nAL._SL500_.jpg" alt="Product Image"></a><p>GMAGICTOBO False Eyelashes Natural Half Lashes Short Wispy Clear Band Lashes Pack Cat Eye 3D Faux Mink Lashes Fake Eyelashes 7 Pairs Multipack</p><p>$8.59 ($1.23 / Count)</p><a href="https://www.amazon.com/dp/B0B1LRRTCH?tag=eloabder-20&linkCode=osi&th=1&psc=1">View Product</a></div><div class="product"><a href="https://www.amazon.com/dp/B08R6PR7ND?tag=eloabder-20&linkCode=osi&th=1&psc=1"><img src="https://m.media-amazon.com/images/I/41r4c3ZiCWL._SL500_.jpg" alt="Product Image"></a><p>KISS My Lash But Better, False Eyelashes, All Mine', 10 mm, Includes 1 Pair Of Lashes, Contact Lens Friendly, Easy to Apply, Reusable Strip Lashes, Glue-On</p><p>$3.97</p><a href="https://www.amazon.com/dp/B08R6PR7ND?tag=eloabder-20&linkCode=osi&th=1&psc=1">View Product</a></div><div class="product"><a href="https://www.amazon.com/dp/B0BX3YHN14?tag=eloabder-20&linkCode=osi&th=1&psc=1"><img src="https://m.media-amazon.com/images/I/51YYa1vTElL._SL500_.jpg" alt="Product Image"></a><p>KISS imPRESS Falsies False Eyelashes, Lash Clusters, Voluminous', 14 mm, Includes 20 Clusters, 1 applicator, Contact Lens Friendly, Easy to Apply, Reusable Strip Lashes</p><p>$12.72</p><a href="https://www.amazon.com/dp/B0BX3YHN14?tag=eloabder-20&linkCode=osi&th=1&psc=1">View Product</a></div><div class="product"><a href="https://www.amazon.com/dp/B00YYHHI1E?tag=eloabder-20&linkCode=osi&th=1&psc=1"><img src="https://m.media-amazon.com/images/I/419bv9iNI9L._SL500_.jpg" alt="Product Image"></a><p>Ardell False Eyelashes Demi Wispies Black, 1 pack (6 pairs per pack)</p><p>$9.74 ($1.95 / Count)</p><a href="https://www.amazon.com/dp/B00YYHHI1E?tag=eloabder-20&linkCode=osi&th=1&psc=1">View Product</a></div><div class="product"><a href="https://www.amazon.com/dp/B0CG5SY8J1?tag=eloabder-20&linkCode=osi&th=1&psc=1"><img src="https://m.media-amazon.com/images/I/41SWlZB3plL._SL500_.jpg" alt="Product Image"></a><p>Natural Lashes Natural Eyelashes Short Eyelashes Natural Look False Eyelashes Wispy Eye Lashes 10mm Small Lashes Fake Lashes K50</p><p>$7.93 ($1.13 / Count)</p><a href="https://www.amazon.com/dp/B0CG5SY8J1?tag=eloabder-20&linkCode=osi&th=1&psc=1">View Product</a></div><div class="product"><a href="https://www.amazon.com/dp/B08SPVMDTV?tag=eloabder-20&linkCode=osi&th=1&psc=1"><img src="https://m.media-amazon.com/images/I/41Q6wh0HacL._SL500_.jpg" alt="Product Image"></a><p>KISS Falscara Multipack False Eyelashes, Lash Clusters, Natural Wispy Wisps', 10mm-12mm-14mm, Includes 24 Assorted Lengths Wisps, Contact Lens Friendly, Easy to Apply, Reusable Strip Lashes</p><p>$6.47 ($0.27 / Count)</p><a href="https://www.amazon.com/dp/B08SPVMDTV?tag=eloabder-20&linkCode=osi&th=1&psc=1">View Product</a></div>
<div class="product"><a href="https://www.amazon.com/dp/B08ZYKFNLK?tag=eloabder-20&linkCode=osi&th=1&psc=1"><img src="https://m.media-amazon.com/images/I/41LSyt4W-HL._SL500_.jpg" alt="Product Image"></a><p>Makeup Sponge Set BS-MALL Blender Sponges 7 Pcs for Liquid, Cream, and Powder, Multi-colored with 1 Mini Makeup Sponge Pink (A-Pink）</p><p>$6.99 ($1.00 / Count)</p><a href="https://www.amazon.com/dp/B08ZYKFNLK?tag=eloabder-20&linkCode=osi&th=1&psc=1">View Product</a></div><div class="product"><a href="https://www.amazon.com/dp/B01F36JEXE?tag=eloabder-20&linkCode=osi&th=1&psc=1"><img src="https://m.media-amazon.com/images/I/41AHaVc97tL._SL500_.jpg" alt="Product Image"></a><p>BEAKEY Makeup Sponge 5 Pcs Set, Makeup Sponges for Foundation, Liquid, Cream and Powder. Latex-Free Boun Boun Beauty Sponge for Blending, Blender for Enhanced Make Up Application, Ideal Gift</p><p>$6.99 ($1.40 / Count)</p><a href="https://www.amazon.com/dp/B01F36JEXE?tag=eloabder-20&linkCode=osi&th=1&psc=1">View Product</a></div><div class="product"><a href="https://www.amazon.com/dp/B07VBNQ367?tag=eloabder-20&linkCode=osi&th=1&psc=1"><img src="https://m.media-amazon.com/images/I/41tK1+FK+ML._SL500_.jpg" alt="Product Image"></a><p>Beautyblender® | Original Pink Beauty Blender Makeup Sponge, Super-Soft Foam Easily Blends Foundations, Powders & Creams, Made in USA, Reusable, Washable, Streak Free Application, Vegan, Cruelty Free</p><p>$20.00</p><a href="https://www.amazon.com/dp/B07VBNQ367?tag=eloabder-20&linkCode=osi&th=1&psc=1">View Product</a></div><div class="product"><a href="https://www.amazon.com/dp/B013XJUWC0?tag=eloabder-20&linkCode=osi&th=1&psc=1"><img src="https://m.media-amazon.com/images/I/519iY4n1lHL._SL500_.jpg" alt="Product Image"></a><p>Aesthetica Cosmetics Beauty Sponge Blender - Latex Free and Vegan Makeup Sponge Blender - For Powder, Cream or Liquid Application - One Piece Make Up Sponge</p><p>$3.97</p><a href="https://www.amazon.com/dp/B013XJUWC0?tag=eloabder-20&linkCode=osi&th=1&psc=1">View Product</a></div><div class="product"><a href="https://www.amazon.com/dp/B08T79281H?tag=eloabder-20&linkCode=osi&th=1&psc=1"><img src="https://m.media-amazon.com/images/I/41OyxvePdBL._SL500_.jpg" alt="Product Image"></a><p>DUAIU 4 Pcs Makeup Sponge Set Beauty Sponge Foundation Blending Sponge, Flawless for Liquid, Cream, and Powder, Multi-colored Makeup Sponges with Storage Box</p><p>$4.99 ($1.25 / Count)</p><a href="https://www.amazon.com/dp/B08T79281H?tag=eloabder-20&linkCode=osi&th=1&psc=1">View Product</a></div><div class="product"><a href="https://www.amazon.com/dp/B00EUBPHR6?tag=eloabder-20&linkCode=osi&th=1&psc=1"><img src="https://m.media-amazon.com/images/I/31BZh7Bg7hL._SL500_.jpg" alt="Product Image"></a><p>Real Techniques Miracle Complexion Sponge, Makeup Blending Sponge, For Liquid & Cream Foundation, Offers Light To Medium Coverage, Natural, Dewy Makeup, Orange Sponge, Latex-Free Foam, 1 Count</p><p>$4.57</p><a href="https://www.amazon.com/dp/B00EUBPHR6?tag=eloabder-20&linkCode=osi&th=1&psc=1">View Product</a></div><div class="product"><a href="https://www.amazon.com/dp/B0CL2FKVH2?tag=eloabder-20&linkCode=osi&th=1&psc=1"><img src="https://m.media-amazon.com/images/I/41u81y8DJoL._SL500_.jpg" alt="Product Image"></a><p>14 Pcs Makeup Sponge Set,Beauty Sponges Blender with 4 Pcs Powder Puff and 4 Pcs Mini Make up Sponges Valentine's Day Gift,Mother's Day Gift for Women Liquid,Foundation,Powder,Concealer,Cream(Pink)</p><p>$8.99 ($0.64 / Count)</p><a href="https://www.amazon.com/dp/B0CL2FKVH2?tag=eloabder-20&linkCode=osi&th=1&psc=1">View Product</a></div><div class="product"><a href="https://www.amazon.com/dp/B0CTX1X4F1?tag=eloabder-20&linkCode=osi&th=1&psc=1"><img src="https://m.media-amazon.com/images/I/31dP1yTUmWL._SL500_.jpg" alt="Product Image"></a><p>GFOUNS 15 pcs Beauty blender Makeup Sponge Bulk:Blender Sponges 15 Pcs for Liquid, Cream, and Powder, Multi-colored Pink make up sponges for foundation</p><p>$5.99</p><a href="https://www.amazon.com/dp/B0CTX1X4F1?tag=eloabder-20&linkCode=osi&th=1&psc=1">View Product</a></div>
<div class="product"><a href="https://www.amazon.com/dp/B010CRFSTI?tag=eloabder-20&linkCode=osi&th=1&psc=1"><img src="https://m.media-amazon.com/images/I/41JQ+znx4gL._SL500_.jpg" alt="Product Image"></a><p>Conair Salon Results Hairbrush Set - Travel Hair Brush - Hairbrushes for All Hair Types - Travel size + Full-size Brush</p><p>$5.88 ($2.94 / Count)</p><a href="https://www.amazon.com/dp/B010CRFSTI?tag=eloabder-20&linkCode=osi&th=1&psc=1">View Product</a></div><div class="product"><a href="https://www.amazon.com/dp/B094DK6JNF?tag=eloabder-20&linkCode=osi&th=1&psc=1"><img src="https://m.media-amazon.com/images/I/31dF+T3k3nL._SL500_.jpg" alt="Product Image"></a><p>Wet Brush Original Detangler Hair Brush, Amazon Exclusive Aqua- Ultra-Soft IntelliFlex Bristles-Detangling Hairbrush Glides Through Tangles For All Hair Types (Wet Dry & Damaged Hair) - Women & Men</p><p>$8.99</p><a href="https://www.amazon.com/dp/B094DK6JNF?tag=eloabder-20&linkCode=osi&th=1&psc=1">View Product</a></div>

<div class="product"><a href="https://www.amazon.com/dp/B07KSQZ4MR?tag=eloabder-20&linkCode=osi&th=1&psc=1"><img src="https://m.media-amazon.com/images/I/31A-mCllrgL._SL500_.jpg" alt="Product Image"></a><p>Hot Tools Pro Artist Black Gold Evolve Ionic Salon Hair Flat Iron | Long-Lasting Finish for Straightening Hair, (1-1/4 in), HT7123BG</p><p>$61.50</p><a href="https://www.amazon.com/dp/B07KSQZ4MR?tag=eloabder-20&linkCode=osi&th=1&psc=1">View Product</a></div>
<div class="product"><a href="https://www.amazon.com/dp/B0027SU9JU?tag=eloabder-20&linkCode=osi&th=1&psc=1"><img src="https://m.media-amazon.com/images/I/31rfzenB9mL._SL500_.jpg" alt="Product Image"></a><p>REVLON Turbo Hair Dryer with Advanced Ionic Technology, Ceramic Coating | Turbo Heat and Cold Shot Features, 1875 Watts for Fast Drying and Shine (Silver)</p><p>$19.99</p><a href="https://www.amazon.com/dp/B0027SU9JU?tag=eloabder-20&linkCode=osi&th=1&psc=1">View Product</a></div>

<div class="product"><a href="https://www.amazon.com/dp/B07PBXXNCY?tag=eloabder-20&linkCode=osi&th=1&psc=1"><img src="https://m.media-amazon.com/images/I/31OVxUr+bUL._SL500_.jpg" alt="Product Image"></a><p>Clean Skin Club Clean Towels XL™, 100% USDA Biobased Face Towel, Disposable Face Towelette, Makeup Remover Dry Wipes, Ultra Soft, 50 Ct, 1 Pack</p><p>$17.95 ($0.36 / Count)</p><a href="https://www.amazon.com/dp/B07PBXXNCY?tag=eloabder-20&linkCode=osi&th=1&psc=1">View Product</a></div><div class="product"><a href="https://www.amazon.com/dp/B01LEJ5MSK?tag=eloabder-20&linkCode=osi&th=1&psc=1"><img src="https://m.media-amazon.com/images/I/418xEMrk6LL._SL500_.jpg" alt="Product Image"></a><p>COSRX Snail Mucin 92% Repair Cream, Daily Face Gel Moisturizer for Dry Skin, Acne-prone, Sensitive Skin, Not Tested on Animals, No Parabens, Korean Skincare (3.52 Fl Oz (Pack of 1))</p><p>$13.99 ($3.97 / Fl Oz)</p><a href="https://www.amazon.com/dp/B01LEJ5MSK?tag=eloabder-20&linkCode=osi&th=1&psc=1">View Product</a></div>
<div class="product"><a href="https://www.amazon.com/dp/B076FHJ3K5?tag=eloabder-20&linkCode=osi&th=1&psc=1"><img src="https://m.media-amazon.com/images/I/31QAqxeYpoL._SL500_.jpg" alt="Product Image"></a><p>Marc Anthony Leave-In Conditioner Spray & Detangler, Grow Long Biotin - Anti-Frizz Deep Conditioner For Split Ends & Breakage - Vitamin E, Caffeine & Ginseng for Curly, Dry & Damaged Hair</p><p>$7.67 ($0.91 / Fl Oz)</p><a href="https://www.amazon.com/dp/B076FHJ3K5?tag=eloabder-20&linkCode=osi&th=1&psc=1">View Product</a></div><div class="product"><a href="https://www.amazon.com/dp/B0B941W753?tag=eloabder-20&linkCode=osi&th=1&psc=1"><img src="https://m.media-amazon.com/images/I/3154MYZlHiL._SL500_.jpg" alt="Product Image"></a><p>MONDAY HAIRCARE Volume Shampoo + Conditioner Set (2 Pack) 12oz Each for Thin, Fine, and Oily Hair, Made from Coconut Oil, Ginger Extract, & Vitamin E, 100% Recyclable Bottles</p><p>$13.99 ($0.58 / Fl Oz)</p><a href="https://www.amazon.com/dp/B0B941W753?tag=eloabder-20&linkCode=osi&th=1&psc=1">View Product</a></div><div class="product"><a href="https://www.amazon.com/dp/B0CS29PK2J?tag=eloabder-20&linkCode=osi&th=1&psc=1"><img src="https://m.media-amazon.com/images/I/315FU9SHGsL._SL500_.jpg" alt="Product Image"></a><p>Monday Moisture Leave-in Conditioner 5 Oz</p><p>$5.41 ($1.08 / Fl Oz)</p><a href="https://www.amazon.com/dp/B0CS29PK2J?tag=eloabder-20&linkCode=osi&th=1&psc=1">View Product</a></div><div class="product"><a href="https://www.amazon.com/dp/B0B941XTDZ?tag=eloabder-20&linkCode=osi&th=1&psc=1"><img src="https://m.media-amazon.com/images/I/41eavjiNYyL._SL500_.jpg" alt="Product Image"></a><p>MONDAY HAIRCARE Moisture Shampoo + Conditioner Set for Dry, Coarse, Stressed, Coily & Curly Hair, Made from Coconut Oil, Rice Protein, Shea Butter, & Vitamin E, All-Natural, 12 Fl Oz (Pack of 2)</p><p>$13.99 ($0.58 / Fl Oz)</p><a href="https://www.amazon.com/dp/B0B941XTDZ?tag=eloabder-20&linkCode=osi&th=1&psc=1">View Product</a></div><div class="product"><a href="https://www.amazon.com/dp/B07N7PK9QK?tag=eloabder-20&linkCode=osi&th=1&psc=1"><img src="https://m.media-amazon.com/images/I/416K3ahcJsL._SL500_.jpg" alt="Product Image"></a><p>Mielle Organics Rosemary Mint Scalp & Hair Strengthening Oil for All Hair Types, 2 Ounce</p><p>$9.50 ($4.75 / Fl Oz)</p><a href="https://www.amazon.com/dp/B07N7PK9QK?tag=eloabder-20&linkCode=osi&th=1&psc=1">View Product</a></div><div class="product"><a href="https://www.amazon.com/dp/B005PV0FDG?tag=eloabder-20&linkCode=osi&th=1&psc=1"><img src="https://m.media-amazon.com/images/I/310l+q4ImxL._SL500_.jpg" alt="Product Image"></a><p>It's a 10 Haircare Miracle Leave-In product, 10 fl. oz.</p><p>$27.98 ($2.80 / Fl Oz)</p><a href="https://www.amazon.com/dp/B005PV0FDG?tag=eloabder-20&linkCode=osi&th=1&psc=1">View Product</a></div><div class="product"><a href="https://www.amazon.com/dp/B0C3K3XX95?tag=eloabder-20&linkCode=osi&th=1&psc=1"><img src="https://m.media-amazon.com/images/I/41+CLmIGVIL._SL500_.jpg" alt="Product Image"></a><p>MONDAY HAIRCARE Repair Shampoo and Conditioner Set 12oz for Dry to Damaged Hair, Made with Keratin, Coconut Oil, Shea Butter and Vitamin E</p><p>$13.99 ($0.58 / Fl Oz)</p><a href="https://www.amazon.com/dp/B0C3K3XX95?tag=eloabder-20&linkCode=osi&th=1&psc=1">View Product</a></div>
<div class="product"><a href="https://www.amazon.com/dp/B09F5L7756?tag=eloabder-20&linkCode=osi&th=1&psc=1"><img src="https://m.media-amazon.com/images/I/61qJVRNSjFL._SL500_.jpg" alt="Product Image"></a><p>Vaseline Intensive Care Cocoa Radiant For Glowing Skin 3 Count Body Gel Oil Body Oil Made with 100% Pure Cocoa Butter + Replenishing Oils 6.8oz</p><p>$19.44 ($0.95 / Fl Oz)</p><a href="https://www.amazon.com/dp/B09F5L7756?tag=eloabder-20&linkCode=osi&th=1&psc=1">View Product</a></div><div class="product"><a href="https://www.amazon.com/dp/B08T4FLJQZ?tag=eloabder-20&linkCode=osi&th=1&psc=1"><img src="https://m.media-amazon.com/images/I/317LIpGPZiL._SL500_.jpg" alt="Product Image"></a><p>Dove Scrub Brown Sugar & Coconut Butter For Silky Smooth Skin Body Scrub Exfoliates & Restores Skin's Natural Nutrients 10.5 oz</p><p>$6.97 ($0.66 / Ounce)</p><a href="https://www.amazon.com/dp/B08T4FLJQZ?tag=eloabder-20&linkCode=osi&th=1&psc=1">View Product</a></div><div class="product"><a href="https://www.amazon.com/dp/B0CNKZW8HL?tag=eloabder-20&linkCode=osi&th=1&psc=1"><img src="https://m.media-amazon.com/images/I/61vGHE3wEWL._SL500_.jpg" alt="Product Image"></a><p>Dove Men+Care Body Wash Sandalwood + Cardamom Oil to Rebuild Skin in the Shower with Plant-Based Cleansers and Moisturizers 26 oz</p><p>$9.97 ($0.38 / Fl Oz)</p><a href="https://www.amazon.com/dp/B0CNKZW8HL?tag=eloabder-20&linkCode=osi&th=1&psc=1">View Product</a></div><div class="product"><a href="https://www.amazon.com/dp/B089NCFBQZ?tag=eloabder-20&linkCode=osi&th=1&psc=1"><img src="https://m.media-amazon.com/images/I/41WGBM4YipL._SL500_.jpg" alt="Product Image"></a><p>Vaseline Illuminate Me Shimmering Body Oil Created for Melanin Rich Skin, Illuminates Skin with Finishing Touch of Shimmer for Glowing Skin 3.3 oz</p><p>$8.75 ($2.65 / Fl Oz)</p><a href="https://www.amazon.com/dp/B089NCFBQZ?tag=eloabder-20&linkCode=osi&th=1&psc=1">View Product</a></div><div class="product"><a href="https://www.amazon.com/dp/B0CNL19TQG?tag=eloabder-20&linkCode=osi&th=1&psc=1"><img src="https://m.media-amazon.com/images/I/61kqkkFXOkL._SL500_.jpg" alt="Product Image"></a><p>Dove Men+Care Body Wash Eucalyptus + Cedar Oil to Rebuild Skin in the Shower with Plant-Based Cleansers and Moisturizers 26 oz</p><p>$9.99 ($0.38 / Fl Oz)</p><a href="https://www.amazon.com/dp/B0CNL19TQG?tag=eloabder-20&linkCode=osi&th=1&psc=1">View Product</a></div><div class="product"><a href="https://www.amazon.com/dp/B07HMDGJCJ?tag=eloabder-20&linkCode=osi&th=1&psc=1"><img src="https://m.media-amazon.com/images/I/31TuC5EJeNL._SL500_.jpg" alt="Product Image"></a><p>SOL DE JANEIRO 4 Play Moisturizing Shower Cream Gel Body Wash 90mL</p><p>$10.00 ($3.33 / Fl Oz)</p><a href="https://www.amazon.com/dp/B07HMDGJCJ?tag=eloabder-20&linkCode=osi&th=1&psc=1">View Product</a></div>
<div class="product"><a href="https://www.amazon.com/dp/B00HVI8WYU?tag=eloabder-20&linkCode=osi&th=1&psc=1"><img src="https://m.media-amazon.com/images/I/31educzzSsL._SL500_.jpg" alt="Product Image"></a><p>e.l.f. Hydrating Face Primer, Makeup Primer For Flawless, Smooth Skin & Long-Lasting Makeup, Fills In Pores & Fine Lines, Vegan & Cruelty-free, Small</p><p>$8.00</p><a href="https://www.amazon.com/dp/B00HVI8WYU?tag=eloabder-20&linkCode=osi&th=1&psc=1">View Product</a></div><div class="product"><a href="https://www.amazon.com/dp/B088W7L534?tag=eloabder-20&linkCode=osi&th=1&psc=1"><img src="https://m.media-amazon.com/images/I/31A5rZUAKyL._SL500_.jpg" alt="Product Image"></a><p>e.l.f. Monochromatic Multi Stick, Luxuriously Creamy & Blendable Color, For Eyes, Lips & Cheeks, Dazzling Peony, 0.17 oz (5 g)</p><p>$5.00</p><a href="https://www.amazon.com/dp/B088W7L534?tag=eloabder-20&linkCode=osi&th=1&psc=1">View Product</a></div><div class="product"><a href="https://www.amazon.com/dp/B0CMJZ8G6Y?tag=eloabder-20&linkCode=osi&th=1&psc=1"><img src="https://m.media-amazon.com/images/I/31KdGu0F8vL._SL500_.jpg" alt="Product Image"></a><p>e.l.f. Glow Reviver Lip Oil, Nourishing Tinted Lip Oil For A High-shine Finish, Infused With Jojoba Oil, Vegan & Cruelty-free, Rose Envy</p><p>$8.00</p><a href="https://www.amazon.com/dp/B0CMJZ8G6Y?tag=eloabder-20&linkCode=osi&th=1&psc=1">View Product</a></div><div class="product"><a href="https://www.amazon.com/dp/B08H3JPH74?tag=eloabder-20&linkCode=osi&th=1&psc=1"><img src="https://m.media-amazon.com/images/I/31hf532TEHL._SL500_.jpg" alt="Product Image"></a><p>Maybelline Lash Sensational Sky High Washable Mascara Makeup, Volumizing, Lengthening, Defining, Curling, Multiplying, Buildable Formula, Blackest Black, 1 Count</p><p>$9.98</p><a href="https://www.amazon.com/dp/B08H3JPH74?tag=eloabder-20&linkCode=osi&th=1&psc=1">View Product</a></div>
<div class="product"><a href="https://www.amazon.com/dp/B09C8VNWBP?tag=eloabder-20&linkCode=osi&th=1&psc=1"><img src="https://m.media-amazon.com/images/I/31ObnTRpJ5L._SL500_.jpg" alt="Product Image"></a><p>Lattafa Yara for Women Eau de Parfum Spray, 3.40 Ounce / 100 ml</p><p>$22.77 ($6.70 / Fl Oz)</p><a href="https://www.amazon.com/dp/B09C8VNWBP?tag=eloabder-20&linkCode=osi&th=1&psc=1">View Product</a></div><div class="product"><a href="https://www.amazon.com/dp/B000E7WHCI?tag=eloabder-20&linkCode=osi&th=1&psc=1"><img src="https://m.media-amazon.com/images/I/31V1XkKkWXL._SL500_.jpg" alt="Product Image"></a><p>Vera Wang Eau de Parfum for Women - Delicate, Floral Scent - Notes of Iris, Lillies, & Sandalwood - Feminine & Subtle - 3.4 Fl Oz</p><p>$26.47 ($7.79 / Fl Oz)</p><a href="https://www.amazon.com/dp/B000E7WHCI?tag=eloabder-20&linkCode=osi&th=1&psc=1">View Product</a></div><div class="product"><a href="https://www.amazon.com/dp/B0B1HB719V?tag=eloabder-20&linkCode=osi&th=1&psc=1"><img src="https://m.media-amazon.com/images/I/31R9CfuokSL._SL500_.jpg" alt="Product Image"></a><p>Sol de Janeiro Cheirosa '68 Hair & Body Fragrance Mist 90mL/3.0 fl oz.</p><p>$24.00 ($8.00 / Fl Oz)</p><a href="https://www.amazon.com/dp/B0B1HB719V?tag=eloabder-20&linkCode=osi&th=1&psc=1">View Product</a></div><div class="product"><a href="https://www.amazon.com/dp/B01KYRUBT8?tag=eloabder-20&linkCode=osi&th=1&psc=1"><img src="https://m.media-amazon.com/images/I/41BYbHm20iL._SL500_.jpg" alt="Product Image"></a><p>Al-Rehab Choco Musk Eau de Parfum Spray for Women, 1.7 Ounce</p><p>$7.80 ($4.59 / Fl Oz)</p><a href="https://www.amazon.com/dp/B01KYRUBT8?tag=eloabder-20&linkCode=osi&th=1&psc=1">View Product</a></div><div class="product"><a href="https://www.amazon.com/dp/B07NJJZK3W?tag=eloabder-20&linkCode=osi&th=1&psc=1"><img src="https://m.media-amazon.com/images/I/41YNfQAjjLL._SL500_.jpg" alt="Product Image"></a><p>Swiss Arabian Layali Rouge - Luxury Products From Dubai - Lasting And Addictive Personal Perfume Oil Fragrance - A Seductive, Signature Aroma - The Luxurious Scent Of Arabia - 0.5 Oz</p><p>$23.48 ($46.96 / Fl Oz)</p><a href="https://www.amazon.com/dp/B07NJJZK3W?tag=eloabder-20&linkCode=osi&th=1&psc=1">View Product</a></div><div class="product"><a href="https://www.amazon.com/dp/B000JL7WQK?tag=eloabder-20&linkCode=osi&th=1&psc=1"><img src="https://m.media-amazon.com/images/I/41WJsYdkRbL._SL500_.jpg" alt="Product Image"></a><p>Vera Wang Princess Eau de Toilette Spray for Women, Vanilla, 3.4 Fl Ounce</p><p>$25.49 ($7.50 / Fl Oz)</p><a href="https://www.amazon.com/dp/B000JL7WQK?tag=eloabder-20&linkCode=osi&th=1&psc=1">View Product</a></div><div class="product"><a href="https://www.amazon.com/dp/B000C1Z5AW?tag=eloabder-20&linkCode=osi&th=1&psc=1"><img src="https://m.media-amazon.com/images/I/31pCnWTh3yL._SL500_.jpg" alt="Product Image"></a><p>Pleasures By Estee Lauder For Women. Eau De Parfum Spray 3.4 Ounces</p><p>$35.00 ($10.29 / Fl Oz)</p><a href="https://www.amazon.com/dp/B000C1Z5AW?tag=eloabder-20&linkCode=osi&th=1&psc=1">View Product</a></div><div class="product"><a href="https://www.amazon.com/dp/B000P22TIY?tag=eloabder-20&linkCode=osi&th=1&psc=1"><img src="https://m.media-amazon.com/images/I/31h9AoIGn3L._SL500_.jpg" alt="Product Image"></a><p>Nautica Voyage Eau De Toilette for Men - Fresh, Romantic, Fruity Scent Woody, Aquatic Notes of Apple, Water Lotus, Cedarwood, and Musk Ideal Day Wear 3.3 Fl Oz</p><p>$18.90 ($5.73 / Fl Oz)</p><a href="https://www.amazon.com/dp/B000P22TIY?tag=eloabder-20&linkCode=osi&th=1&psc=1">View Product</a></div><div class="product"><a href="https://www.amazon.com/dp/B00GZP041Y?tag=eloabder-20&linkCode=osi&th=1&psc=1"><img src="https://m.media-amazon.com/images/I/41-2Bb4gj+L._SL500_.jpg" alt="Product Image"></a><p>Versace Bright Crystal Absolu Eau de Perfume Spray, 3.0 Ounce</p><p>$52.67 ($17.56 / Fl Oz)</p><a href="https://www.amazon.com/dp/B00GZP041Y?tag=eloabder-20&linkCode=osi&th=1&psc=1">View Product</a></div>





<div class="product"><a href="https://www.amazon.com/dp/B0B2RM68G2?tag=eloabder-20&linkCode=osi&th=1&psc=1"><img src="https://m.media-amazon.com/images/I/41VafG53fjL._SL500_.jpg" alt="Product Image"></a><p>BIODANCE Bio-Collagen Real Deep Mask, Hydrating Overnight Hydrogel Mask, Pore Minimizing, Elasticity Improvement, 34g x4ea</p><p>$19.00 ($4.75 / Count)</p><a href="https://www.amazon.com/dp/B0B2RM68G2?tag=eloabder-20&linkCode=osi&th=1&psc=1">View Product</a></div><div class="product"><a href="https://www.amazon.com/dp/B00BAM7F8C?tag=eloabder-20&linkCode=osi&th=1&psc=1"><img src="https://m.media-amazon.com/images/I/51jsS9SDHeL._SL500_.jpg" alt="Product Image"></a><p>DERMAL 16 Combo Pack A Collagen Essencce Korean Face Mask - Hydrating & Soothing Facial Mask with Panthenol - Hypoallergenic Self Care Sheet Mask for All Skin Types - Natural Home Spa Treatment Masks</p><p>$11.99</p><a href="https://www.amazon.com/dp/B00BAM7F8C?tag=eloabder-20&linkCode=osi&th=1&psc=1">View Product</a></div><div class="product"><a href="https://www.amazon.com/dp/B07FPJHPX1?tag=eloabder-20&linkCode=osi&th=1&psc=1"><img src="https://m.media-amazon.com/images/I/51uNOnTpxTL._SL500_.jpg" alt="Product Image"></a><p>Celavi Essence Facial Sheet Face Mask Variety Set Classic Authentic Korean Moisturizing Skincare (12-Packs)</p><p>$9.40 ($0.78 / Count)</p><a href="https://www.amazon.com/dp/B07FPJHPX1?tag=eloabder-20&linkCode=osi&th=1&psc=1">View Product</a></div><div class="product"><a href="https://www.amazon.com/dp/B0722LVW3B?tag=eloabder-20&linkCode=osi&th=1&psc=1"><img src="https://m.media-amazon.com/images/I/51Vm0lozSIL._SL500_.jpg" alt="Product Image"></a><p>DERMAL 24 Combo Pack A Collagen Essence Korean Face Mask - Hydrating & Soothing Facial Mask with Panthenol - Hypoallergenic Self Care Sheet Mask for All Skin Types - Natural Home Spa Treatment Mask</p><p>$16.99 ($0.71 / Count)</p><a href="https://www.amazon.com/dp/B0722LVW3B?tag=eloabder-20&linkCode=osi&th=1&psc=1">View Product</a></div><div class="product"><a href="https://www.amazon.com/dp/B0D7LXSSS5?tag=eloabder-20&linkCode=osi&th=1&psc=1"><img src="https://m.media-amazon.com/images/I/41N5HKnGTtL._SL500_.jpg" alt="Product Image"></a><p>SOYUB Collagen Face Mask - Hydrating Overnight Collagen Face Mask Deep Collagen Anti Wrinkle Lifting Mask - Pure Collagen Films for Improve Elasticity Firming And Moisturizing (4pcs/1 Box)</p><p>$13.79 ($3.45 / Count)</p><a href="https://www.amazon.com/dp/B0D7LXSSS5?tag=eloabder-20&linkCode=osi&th=1&psc=1">View Product</a></div><div class="product"><a href="https://www.amazon.com/dp/B007CY2C76?tag=eloabder-20&linkCode=osi&th=1&psc=1"><img src="https://m.media-amazon.com/images/I/31-131ZWvEL._SL500_.jpg" alt="Product Image"></a><p>Freeman Dead Sea Minerals Anti-Stress Clay Facial Mask, Hydrating & Clarifying, Clears Pores, Face Mask With Lavender & Bergamot For Radiant Skin, For All Skin Types, 6 fl. oz./175 mL Tube, 1 Count</p><p>$3.86 ($0.64 / Ounce)</p><a href="https://www.amazon.com/dp/B007CY2C76?tag=eloabder-20&linkCode=osi&th=1&psc=1">View Product</a></div>



<div class="product"><a href="https://www.amazon.com/dp/B0CZXG68J4?tag=eloabder-20&linkCode=osi&th=1&psc=1"><img src="https://m.media-amazon.com/images/I/41Xkis0092L._SL500_.jpg" alt="Product Image"></a><p>CNP Honey Lip Butter (0.5 fl.oz / 15ml) - Propolis Lipcerin™, Hydrating Overnight Manuka Lip Balm & Mask, 12hrs Long-lasting Moisture, Gentle Exfoliation, Hygienic Twist Dispenser, Korean Skin Care</p><p>$17.80 ($35.60 / Fl Oz)</p><a href="https://www.amazon.com/dp/B0CZXG68J4?tag=eloabder-20&linkCode=osi&th=1&psc=1">View Product</a></div><div class="product"><a href="https://www.amazon.com/dp/B08GJH4RZV?tag=eloabder-20&linkCode=osi&th=1&psc=1"><img src="https://m.media-amazon.com/images/I/41PXqEpAI1L._SL500_.jpg" alt="Product Image"></a><p>2PCS Lip Mask Overnight, Honey&Sakura Day and Night Repair Sleeping Lip Balm, Fade Lip Lines Bee Balm, Hydrating &Prevention Dry and Crack Lip Scrubs Exfoliator</p><p>$6.49</p><a href="https://www.amazon.com/dp/B08GJH4RZV?tag=eloabder-20&linkCode=osi&th=1&psc=1">View Product</a></div><div class="product"><a href="https://www.amazon.com/dp/B07XXPHQZK?tag=eloabder-20&linkCode=osi&th=1&psc=1"><img src="https://m.media-amazon.com/images/I/31mJBoxFgQL._SL500_.jpg" alt="Product Image"></a><p>LANEIGE Lip Sleeping Mask Berry: Nourish, Hydrate, Vitamin C, Murumuru & Shea Butter, Antioxidants, Flaky, Dry Lips</p><p>$24.00 ($34.29 / Ounce)</p><a href="https://www.amazon.com/dp/B07XXPHQZK?tag=eloabder-20&linkCode=osi&th=1&psc=1">View Product</a></div><div class="product"><a href="https://www.amazon.com/dp/B07Y91BMSK?tag=eloabder-20&linkCode=osi&th=1&psc=1"><img src="https://m.media-amazon.com/images/I/51P5ul4ewsL._SL500_.jpg" alt="Product Image"></a><p>NIVEA Lip Care, Fruity Tinted Lip Balm Variety Pack, Includes Cherry, Strawberry, Blackberry and Watermelon Scents, 0.17 Oz, Pack of 4</p><p>$9.69</p><a href="https://www.amazon.com/dp/B07Y91BMSK?tag=eloabder-20&linkCode=osi&th=1&psc=1">View Product</a></div><div class="product"><a href="https://www.amazon.com/dp/B082JJ4D98?tag=eloabder-20&linkCode=osi&th=1&psc=1"><img src="https://m.media-amazon.com/images/I/41zIrQdHI5L._SL500_.jpg" alt="Product Image"></a><p>NIVEA Smoothness Lip Care, Lip Balm SPF 15, Mineral Oil Free Lip Moisturizer with Shea Butter, Jojoba Oil and Avocado Oil, 0.17 Oz, Pack of 4</p><p>$8.40</p><a href="https://www.amazon.com/dp/B082JJ4D98?tag=eloabder-20&linkCode=osi&th=1&psc=1">View Product</a></div><div class="product"><a href="https://www.amazon.com/dp/B07MBHRYTJ?tag=eloabder-20&linkCode=osi&th=1&psc=1"><img src="https://m.media-amazon.com/images/I/410u8zP2pDL._SL500_.jpg" alt="Product Image"></a><p>Palmer's Coconut Oil Formula Lip Balm Duo, All-Day Moisturization, Lip Balm Easter Basket Stuffers, Hydrates Dry, Cracked Lips (Pack of 2)</p><p>$3.10 ($1.94 / Ounce)</p><a href="https://www.amazon.com/dp/B07MBHRYTJ?tag=eloabder-20&linkCode=osi&th=1&psc=1">View Product</a></div><div class="product"><a href="https://www.amazon.com/dp/B07YG8YVQW?tag=eloabder-20&linkCode=osi&th=1&psc=1"><img src="https://m.media-amazon.com/images/I/41tKxZOfwPL._SL500_.jpg" alt="Product Image"></a><p>NIVEA Moisture Lip Care, Lip Balm Stick with Shea Butter, Jojoba Oil and Avocado Oil, 0.17 Oz, Pack of 4</p><p>$9.98</p><a href="https://www.amazon.com/dp/B07YG8YVQW?tag=eloabder-20&linkCode=osi&th=1&psc=1">View Product</a></div><div class="product"><a href="https://www.amazon.com/dp/B08C8WMPMR?tag=eloabder-20&linkCode=osi&th=1&psc=1"><img src="https://m.media-amazon.com/images/I/410NuIkftlL._SL500_.jpg" alt="Product Image"></a><p>eos Medicated Lip Balm - The Fixer | Lip Care to Repair and Protect Chapped and Dry Lips | Instant Cooling and Pain Relief with Natural Ingredients | 0.35 oz</p><p>$3.97 ($11.34 / Fl Oz)</p><a href="https://www.amazon.com/dp/B08C8WMPMR?tag=eloabder-20&linkCode=osi&th=1&psc=1">View Product</a></div>





<div class="product"><a href="https://www.amazon.com/dp/B08GSTPT8Y?tag=eloabder-20&linkCode=osi&th=1&psc=1"><img src="https://m.media-amazon.com/images/I/41sX+hKcbML._SL500_.jpg" alt="Product Image"></a><p>AOA Studio Collection makeup Sponge Set Latex Free and High-definition Set of 6 makeup Wonder blender For Powder Cream and Liquid, Super Soft Wonder Beauty Cosmetic</p><p>$9.95 ($1.66 / Count)</p><a href="https://www.amazon.com/dp/B08GSTPT8Y?tag=eloabder-20&linkCode=osi&th=1&psc=1">View Product</a></div><div class="product"><a href="https://www.amazon.com/dp/B0CJFFR574?tag=eloabder-20&linkCode=osi&th=1&psc=1"><img src="https://m.media-amazon.com/images/I/41nkQ05yLcL._SL500_.jpg" alt="Product Image"></a><p>SUNGBOON EDITOR Deep Collagen Overnight Mask 37gx4ea | The real collagen 2,160,000ppb | Facial Hydrogel Masks with low molecular weight collagen for elasticity, firming, and moisturizing</p><p>$19.00 ($4.75 / Count)</p><a href="https://www.amazon.com/dp/B0CJFFR574?tag=eloabder-20&linkCode=osi&th=1&psc=1">View Product</a></div><div class="product"><a href="https://www.amazon.com/dp/B0B45LL4DD?tag=eloabder-20&linkCode=osi&th=1&psc=1"><img src="https://m.media-amazon.com/images/I/31ZNIWikbtL._SL500_.jpg" alt="Product Image"></a><p>Beauty of Joseon Revive Eye Serum with Retinal Niacinamide Correction for Puffy Eye Bags Fine Lines Dark Circles Wrinkles, Korean Skin Care 30ml, 1 fl.oz</p><p>$14.50 ($14.50 / Fl Oz)</p><a href="https://www.amazon.com/dp/B0B45LL4DD?tag=eloabder-20&linkCode=osi&th=1&psc=1">View Product</a></div><div class="product"><a href="https://www.amazon.com/dp/B0C4H1GPG1?tag=eloabder-20&linkCode=osi&th=1&psc=1"><img src="https://m.media-amazon.com/images/I/41jyzyKyY2L._SL500_.jpg" alt="Product Image"></a><p>BEAKEY Latex Free Blender Makeup Sponge for Blending, Pink Makeup Sponge Set, Soft Beauty Sponge, for Flawless Application of Liquid, Cream, and Powder Cosmetics, Pink Makeup Gifts</p><p>$6.99 ($1.40 / Count)</p><a href="https://www.amazon.com/dp/B0C4H1GPG1?tag=eloabder-20&linkCode=osi&th=1&psc=1">View Product</a></div><div class="product"><a href="https://www.amazon.com/dp/B00QPNVC0I?tag=eloabder-20&linkCode=osi&th=1&psc=1"><img src="https://m.media-amazon.com/images/I/31wV3gYUEpL._SL500_.jpg" alt="Product Image"></a><p>Real Techniques Miracle Complexion Sponge Set Duo, 2 Makeup Sponges For Liquid & Cream Makeup, Makeup Blender Sponge For Buildable Coverage, Foundation Sponge For Natural, Dewy Base, Latex-Free Foam</p><p>$7.69 ($3.84 / Count)</p><a href="https://www.amazon.com/dp/B00QPNVC0I?tag=eloabder-20&linkCode=osi&th=1&psc=1">View Product</a></div><div class="product"><a href="https://www.amazon.com/dp/B0CZYJYX4Q?tag=eloabder-20&linkCode=osi&th=1&psc=1"><img src="https://m.media-amazon.com/images/I/31hNatkE-9L._SL500_.jpg" alt="Product Image"></a><p>LANEIGE Lip Glowy Balm Mango: Hydrate, Glossy, Lightweight, Moisturize & Tint with Shea Butter</p><p>$19.00 ($54.29 / Ounce)</p><a href="https://www.amazon.com/dp/B0CZYJYX4Q?tag=eloabder-20&linkCode=osi&th=1&psc=1">View Product</a></div><div class="product"><a href="https://www.amazon.com/dp/B0CXQR14J3?tag=eloabder-20&linkCode=osi&th=1&psc=1"><img src="https://m.media-amazon.com/images/I/31RRaB6c+JL._SL500_.jpg" alt="Product Image"></a><p>e.l.f. Power Grip Dewy Setting Spray, Ultra Fine Mist Made With Hyaluronic Acid, Grips Makeup For A Hydrated, Dewy Finish, Vegan & Cruelty-Free</p><p>$10.00 ($3.70 / Fl Oz)</p><a href="https://www.amazon.com/dp/B0CXQR14J3?tag=eloabder-20&linkCode=osi&th=1&psc=1">View Product</a></div>
<div class="product"><a href="https://www.amazon.com/dp/B0057X7S7I?tag=eloabder-20&linkCode=osi&th=1&psc=1"><img src="https://m.media-amazon.com/images/I/31EGxy1hPjL._SL500_.jpg" alt="Product Image"></a><p>Rimmel Stay Glossy Lip Gloss - Non-Sticky and Lightweight Formula for Lip Color and Shine - 120 Non-Stop Glamour, .18oz</p><p>$3.97</p><a href="https://www.amazon.com/dp/B0057X7S7I?tag=eloabder-20&linkCode=osi&th=1&psc=1">View Product</a></div><div class="product"><a href="https://www.amazon.com/dp/B07MWTH3BY?tag=eloabder-20&linkCode=osi&th=1&psc=1"><img src="https://m.media-amazon.com/images/I/31xb-X48IBL._SL500_.jpg" alt="Product Image"></a><p>e.l.f. Monochromatic Multi Stick, Luxuriously Creamy & Blendable Color, For Eyes, Lips & Cheeks, Glistening Peach, 0.17 oz (5g)</p><p>$5.00</p><a href="https://www.amazon.com/dp/B07MWTH3BY?tag=eloabder-20&linkCode=osi&th=1&psc=1">View Product</a></div><div class="product"><a href="https://www.amazon.com/dp/B0CPFXMMBH?tag=eloabder-20&linkCode=osi&th=1&psc=1"><img src="https://m.media-amazon.com/images/I/21poCyHDdxL._SL500_.jpg" alt="Product Image"></a><p>e.l.f. Instant Lift Waterproof Brow Pencil, Long-Lasting Eyebrow Pencil For Grooming & Shaping Eyebrows, Vegan & Cruelty-free, Taupe</p><p>$3.00</p><a href="https://www.amazon.com/dp/B0CPFXMMBH?tag=eloabder-20&linkCode=osi&th=1&psc=1">View Product</a></div><div class="product"><a href="https://www.amazon.com/dp/B082YQ4QWW?tag=eloabder-20&linkCode=osi&th=1&psc=1"><img src="https://m.media-amazon.com/images/I/31S+aqgvx6L._SL500_.jpg" alt="Product Image"></a><p>wet n wild Mega Last High-Shine Lipstick Lip Color, Infused with Seed Oils For a Nourishing High-Shine, Buildable & Blendable Creamy Color, Cruelty-Free & Vegan - Pinky Ring</p><p>$2.28</p><a href="https://www.amazon.com/dp/B082YQ4QWW?tag=eloabder-20&linkCode=osi&th=1&psc=1">View Product</a></div><div class="product"><a href="https://www.amazon.com/dp/B0BDD7D34M?tag=eloabder-20&linkCode=osi&th=1&psc=1"><img src="https://m.media-amazon.com/images/I/51O5AVRXcUL._SL500_.jpg" alt="Product Image"></a><p>Maskiss 24k Gold Under Eye Patches (25 Pairs), eye mask, Collagen Skin Care Products, Eye Patches for Puffy Eyes, eye masks for dark circles and puffiness</p><p>$14.99 ($0.60 / Count)</p><a href="https://www.amazon.com/dp/B0BDD7D34M?tag=eloabder-20&linkCode=osi&th=1&psc=1">View Product</a></div><div class="product"><a href="https://www.amazon.com/dp/B004BCXEF6?tag=eloabder-20&linkCode=osi&th=1&psc=1"><img src="https://m.media-amazon.com/images/I/31t3gAw-N7L._SL500_.jpg" alt="Product Image"></a><p>L’Oreal Paris Makeup Voluminous Original Volume Building Waterproof Mascara, Carbon Black, 0.23 Fl Oz</p><p>$8.98</p><a href="https://www.amazon.com/dp/B004BCXEF6?tag=eloabder-20&linkCode=osi&th=1&psc=1">View Product</a></div>
<div class="product"><a href="https://www.amazon.com/dp/B0BSZ23FTF?tag=eloabder-20&linkCode=osi&th=1&psc=1"><img src="https://m.media-amazon.com/images/I/31GRN7P2p8L._SL500_.jpg" alt="Product Image"></a><p>Bubble Skincare Slam Dunk Face Moisturizer - Hydrating Face Cream for Dry Skin Made with Vitamin E + Aloe Vera Juice for a Glowing Complexion - Skin Care with Blue Light Protection (50ml)</p><p>$14.98 ($8.81 / Ounce)</p><a href="https://www.amazon.com/dp/B0BSZ23FTF?tag=eloabder-20&linkCode=osi&th=1&psc=1">View Product</a></div><div class="product"><a href="https://www.amazon.com/dp/B08T7DSZYD?tag=eloabder-20&linkCode=osi&th=1&psc=1"><img src="https://m.media-amazon.com/images/I/41WwUSxcyGL._SL500_.jpg" alt="Product Image"></a><p>e.l.f. SKIN Hydrated Ever After Skincare Mini Kit, Cleanser, Makeup Remover, Moisturiser & Eye Cream For Hydrating Skin, Airplane-Friendly Sizes</p><p>$19.99</p><a href="https://www.amazon.com/dp/B08T7DSZYD?tag=eloabder-20&linkCode=osi&th=1&psc=1">View Product</a></div><div class="product"><a href="https://www.amazon.com/dp/B0BSYX57T2?tag=eloabder-20&linkCode=osi&th=1&psc=1"><img src="https://m.media-amazon.com/images/I/31ssRlEo5QL._SL500_.jpg" alt="Product Image"></a><p>Bubble Skincare Bounce Back Balancing Facial Toner Mist - Hydrating Toner Spray + Pore Minimizer Made with Sea Water and Niacinamide to Help Improve Texture & Radiance (55ml)</p><p>$12.99 ($7.22 / Fl Oz)</p><a href="https://www.amazon.com/dp/B0BSYX57T2?tag=eloabder-20&linkCode=osi&th=1&psc=1">View Product</a></div><div class="product"><a href="https://www.amazon.com/dp/B000VPPUEA?tag=eloabder-20&linkCode=osi&th=1&psc=1"><img src="https://m.media-amazon.com/images/I/31e4JzjWhkL._SL500_.jpg" alt="Product Image"></a><p>Bio-Oil Skincare Body Oil, Vitamin E, Serum for Scars & Stretchmarks, Face & Body Moisturizer, 2 oz, All Skin Types</p><p>$11.12 ($5.56 / Fl Oz)</p><a href="https://www.amazon.com/dp/B000VPPUEA?tag=eloabder-20&linkCode=osi&th=1&psc=1">View Product</a></div><div class="product"><a href="https://www.amazon.com/dp/B0C2JPBNFX?tag=eloabder-20&linkCode=osi&th=1&psc=1"><img src="https://m.media-amazon.com/images/I/51LF1OXoo0L._SL500_.jpg" alt="Product Image"></a><p>Celavi K-Beauty Skincare Essence Facial Face Mask Korea Skin Care Moisturizing B Set 12 Pack</p><p>$9.99 ($0.83 / Count)</p><a href="https://www.amazon.com/dp/B0C2JPBNFX?tag=eloabder-20&linkCode=osi&th=1&psc=1">View Product</a></div><div class="product"><a href="https://www.amazon.com/dp/B0BSYJYQY2?tag=eloabder-20&linkCode=osi&th=1&psc=1"><img src="https://m.media-amazon.com/images/I/31aQkQwjJYL._SL500_.jpg" alt="Product Image"></a><p>Bubble Skincare Level Up Balancing Face Moisturizer - Hydrating Gel Moisturizer Formulated with Zinc PCA + Niacinamide for Improved Texture & Radiance - Skin Care for Oily or Combination Skin (50ml)</p><p>$14.99 ($8.87 / Fl Oz)</p><a href="https://www.amazon.com/dp/B0BSYJYQY2?tag=eloabder-20&linkCode=osi&th=1&psc=1">View Product</a></div><div class="product"><a href="https://www.amazon.com/dp/B0B826XRPH?tag=eloabder-20&linkCode=osi&th=1&psc=1"><img src="https://m.media-amazon.com/images/I/516nsOEA-mL._SL500_.jpg" alt="Product Image"></a><p>AURUZA Ice Face Roller and Gua Sha Set, Ice Roller for Face & Eye Puffiness Relief Beauty Facial Rollers Mold Icing Massage Skin Care Tools for Brighten Lubricate Shrink Pores Remove Fine Lines</p><p>$5.49</p><a href="https://www.amazon.com/dp/B0B826XRPH?tag=eloabder-20&linkCode=osi&th=1&psc=1">View Product</a></div><div class="product"><a href="https://www.amazon.com/dp/B0BS8Y2FLK?tag=eloabder-20&linkCode=osi&th=1&psc=1"><img src="https://m.media-amazon.com/images/I/41CX-bGjaRL._SL500_.jpg" alt="Product Image"></a><p>PEAUAMIE Under Eye Patches (30 Pairs) Gold Eye Mask and Hyaluronic Acid Eye Patches for puffy eyes,Rose Eye Masks for Dark Circles and Puffiness under eye skin care Smooth Wrinkles products</p><p>$9.99 ($0.33 / Count)</p><a href="https://www.amazon.com/dp/B0BS8Y2FLK?tag=eloabder-20&linkCode=osi&th=1&psc=1">View Product</a></div><div class="product"><a href="https://www.amazon.com/dp/B09NXS395V?tag=eloabder-20&linkCode=osi&th=1&psc=1"><img src="https://m.media-amazon.com/images/I/41ZHn0qwWwL._SL500_.jpg" alt="Product Image"></a><p>NAZANO Under Eye Patches - 60 Pcs - 24K Gold Eye Mask- Puffy Eyes & Dark Circles Treatments,Reduce Under Eye Bags and Smooth Wrinkles,Eye Skin Care Pads With Collagen,Hyaluronic Acid & Castor Oil</p><p>$8.99 ($0.30 / Count)</p><a href="https://www.amazon.com/dp/B09NXS395V?tag=eloabder-20&linkCode=osi&th=1&psc=1">View Product</a></div>
<div class="product"><a href="https://www.amazon.com/dp/B01N9SPQHQ?tag=eloabder-20&linkCode=osi&th=1&psc=1"><img src="https://m.media-amazon.com/images/I/41NHgWAaYAL._SL500_.jpg" alt="Product Image"></a><p>La Roche-Posay Toleriane Double Repair Face Moisturizer, Daily Moisturizer Face Cream with Ceramide and Niacinamide for All Skin Types, Oil Free, Fragrance Free</p><p>$23.99 ($7.10 / Fl Oz)</p><a href="https://www.amazon.com/dp/B01N9SPQHQ?tag=eloabder-20&linkCode=osi&th=1&psc=1">View Product</a></div><div class="product"><a href="https://www.amazon.com/dp/B00TTD9BRC?tag=eloabder-20&linkCode=osi&th=1&psc=1"><img src="https://m.media-amazon.com/images/I/41Kc6H7fboL._SL500_.jpg" alt="Product Image"></a><p>CeraVe Moisturizing Cream | Body and Face Moisturizer for Dry Skin | Body Cream with Hyaluronic Acid and Ceramides | Daily Moisturizer | Oil-Free | Fragrance Free | Non-Comedogenic | 19 Ounce</p><p>$17.78 ($0.94 / Ounce)</p><a href="https://www.amazon.com/dp/B00TTD9BRC?tag=eloabder-20&linkCode=osi&th=1&psc=1">View Product</a></div><div class="product"><a href="https://www.amazon.com/dp/B00NR1YQHM?tag=eloabder-20&linkCode=osi&th=1&psc=1"><img src="https://m.media-amazon.com/images/I/41yzZFTW63L._SL500_.jpg" alt="Product Image"></a><p>Neutrogena Hydro Boost Face Moisturizer with Hyaluronic Acid for Dry Skin, Oil-Free and Non-Comedogenic Water Gel Face Lotion, 1.7 oz</p><p>$13.31 ($7.83 / Ounce)</p><a href="https://www.amazon.com/dp/B00NR1YQHM?tag=eloabder-20&linkCode=osi&th=1&psc=1">View Product</a></div><div class="product"><a href="https://www.amazon.com/dp/B00HNSSPHC?tag=eloabder-20&linkCode=osi&th=1&psc=1"><img src="https://m.media-amazon.com/images/I/41rWFzQZdOL._SL500_.jpg" alt="Product Image"></a><p>Neutrogena Triple Age Repair Anti-Aging Daily Facial Moisturizer with SPF 25 Sunscreen & Vitamin C, Firming Anti-Wrinkle Face & Neck Cream for Dark Spots, Glycerin & Shea Butter, 1.7 oz</p><p>$19.56 ($11.51 / Ounce)</p><a href="https://www.amazon.com/dp/B00HNSSPHC?tag=eloabder-20&linkCode=osi&th=1&psc=1">View Product</a></div><div class="product"><a href="https://www.amazon.com/dp/B000YJ2SLG?tag=eloabder-20&linkCode=osi&th=1&psc=1"><img src="https://m.media-amazon.com/images/I/31J9bWXnQ+L._SL500_.jpg" alt="Product Image"></a><p>CeraVe Daily Moisturizing Lotion for Dry Skin | Body Lotion & Face Moisturizer with Hyaluronic Acid and Ceramides | Daily Moisturizer | Fragrance Free | Oil-Free | 12 Ounce</p><p>$13.68 ($1.14 / Fl Oz)</p><a href="https://www.amazon.com/dp/B000YJ2SLG?tag=eloabder-20&linkCode=osi&th=1&psc=1">View Product</a></div><div class="product"><a href="https://www.amazon.com/dp/B099N1LC4R?tag=eloabder-20&linkCode=osi&th=1&psc=1"><img src="https://m.media-amazon.com/images/I/41lZIG8wQNL._SL500_.jpg" alt="Product Image"></a><p>Cetaphil Face & Body Moisturizer, Hydrating Moisturizing Cream For Dry To Very Dry, Sensitive Skin, NEW 20 Oz, Fragrance Free, Non-Comedogenic, Non-Greasy (Packaging May Vary)</p><p>$15.97 ($0.80 / Ounce)</p><a href="https://www.amazon.com/dp/B099N1LC4R?tag=eloabder-20&linkCode=osi&th=1&psc=1">View Product</a></div><div class="product"><a href="https://www.amazon.com/dp/B01H20MA62?tag=eloabder-20&linkCode=osi&th=1&psc=1"><img src="https://m.media-amazon.com/images/I/41xuvNUpUML._SL500_.jpg" alt="Product Image"></a><p>Cetaphil Face & Body Moisturizer, Hydrating Moisturizing Cream for Dry to Very Dry, Sensitive Skin, NEW 16 Oz 2 Pack, Fragrance Free, Non-Comedogenic, Non-Greasy</p><p>$19.48 ($0.61 / Ounce)</p><a href="https://www.amazon.com/dp/B01H20MA62?tag=eloabder-20&linkCode=osi&th=1&psc=1">View Product</a></div><div class="product"><a href="https://www.amazon.com/dp/B01NCWV3KM?tag=eloabder-20&linkCode=osi&th=1&psc=1"><img src="https://m.media-amazon.com/images/I/41Q1ESUhSeL._SL500_.jpg" alt="Product Image"></a><p>La Roche-Posay Toleriane Double Repair UV SPF Moisturizer for Face, Daily Facial Moisturizer with Sunscreen SPF 30, Niacinamide and Glycerin, Oil Free, Moisturizing Sun Protection</p><p>$24.99 ($10.00 / Fl Oz)</p><a href="https://www.amazon.com/dp/B01NCWV3KM?tag=eloabder-20&linkCode=osi&th=1&psc=1">View Product</a></div>
<div class="product"><a href="https://www.amazon.com/dp/B07P5TMHD9?tag=eloabder-20&linkCode=osi&th=1&psc=1"><img src="https://m.media-amazon.com/images/I/51xr2lw0Y7L._SL500_.jpg" alt="Product Image"></a><p>Vitamin C Face Serum - Dark Spot Remover Facial Serum, Vit C Serum with Hyaluronic Acid, Ferulic Acid, & Vit E - Anti Aging and Skin Brightening Serum, Pure Vitamin C Serum Skin Care</p><p>$9.98</p><a href="https://www.amazon.com/dp/B07P5TMHD9?tag=eloabder-20&linkCode=osi&th=1&psc=1">View Product</a></div><div class="product"><a href="https://www.amazon.com/dp/B014PGEEO2?tag=eloabder-20&linkCode=osi&th=1&psc=1"><img src="https://m.media-amazon.com/images/I/51v+djIfQGL._SL500_.jpg" alt="Product Image"></a><p>Tree of Life Facial Serum Set for Face, Brightening, Firming, Hydrating, Dry Skin, Dermatologist Tested - Trio Power Skin Care Set, Vitamin C, Retinol and Hyaluronic Acid, 3 count of 1 Fl Oz</p><p>$19.99 ($6.66 / Fl Oz)</p><a href="https://www.amazon.com/dp/B014PGEEO2?tag=eloabder-20&linkCode=osi&th=1&psc=1">View Product</a></div><div class="product"><a href="https://www.amazon.com/dp/B08R994Q1L?tag=eloabder-20&linkCode=osi&th=1&psc=1"><img src="https://m.media-amazon.com/images/I/418KUv8uVkL._SL500_.jpg" alt="Product Image"></a><p>Good Molecules Niacinamide Serum - 10% Niacinamide Balancing B3 Facial Serum for Acne, Tone, Texture - Brightening and Hydrating Skincare for Face</p><p>$6.00</p><a href="https://www.amazon.com/dp/B08R994Q1L?tag=eloabder-20&linkCode=osi&th=1&psc=1">View Product</a></div><div class="product"><a href="https://www.amazon.com/dp/B07VWSN95S?tag=eloabder-20&linkCode=osi&th=1&psc=1"><img src="https://m.media-amazon.com/images/I/411Y0nzh9zL._SL500_.jpg" alt="Product Image"></a><p>CeraVe Retinol Serum for Post-Acne Marks and Skin Texture | Pore Refining, Resurfacing, Brightening Facial Serum with Retinol and Niacinamide | Fragrance Free, Paraben Free & Non-Comedogenic| 1 Oz</p><p>$18.68</p><a href="https://www.amazon.com/dp/B07VWSN95S?tag=eloabder-20&linkCode=osi&th=1&psc=1">View Product</a></div><div class="product"><a href="https://www.amazon.com/dp/B08L8B5JR2?tag=eloabder-20&linkCode=osi&th=1&psc=1"><img src="https://m.media-amazon.com/images/I/51Ee0RzYONL._SL500_.jpg" alt="Product Image"></a><p>Vibriance Super C Serum for Mature Skin, Made in USA, All-In-One Formula Hydrates, Firms, Lifts, Smooths, Targets Age Spots, Wrinkles, Vitamin C Serum; 1 fl oz</p><p>$32.90</p><a href="https://www.amazon.com/dp/B08L8B5JR2?tag=eloabder-20&linkCode=osi&th=1&psc=1">View Product</a></div><div class="product"><a href="https://www.amazon.com/dp/B0CLLV2T1P?tag=eloabder-20&linkCode=osi&th=1&psc=1"><img src="https://m.media-amazon.com/images/I/31ZBa-zgbjL._SL500_.jpg" alt="Product Image"></a><p>Anua 10% Niacinamide+ 4% Tranexamic Acid Serum, Ceramide, Hyaluronic Acid, Vitamin B12 natural color, for Sensitive skin, Korean Glass Skin, Fragrance-Free (30ml /1.01 fl.oz.)</p><p>$19.00 ($18.81 / Fl Oz)</p><a href="https://www.amazon.com/dp/B0CLLV2T1P?tag=eloabder-20&linkCode=osi&th=1&psc=1">View Product</a></div><div class="product"><a href="https://www.amazon.com/dp/B08TM8DLFJ?tag=eloabder-20&linkCode=osi&th=1&psc=1"><img src="https://m.media-amazon.com/images/I/41g0Mg7pRIL._SL500_.jpg" alt="Product Image"></a><p>Good Molecules Hyaluronic Acid Serum - Hydrating, Non-greasy formula to Moisturize, Plump - 1% HA, Anti-aging, Water-Based Skincare for Face</p><p>$6.00 ($6.00 / Fl Oz)</p><a href="https://www.amazon.com/dp/B08TM8DLFJ?tag=eloabder-20&linkCode=osi&th=1&psc=1">View Product</a></div><div class="product"><a href="https://www.amazon.com/dp/B01B5G45R6?tag=eloabder-20&linkCode=osi&th=1&psc=1"><img src="https://m.media-amazon.com/images/I/51JgyVg967L._SL500_.jpg" alt="Product Image"></a><p>artnaturals Anti-Aging-Set with Vitamin-C Retinol and Hyaluronic-Acid - (3 x 1 Fl Oz / 30ml) Serum for Anti Wrinkle and Dark Circle Remover – All Natural and Moisturizing</p><p>$24.95 ($8.32 / Fl Oz)</p><a href="https://www.amazon.com/dp/B01B5G45R6?tag=eloabder-20&linkCode=osi&th=1&psc=1">View Product</a></div><div class="product"><a href="https://www.amazon.com/dp/B086VKZZZY?tag=eloabder-20&linkCode=osi&th=1&psc=1"><img src="https://m.media-amazon.com/images/I/31l7jUL7jOL._SL500_.jpg" alt="Product Image"></a><p>Beauty of Joseon Glow Serum Propolis and Niacinamide Hydrating Facial Soothing Moisturizer for Irritated Uneven Skin Tone, Korean Skin Care 30ml, 1 fl.oz</p><p>$13.60 ($13.47 / Fl Oz)</p><a href="https://www.amazon.com/dp/B086VKZZZY?tag=eloabder-20&linkCode=osi&th=1&psc=1">View Product</a></div>
<div class="product"><a href="https://www.amazon.com/dp/B0CYGT3CR4?tag=eloabder-20&linkCode=osi&th=1&psc=1"><img src="https://m.media-amazon.com/images/I/51LbfzrqiUL._SL500_.jpg" alt="Product Image"></a><p>KONEUK 14 Pack Sheet Face Masks Skincare for All Skin Types, Hydrating Face Masks Suitable for Sensitive Skin, Bulk Facial Mask Set for Women Skin Care, Face Mask Gifts Set for Face Spa</p><p>$8.99 ($0.64 / Count)</p><a href="https://www.amazon.com/dp/B0CYGT3CR4?tag=eloabder-20&linkCode=osi&th=1&psc=1">View Product</a></div><div class="product"><a href="https://www.amazon.com/dp/B01N37AK8V?tag=eloabder-20&linkCode=osi&th=1&psc=1"><img src="https://m.media-amazon.com/images/I/41zyExDkGCL._SL500_.jpg" alt="Product Image"></a><p>Ebanel 10 Pack Collagen Face Mask, Instant Brightening & Hydrating Face Sheet Mask with Aloe Vera, Hyaluronic Acid, Vitamin C and E, Chamomile, Anti Aging Face Mask with Hydrolyzed Collagen, Peptide</p><p>$13.99 ($1.40 / Count)</p><a href="https://www.amazon.com/dp/B01N37AK8V?tag=eloabder-20&linkCode=osi&th=1&psc=1">View Product</a></div><div class="product"><a href="https://www.amazon.com/dp/B07C3NBJ33?tag=eloabder-20&linkCode=osi&th=1&psc=1"><img src="https://m.media-amazon.com/images/I/51DMM9KU+AL._SL500_.jpg" alt="Product Image"></a><p>GLAM UP Premium Facial Sheet Mask 12 Combo (Pack of 12) | Clean Face Masks Skincare, Hydrating Face Masks, Moisturizing, Soothing, Beauty Mask For All Skin Type Variety Beauty Mask Set</p><p>$13.20 ($1.10 / Count)</p><a href="https://www.amazon.com/dp/B07C3NBJ33?tag=eloabder-20&linkCode=osi&th=1&psc=1">View Product</a></div><div class="product"><a href="https://www.amazon.com/dp/B0B5XTMJMJ?tag=eloabder-20&linkCode=osi&th=1&psc=1"><img src="https://m.media-amazon.com/images/I/61voysA0eEL._SL500_.jpg" alt="Product Image"></a><p>Meleell Collagen Sheet Face Masks Skincare Bulk Pack,Hydrating Spa Face Mask For Sensitive Skin,Anti Aging Facial Masks Sets For Women/Teen Girls(40 Combo Pack)</p><p>$25.99 ($0.65 / Count)</p><a href="https://www.amazon.com/dp/B0B5XTMJMJ?tag=eloabder-20&linkCode=osi&th=1&psc=1">View Product</a></div><div class="product"><a href="https://www.amazon.com/dp/B0CR6NHHVL?tag=eloabder-20&linkCode=osi&th=1&psc=1"><img src="https://m.media-amazon.com/images/I/514yWBJNkFL._SL500_.jpg" alt="Product Image"></a><p>Kaely 10 Pack Variety Sheet Masks,Spa Face Masks for Kids Skin Care,Facial Mask Skincare Set Korean,Moisturize,Brighten,Nourish for All Skin Types,Birthday Gifts for Women Men Boys Girls,Set01</p><p>$8.99 ($0.90 / Count)</p><a href="https://www.amazon.com/dp/B0CR6NHHVL?tag=eloabder-20&linkCode=osi&th=1&psc=1">View Product</a></div><div class="product"><a href="https://www.amazon.com/dp/B086V843R8?tag=eloabder-20&linkCode=osi&th=1&psc=1"><img src="https://m.media-amazon.com/images/I/410evC+SQHL._SL500_.jpg" alt="Product Image"></a><p>ANAI RUI Turmeric Clay Mask - Green Tea Clay Mask - Dead Sea Minerals Mud Mask, Spa Facial Mask Set, Face Mask Gift Set 2.5 oz each</p><p>$22.99</p><a href="https://www.amazon.com/dp/B086V843R8?tag=eloabder-20&linkCode=osi&th=1&psc=1">View Product</a></div><div class="product"><a href="https://www.amazon.com/dp/B07JMTMHGS?tag=eloabder-20&linkCode=osi&th=1&psc=1"><img src="https://m.media-amazon.com/images/I/41PeKCZ7NtL._SL500_.jpg" alt="Product Image"></a><p>LAPCOS Aloe Sheet Mask, Daily Face Mask with Cucumber and Aloe Gel to Calm and Moisturize Skin, Korean Beauty Favorite, 5-Pack</p><p>$20.00 ($4.00 / count)</p><a href="https://www.amazon.com/dp/B07JMTMHGS?tag=eloabder-20&linkCode=osi&th=1&psc=1">View Product</a></div><div class="product"><a href="https://www.amazon.com/dp/B0CMQKTJDQ?tag=eloabder-20&linkCode=osi&th=1&psc=1"><img src="https://m.media-amazon.com/images/I/51oosdS4y8L._SL500_.jpg" alt="Product Image"></a><p>VESPRO 100 Pack Collagen Essence Sheet Facial Masks, Bulk Face Masks Skincare, Hydrating Face Masks for All Skin Types, Moisturizing and Soothing, Natural Skin Care Spa Face Mask</p><p>$45.99 ($0.46 / Count)</p><a href="https://www.amazon.com/dp/B0CMQKTJDQ?tag=eloabder-20&linkCode=osi&th=1&psc=1">View Product</a></div><div class="product"><a href="https://www.amazon.com/dp/B0B41LVMJ3?tag=eloabder-20&linkCode=osi&th=1&psc=1"><img src="https://m.media-amazon.com/images/I/51xduFirI6L._SL500_.jpg" alt="Product Image"></a><p>#OOTD Collagen Hydrating Sheet Masks for Face Korean Anti Aging Mask Sheet for Dry Skin & Sensitive Skin, EVE Vegan, Not Tested on Animals, No Parabens, No Sulfates, Hyaluronic Acid, Witch Hazel 10EA</p><p>$18.00 ($1.80 / Count)</p><a href="https://www.amazon.com/dp/B0B41LVMJ3?tag=eloabder-20&linkCode=osi&th=1&psc=1">View Product</a></div>
<div class="product"><a href="https://www.amazon.com/dp/B01N34XW93?tag=eloabder-20&linkCode=osi&th=1&psc=1"><img src="https://m.media-amazon.com/images/I/31OMOTCxlmL._SL500_.jpg" alt="Product Image"></a><p>La Roche-Posay Toleriane Purifying Foaming Facial Cleanser, Oil Free Face Wash for Oily Skin and for Sensitive Skin with Niacinamide, Pore Cleanser Won’t Dry Out Skin, Unscented</p><p>$17.99 ($1.33 / Fl Oz)</p><a href="https://www.amazon.com/dp/B01N34XW93?tag=eloabder-20&linkCode=osi&th=1&psc=1">View Product</a></div><div class="product"><a href="https://www.amazon.com/dp/B01MSSDEPK?tag=eloabder-20&linkCode=osi&th=1&psc=1"><img src="https://m.media-amazon.com/images/I/41YuSwjJUIL._SL500_.jpg" alt="Product Image"></a><p>CeraVe Hydrating Facial Cleanser | Moisturizing Face Wash For Dry Skin | Hyaluronic Acid + Ceramides + Glycerin | Hydrating Cleanser For Normal To Dry Skin | National Eczema Assosiation Certified</p><p>$15.48 ($0.97 / Fl Oz)</p><a href="https://www.amazon.com/dp/B01MSSDEPK?tag=eloabder-20&linkCode=osi&th=1&psc=1">View Product</a></div><div class="product"><a href="https://www.amazon.com/dp/B01N7T7JKJ?tag=eloabder-20&linkCode=osi&th=1&psc=1"><img src="https://m.media-amazon.com/images/I/31VXK3y1KYL._SL500_.jpg" alt="Product Image"></a><p>La Roche-Posay Toleriane Hydrating Gentle Face Cleanser, Daily Facial Cleanser with Niacinamide and Ceramides for Sensitive Skin, Moisturizing Face Wash for Normal to Dry Skin, Fragrance Free</p><p>$17.99 ($1.33 / Fl Oz)</p><a href="https://www.amazon.com/dp/B01N7T7JKJ?tag=eloabder-20&linkCode=osi&th=1&psc=1">View Product</a></div><div class="product"><a href="https://www.amazon.com/dp/B01N1LL62W?tag=eloabder-20&linkCode=osi&th=1&psc=1"><img src="https://m.media-amazon.com/images/I/41kwN8dWWzL._SL500_.jpg" alt="Product Image"></a><p>CeraVe Foaming Facial Cleanser | Daily Face Wash for Oily Skin with Hyaluronic Acid, Ceramides, and Niacinamide| Fragrance Free | 16 Fluid Ounce</p><p>$15.19 ($0.95 / Fl Oz)</p><a href="https://www.amazon.com/dp/B01N1LL62W?tag=eloabder-20&linkCode=osi&th=1&psc=1">View Product</a></div><div class="product"><a href="https://www.amazon.com/dp/B00U1YCRD8?tag=eloabder-20&linkCode=osi&th=1&psc=1"><img src="https://m.media-amazon.com/images/I/31LVb8KvKwL._SL500_.jpg" alt="Product Image"></a><p>CeraVe SA Cleanser | Salicylic Acid Cleanser with Hyaluronic Acid, Niacinamide & Ceramides| BHA Exfoliant for Face | Fragrance Free Non-Comedogenic | 8 Ounce</p><p>$12.37 ($1.55 / Ounce)</p><a href="https://www.amazon.com/dp/B00U1YCRD8?tag=eloabder-20&linkCode=osi&th=1&psc=1">View Product</a></div><div class="product"><a href="https://www.amazon.com/dp/B0BVV8BNYJ?tag=eloabder-20&linkCode=osi&th=1&psc=1"><img src="https://m.media-amazon.com/images/I/31tSZvBReoL._SL500_.jpg" alt="Product Image"></a><p>ANUA Heartleaf Quercetinol Pore Deep Cleansing Foam, Facial Cleanser, for Double Cleansing, BHA, Hyaluronic Acid, Glycerin, Face Wash, Blackhead Remover, Korean Skincare (150ml/5.07 fl.oz.)</p><p>$13.00 ($2.56 / Fl Oz)</p><a href="https://www.amazon.com/dp/B0BVV8BNYJ?tag=eloabder-20&linkCode=osi&th=1&psc=1">View Product</a></div><div class="product"><a href="https://www.amazon.com/dp/B00QY1XZ4W?tag=eloabder-20&linkCode=osi&th=1&psc=1"><img src="https://m.media-amazon.com/images/I/319pG+OQZxL._SL500_.jpg" alt="Product Image"></a><p>Vanicream Gentle Facial Cleanser with Pump Dispenser - 8 fl oz - Formulated Without Common Irritants for Those with Sensitive Skin</p><p>$8.86 ($1.11 / Fl Oz)</p><a href="https://www.amazon.com/dp/B00QY1XZ4W?tag=eloabder-20&linkCode=osi&th=1&psc=1">View Product</a></div><div class="product"><a href="https://www.amazon.com/dp/B016NRXO06?tag=eloabder-20&linkCode=osi&th=1&psc=1"><img src="https://m.media-amazon.com/images/I/31jSFIvh2TS._SL500_.jpg" alt="Product Image"></a><p>COSRX Low pH Good Morning Gel Cleanser, Daily Mild Face Cleanser for Sensitive Skin with BHA & Tea-Tree Oil, PH Balancing, Korean Skincare (5.07fl.oz/150ml)</p><p>$11.49 ($2.27 / Fl Oz)</p><a href="https://www.amazon.com/dp/B016NRXO06?tag=eloabder-20&linkCode=osi&th=1&psc=1">View Product</a></div><div class="product"><a href="https://www.amazon.com/dp/B09Y4HHY1P?tag=eloabder-20&linkCode=osi&th=1&psc=1"><img src="https://m.media-amazon.com/images/I/41Crw80Q3yL._SL500_.jpg" alt="Product Image"></a><p>Cetaphil Face Wash, Daily Facial Cleanser for Sensitive, Combination to Oily Skin, NEW 16 oz, Fragrance Free, Gentle Foaming, Soap Free, Hypoallergenic (Packaging May Vary)</p><p>$11.97 ($0.75 / Fl Oz)</p><a href="https://www.amazon.com/dp/B09Y4HHY1P?tag=eloabder-20&linkCode=osi&th=1&psc=1">View Product</a></div><div class="product"><a href="https://www.amazon.com/dp/B0BN2PX8V3?tag=eloabder-20&linkCode=osi&th=1&psc=1"><img src="https://m.media-amazon.com/images/I/31n4TECLwuL._SL500_.jpg" alt="Product Image"></a><p>ANUA Heartleaf Pore Control Cleansing Oil, Oil Cleanser for Face, Makeup Blackhead Remover, Korean Skin Care 6.76 fl oz(200ml) (original)</p><p>$17.69 ($2.64 / Fl Oz)</p><a href="https://www.amazon.com/dp/B0BN2PX8V3?tag=eloabder-20&linkCode=osi&th=1&psc=1">View Product</a></div>
<div class="product"><a href="https://www.amazon.com/dp/B08CMS8P67?tag=eloabder-20&linkCode=osi&th=1&psc=1"><img src="https://m.media-amazon.com/images/I/31LVyuSsJEL._SL500_.jpg" alt="Product Image"></a><p>Anua Heartleaf 77 Soothing Toner I pH 5.5 Trouble Care, Calming Skin, Refreshing, Hydrating, Purifying, Cruelty Free, Vegan,(250ml / 8.45 fl.oz.)</p><p>$19.69 ($2.33 / Fl Oz)</p><a href="https://www.amazon.com/dp/B08CMS8P67?tag=eloabder-20&linkCode=osi&th=1&psc=1">View Product</a></div><div class="product"><a href="https://www.amazon.com/dp/B09LKXR62L?tag=eloabder-20&linkCode=osi&th=1&psc=1"><img src="https://m.media-amazon.com/images/I/31D6ydy59dL._SL500_.jpg" alt="Product Image"></a><p>CeraVe Hydrating Toner for Face Non-Alcoholic with Hyaluronic Acid, Niacinamide, and Ceramides for Sensitive Dry Skin, Fragrance-Free Non Comedogenic, Full Size, 6.8 Fl Oz</p><p>$9.86 ($1.45 / Ounce)</p><a href="https://www.amazon.com/dp/B09LKXR62L?tag=eloabder-20&linkCode=osi&th=1&psc=1">View Product</a></div><div class="product"><a href="https://www.amazon.com/dp/B0CG1H8YRS?tag=eloabder-20&linkCode=osi&th=1&psc=1"><img src="https://m.media-amazon.com/images/I/31OZES5j9LL._SL500_.jpg" alt="Product Image"></a><p>TIRTIR Milk Skin Rice Toner | Deep Moisturizing, Instant Glow, 2% Niacinamide, Rice Bran Extract, Ceramide, Panthenol, Cruelty-Free, Fungal Acne Friendly, Vegan, 5.07 fl.oz.</p><p>$24.99 ($4.93 / Fl Oz)</p><a href="https://www.amazon.com/dp/B0CG1H8YRS?tag=eloabder-20&linkCode=osi&th=1&psc=1">View Product</a></div><div class="product"><a href="https://www.amazon.com/dp/B007HD570Q?tag=eloabder-20&linkCode=osi&th=1&psc=1"><img src="https://m.media-amazon.com/images/I/31uC8ENEVqL._SL500_.jpg" alt="Product Image"></a><p>Thayers Alcohol-Free, Hydrating Rose Petal Witch Hazel Facial Toner with Aloe Vera Formula, Vegan, Dermatologist Tested and Recommended, 12 Oz</p><p>$10.53 ($0.88 / Fl Oz)</p><a href="https://www.amazon.com/dp/B007HD570Q?tag=eloabder-20&linkCode=osi&th=1&psc=1">View Product</a></div><div class="product"><a href="https://www.amazon.com/dp/B01LZK411L?tag=eloabder-20&linkCode=osi&th=1&psc=1"><img src="https://m.media-amazon.com/images/I/31la+He5vRL._SL500_.jpg" alt="Product Image"></a><p>ACWELL Licorice pH Balancing Korean Toner for Cleansing 5.07 fl.oz. - Alcohol-Free PH5.5 Hydrating Facial Astringent - Skin Clarifying & Hydration Boosting Toner</p><p>$16.00 ($3.14 / Fl Oz)</p><a href="https://www.amazon.com/dp/B01LZK411L?tag=eloabder-20&linkCode=osi&th=1&psc=1">View Product</a></div><div class="product"><a href="https://www.amazon.com/dp/B07BYJF7L7?tag=eloabder-20&linkCode=osi&th=1&psc=1"><img src="https://m.media-amazon.com/images/I/31+G3Xc+J7L._SL500_.jpg" alt="Product Image"></a><p>SOME BY MI AHA BHA PHA 30 Days Miracle Toner - 5.07Oz, 150ml - Made from Tea Tree Water for Sensitive Skin - Mild Exfoliating Daily Face Toner - Skin Wastes, Sebum and Oiliness Care - Korean Skin Care</p><p>$12.00 ($2.37 / Fl Oz)</p><a href="https://www.amazon.com/dp/B07BYJF7L7?tag=eloabder-20&linkCode=osi&th=1&psc=1">View Product</a></div><div class="product"><a href="https://www.amazon.com/dp/B00LO2RO7K?tag=eloabder-20&linkCode=osi&th=1&psc=1"><img src="https://m.media-amazon.com/images/I/31Wb52+KYzL._SL500_.jpg" alt="Product Image"></a><p>La Roche-Posay Effaclar Clarifying Solution Acne Toner with Salicylic Acid and Glycolic Acid, Pore Refining Oily Skin Toner, Gentle Exfoliant to Unclog Pores and Remove Dead Skin Cells</p><p>$16.99 ($2.51 / Fl Oz)</p><a href="https://www.amazon.com/dp/B00LO2RO7K?tag=eloabder-20&linkCode=osi&th=1&psc=1">View Product</a></div><div class="product"><a href="https://www.amazon.com/dp/B008EPPIQ4?tag=eloabder-20&linkCode=osi&th=1&psc=1"><img src="https://m.media-amazon.com/images/I/31-lQL0AkZL._SL500_.jpg" alt="Product Image"></a><p>Paula's Choice Skin Balancing Pore-Reducing Toner for Combination and Oily Skin, Minimizes Large Pores, 6.4 Fluid Ounce Bottle</p><p>$26.00 ($4.06 / Fl Oz)</p><a href="https://www.amazon.com/dp/B008EPPIQ4?tag=eloabder-20&linkCode=osi&th=1&psc=1">View Product</a></div><div class="product"><a href="https://www.amazon.com/dp/B073P6BPF5?tag=eloabder-20&linkCode=osi&th=1&psc=1"><img src="https://m.media-amazon.com/images/I/31hqlVDLizL._SL500_.jpg" alt="Product Image"></a><p>COSRX AHA/BHA Clarifying Treatment Toner, 5.07 fl.oz / 150ml | Exfoliating Facial Spray | Korean Skin Care, Hydrating, Mild Exfoliation, Vegan, Animal Testing Free, Paraben Free</p><p>$10.75 ($2.11 / Fl Oz)</p><a href="https://www.amazon.com/dp/B073P6BPF5?tag=eloabder-20&linkCode=osi&th=1&psc=1">View Product</a></div>
<div class="product"><a href="https://www.amazon.com/dp/B07C5SS6YD?tag=eloabder-20&linkCode=osi&th=1&psc=1"><img src="https://m.media-amazon.com/images/I/31tzIszvgAL._SL500_.jpg" alt="Product Image"></a><p>Paula's Choice Skin Perfecting 2% BHA Liquid Salicylic Acid Exfoliant, Gentle Facial Exfoliator for Blackheads, Large Pores, Wrinkles & Fine Lines, Travel Size, 1 Fluid Ounce</p><p>$14.00</p><a href="https://www.amazon.com/dp/B07C5SS6YD?tag=eloabder-20&linkCode=osi&th=1&psc=1">View Product</a></div><div class="product"><a href="https://www.amazon.com/dp/B07VW3YSWH?tag=eloabder-20&linkCode=osi&th=1&psc=1"><img src="https://m.media-amazon.com/images/I/410j9ZFktHL._SL500_.jpg" alt="Product Image"></a><p>Tree Hut Vitamin C Shea Sugar Scrub, 18 oz, Ultra Hydrating and Exfoliating Scrub for Nourishing Essential Body Care</p><p>$8.94 ($0.50 / Ounce)</p><a href="https://www.amazon.com/dp/B07VW3YSWH?tag=eloabder-20&linkCode=osi&th=1&psc=1">View Product</a></div><div class="product"><a href="https://www.amazon.com/dp/B07NHZP4FW?tag=eloabder-20&linkCode=osi&th=1&psc=1"><img src="https://m.media-amazon.com/images/I/41znKaYV17L._SL500_.jpg" alt="Product Image"></a><p>Seraphic Skincare (Original) Premium Exfoliating Mitt for Body (2pc) – 100% Vegan Viscose Traditional Body Scrub Glove Kessa Korean Washcloth – Body Exfoliator for Self-Tan Removal & Keratosis Pilaris</p><p>$12.99 ($6.50 / Count)</p><a href="https://www.amazon.com/dp/B07NHZP4FW?tag=eloabder-20&linkCode=osi&th=1&psc=1">View Product</a></div><div class="product"><a href="https://www.amazon.com/dp/B001VMJSCW?tag=eloabder-20&linkCode=osi&th=1&psc=1"><img src="https://m.media-amazon.com/images/I/31N7x4-aJAL._SL500_.jpg" alt="Product Image"></a><p>Dermalogica Daily Microfoliant, Face Exfoliator Scrub Powder with Salicylic Acid and Papaya Enzyme, Achieve Brighter, Smoother Skin Daily, 0.45 Oz</p><p>$19.00 ($42.22 / Ounce)</p><a href="https://www.amazon.com/dp/B001VMJSCW?tag=eloabder-20&linkCode=osi&th=1&psc=1">View Product</a></div><div class="product"><a href="https://www.amazon.com/dp/B09Q88TVGJ?tag=eloabder-20&linkCode=osi&th=1&psc=1"><img src="https://m.media-amazon.com/images/I/31jQFJt0t7L._SL500_.jpg" alt="Product Image"></a><p>tingl Face and Body Exfoliator Pads - Anti Aging Acne Treatment with Glycolic Acid, Lactic Acid, and Salicylic Acid - Pore Minimizer, Oil Cleanser, Blackhead Remover and Skin Exfoliator in One</p><p>$38.00 ($38.00 / Count)</p><a href="https://www.amazon.com/dp/B09Q88TVGJ?tag=eloabder-20&linkCode=osi&th=1&psc=1">View Product</a></div><div class="product"><a href="https://www.amazon.com/dp/B0BNWXFH3P?tag=eloabder-20&linkCode=osi&th=1&psc=1"><img src="https://m.media-amazon.com/images/I/51HkdST1FCL._SL500_.jpg" alt="Product Image"></a><p>Dermasuri Deep Exfoliating Glove for Shower - Exfoliating Mitt Body Scrubber - Skin Exfoliator & Dead Skin Remover - Keratosis Pilaris Scrub - Spray Tan Remover - Korean Skincare for Body (2 Pack)</p><p>$19.99 ($10.00 / Count)</p><a href="https://www.amazon.com/dp/B0BNWXFH3P?tag=eloabder-20&linkCode=osi&th=1&psc=1">View Product</a></div><div class="product"><a href="https://www.amazon.com/dp/B076DSRB6B?tag=eloabder-20&linkCode=osi&th=1&psc=1"><img src="https://m.media-amazon.com/images/I/51lTK55c5UL._SL500_.jpg" alt="Product Image"></a><p>Himalayan Salt Scrub Face Foot & Body Exfoliator Infused with Collagen and Stem Cell Natural Exfoliating Salt Body Scrub for Toning Cellulite Skin Care by M3 Naturals</p><p>$25.81 ($2.15 / Ounce)</p><a href="https://www.amazon.com/dp/B076DSRB6B?tag=eloabder-20&linkCode=osi&th=1&psc=1">View Product</a></div><div class="product"><a href="https://www.amazon.com/dp/B004GEV9JW?tag=eloabder-20&linkCode=osi&th=1&psc=1"><img src="https://m.media-amazon.com/images/I/41MgyDfHXfL._SL500_.jpg" alt="Product Image"></a><p>Buf-Puf Gentle Facial Sponge, Dermatologist Developed, Removes Deep Down Dirt & Makeup That Causes Breakouts and Blackheads, Reusable, Exfoliating, 1 Count</p><p>$8.71</p><a href="https://www.amazon.com/dp/B004GEV9JW?tag=eloabder-20&linkCode=osi&th=1&psc=1">View Product</a></div><div class="product"><a href="https://www.amazon.com/dp/B0000632EN?tag=eloabder-20&linkCode=osi&th=1&psc=1"><img src="https://m.media-amazon.com/images/I/314AH1Zo0lL._SL500_.jpg" alt="Product Image"></a><p>Aveeno Positively Radiant Exfoliating Facial Scrub, Brightening Face Scrub with Soy Extract to Visibly Improve Skin Tone and Texture, Oil-Free, Soap-Free, Hypoallergenic Formula, 5 FL OZ</p><p>$7.97 ($1.59 / Ounce)</p><a href="https://www.amazon.com/dp/B0000632EN?tag=eloabder-20&linkCode=osi&th=1&psc=1">View Product</a></div>
<div class="product"><a href="https://www.amazon.com/dp/B005IHT94S?tag=eloabder-20&linkCode=osi&th=1&psc=1"><img src="https://m.media-amazon.com/images/I/31YAXVCRMAL._SL500_.jpg" alt="Product Image"></a><p>Neutrogena Ultra Sheer Dry-Touch Water Resistant and Non-Greasy Sunscreen Lotion with Broad Spectrum SPF 70, 3 Fl Oz (Pack of 1)</p><p>$9.88 ($3.29 / Fl Oz)</p><a href="https://www.amazon.com/dp/B005IHT94S?tag=eloabder-20&linkCode=osi&th=1&psc=1">View Product</a></div><div class="product"><a href="https://www.amazon.com/dp/B078BC1NJ6?tag=eloabder-20&linkCode=osi&th=1&psc=1"><img src="https://m.media-amazon.com/images/I/51V4LMN2zEL._SL500_.jpg" alt="Product Image"></a><p>Coppertone Sport Sunscreen Spray SPF 50, Water Resistant Spray Sunscreen, Broad Spectrum SPF 50 Sunscreen, Bulk Sunscreen Pack, 5.5 Oz Bottle, Pack of 3</p><p>$20.63 ($1.25 / Ounce)</p><a href="https://www.amazon.com/dp/B078BC1NJ6?tag=eloabder-20&linkCode=osi&th=1&psc=1">View Product</a></div><div class="product"><a href="https://www.amazon.com/dp/B01MQXX9US?tag=eloabder-20&linkCode=osi&th=1&psc=1"><img src="https://m.media-amazon.com/images/I/41Zi7BP15NL._SL500_.jpg" alt="Product Image"></a><p>Banana Boat Sport Ultra SPF 50 Sunscreen Spray Twin Pack | Banana Boat Sunscreen Spray SPF 50, Spray On Sunscreen, Water Resistant Sunscreen, Oxybenzone Free Sunscreen Pack, 6oz each</p><p>$13.97 ($1.16 / Ounce)</p><a href="https://www.amazon.com/dp/B01MQXX9US?tag=eloabder-20&linkCode=osi&th=1&psc=1">View Product</a></div><div class="product"><a href="https://www.amazon.com/dp/B00AEN4QZ8?tag=eloabder-20&linkCode=osi&th=1&psc=1"><img src="https://m.media-amazon.com/images/I/31QMrCJPoeL._SL500_.jpg" alt="Product Image"></a><p>Neutrogena Beach Defense Water-Resistant Face & Body SPF 70 Sunscreen Lotion with Broad Spectrum UVA/UVB Protection, Oil-Free Fast-Absorbing Sunscreen Lotion, Oxybenzone-Free, 6.7 oz</p><p>$9.60 ($1.43 / Fl Oz)</p><a href="https://www.amazon.com/dp/B00AEN4QZ8?tag=eloabder-20&linkCode=osi&th=1&psc=1">View Product</a></div><div class="product"><a href="https://www.amazon.com/dp/B076GZX3KL?tag=eloabder-20&linkCode=osi&th=1&psc=1"><img src="https://m.media-amazon.com/images/I/41BQoEZMuTL._SL500_.jpg" alt="Product Image"></a><p>Neutrogena Sunscreen Spray, Ultra Sheer ® Body Mist, Broad Spectrum SPF 70, Non-Greasy Water Resistant Body Sunscreen Mist, Non-Comedogenic, 5 oz (Pack of 3)</p><p>$22.60 ($1.51 / Ounce)</p><a href="https://www.amazon.com/dp/B076GZX3KL?tag=eloabder-20&linkCode=osi&th=1&psc=1">View Product</a></div><div class="product"><a href="https://www.amazon.com/dp/B004D2DR0Q?tag=eloabder-20&linkCode=osi&th=1&psc=1"><img src="https://m.media-amazon.com/images/I/41QwzCWNnFL._SL500_.jpg" alt="Product Image"></a><p>Neutrogena Ultra Sheer Dry-Touch Water Resistant and Non-Greasy Sunscreen Lotion with Broad Spectrum SPF 45, TSA-Compliant travel Size, 3 Fl Oz, Pack of 2, 6 Fl Oz</p><p>$13.99 ($2.33 / Fl Oz)</p><a href="https://www.amazon.com/dp/B004D2DR0Q?tag=eloabder-20&linkCode=osi&th=1&psc=1">View Product</a></div><div class="product"><a href="https://www.amazon.com/dp/B002CML1VG?tag=eloabder-20&linkCode=osi&th=1&psc=1"><img src="https://m.media-amazon.com/images/I/41ufC4L5QQL._SL500_.jpg" alt="Product Image"></a><p>La Roche-Posay Anthelios Melt-In Milk Sunscreen SPF 60 | Sunscreen For Body & Face | Broad Spectrum SPF + Antioxidants | Oil Free Sunscreen Lotion | Lightweight & Fast Absorbing | Oxybenzone Free</p><p>$37.99 ($7.60 / Fl Oz)</p><a href="https://www.amazon.com/dp/B002CML1VG?tag=eloabder-20&linkCode=osi&th=1&psc=1">View Product</a></div><div class="product"><a href="https://www.amazon.com/dp/B00B81XR1Y?tag=eloabder-20&linkCode=osi&th=1&psc=1"><img src="https://m.media-amazon.com/images/I/41NtDXr-dML._SL500_.jpg" alt="Product Image"></a><p>Banana Boat Sport Ultra SPF 30 Sunscreen Spray Twin Pack | Banana Boat Sunscreen Spray SPF 30, Spray On Sunscreen, Water Resistant Sunscreen, Oxybenzone Free Sunscreen Pack, 6oz each</p><p>$13.47 ($1.12 / Ounce)</p><a href="https://www.amazon.com/dp/B00B81XR1Y?tag=eloabder-20&linkCode=osi&th=1&psc=1">View Product</a></div><div class="product"><a href="https://www.amazon.com/dp/B07X1YDGSF?tag=eloabder-20&linkCode=osi&th=1&psc=1"><img src="https://m.media-amazon.com/images/I/31PSmI7nKIL._SL500_.jpg" alt="Product Image"></a><p>Neutrogena Beach Defense Sunscreen Spray SPF 50 Water-Resistant Body Spray with Broad Spectrum , PABA-Free, Oxybenzone-Free & Fast-Drying, Superior Sun Protection, 6.5 oz, Transparent</p><p>$9.88 ($1.52 / Ounce)</p><a href="https://www.amazon.com/dp/B07X1YDGSF?tag=eloabder-20&linkCode=osi&th=1&psc=1">View Product</a></div>
<div class="product"><a href="https://www.amazon.com/dp/B00JJPMXDO?tag=eloabder-20&linkCode=osi&th=1&psc=1"><img src="https://m.media-amazon.com/images/I/41xUbY21ojL._SL500_.jpg" alt="Product Image"></a><p>CeraVe Eye Repair Cream | Under Eye Cream For Puffiness And Bags Under Eyes | Hyaluronic Acid + Niacinamide + Marine Botanical Complex | Hydrating Eye Cream | Oil Free & Opthalmologist Tested</p><p>$13.43 ($26.86 / Ounce)</p><a href="https://www.amazon.com/dp/B00JJPMXDO?tag=eloabder-20&linkCode=osi&th=1&psc=1">View Product</a></div><div class="product"><a href="https://www.amazon.com/dp/B0B3GCCRVH?tag=eloabder-20&linkCode=osi&th=1&psc=1"><img src="https://m.media-amazon.com/images/I/41EdCdrw-AL._SL500_.jpg" alt="Product Image"></a><p>CeraVe Skin Renewing Eye Cream For Wrinkles | Under Eye Cream With Peptides + Caffeine + Niacinamide | Anti Aging Eye Cream For Wrinkles & Crows Feet | Paraben Free & Opthalmologist Tested</p><p>$18.49 ($36.98 / Ounce)</p><a href="https://www.amazon.com/dp/B0B3GCCRVH?tag=eloabder-20&linkCode=osi&th=1&psc=1">View Product</a></div><div class="product"><a href="https://www.amazon.com/dp/B00005333I?tag=eloabder-20&linkCode=osi&th=1&psc=1"><img src="https://m.media-amazon.com/images/I/31webfO63dL._SL500_.jpg" alt="Product Image"></a><p>L'Oreal Paris Dermo-Expertise Eye Defense Eye Cream with Caffeine and Hyaluronic Acid 0.5 oz</p><p>$12.27 ($24.54 / Ounce)</p><a href="https://www.amazon.com/dp/B00005333I?tag=eloabder-20&linkCode=osi&th=1&psc=1">View Product</a></div><div class="product"><a href="https://www.amazon.com/dp/B0CZJ8N83D?tag=eloabder-20&linkCode=osi&th=1&psc=1"><img src="https://m.media-amazon.com/images/I/31fQO3OHiML._SL500_.jpg" alt="Product Image"></a><p>PRIME PROMETICS PrimeEyes Hydrate Under Eye Cream for Mature Women – Hydrating Eye Cream for Dark Circles and Wrinkle Repair – Soft, Glowing & Healthy Under Eyes</p><p>$62.00</p><a href="https://www.amazon.com/dp/B0CZJ8N83D?tag=eloabder-20&linkCode=osi&th=1&psc=1">View Product</a></div><div class="product"><a href="https://www.amazon.com/dp/B0009RFB76?tag=eloabder-20&linkCode=osi&th=1&psc=1"><img src="https://m.media-amazon.com/images/I/31M2iQDNDOL._SL500_.jpg" alt="Product Image"></a><p>RoC Retinol Correxion Under Eye Cream for Dark Circles & Puffiness, Daily Wrinkle Cream, Anti Aging Line Smoothing Skin Care Treatment for Women and Men, 0.5 oz (Packaging May Vary)</p><p>$19.77 ($39.54 / Fl Oz)</p><a href="https://www.amazon.com/dp/B0009RFB76?tag=eloabder-20&linkCode=osi&th=1&psc=1">View Product</a></div><div class="product"><a href="https://www.amazon.com/dp/B0D3TG6MN3?tag=eloabder-20&linkCode=osi&th=1&psc=1"><img src="https://m.media-amazon.com/images/I/21-DQIJf5xL._SL500_.jpg" alt="Product Image"></a><p>Dr.Melaxin Eyephalt Eyebag Cream for Puffiness, Dark Circles&Fine Lines | EGF Anti-Aging Under Eye Moisturizer with Niacinamide&Ceramide 0.33 fl.oz.</p><p>$59.00 ($178.79 / Fl Oz)</p><a href="https://www.amazon.com/dp/B0D3TG6MN3?tag=eloabder-20&linkCode=osi&th=1&psc=1">View Product</a></div><div class="product"><a href="https://www.amazon.com/dp/B07CKJRJXB?tag=eloabder-20&linkCode=osi&th=1&psc=1"><img src="https://m.media-amazon.com/images/I/31pJCzbhXrL._SL500_.jpg" alt="Product Image"></a><p>No7 Lift & Luminate Triple Action Eye Cream - Anti-Aging Under Eye Cream for Dark Circles, Puffiness & Wrinkles - Formulated with Vitamin C to Brighten and Refresh Tired Eyes (0.5 Fl Oz)</p><p>$15.99</p><a href="https://www.amazon.com/dp/B07CKJRJXB?tag=eloabder-20&linkCode=osi&th=1&psc=1">View Product</a></div>
<div class="product"><a href="https://www.amazon.com/dp/B0BBSP2JNQ?tag=eloabder-20&linkCode=osi&th=1&psc=1"><img src="https://m.media-amazon.com/images/I/51qb7tiAJgL._SL500_.jpg" alt="Product Image"></a><p>SimplyVital Face Moisturizer Collagen Cream - Anti Aging Neck and Décolleté - Made in USA Day & Night Face Cream - Moisturizing, Lifting & Recovery – 1.7oz</p><p>$22.89 ($13.46 / Fl Oz)</p><a href="https://www.amazon.com/dp/B0BBSP2JNQ?tag=eloabder-20&linkCode=osi&th=1&psc=1">View Product</a></div><div class="product"><a href="https://www.amazon.com/dp/B008EKY8VK?tag=eloabder-20&linkCode=osi&th=1&psc=1"><img src="https://m.media-amazon.com/images/I/419EZkaOOIL._SL500_.jpg" alt="Product Image"></a><p>L'Oreal Paris Revitalift Triple Power Anti-Aging Face Moisturizer, Pro Retinol, Hyaluronic Acid & Vitamin C to Reduce Wrinkles, Firm & Brighten Skin, 1.7 Oz</p><p>$17.86 ($10.51 / Ounce)</p><a href="https://www.amazon.com/dp/B008EKY8VK?tag=eloabder-20&linkCode=osi&th=1&psc=1">View Product</a></div><div class="product"><a href="https://www.amazon.com/dp/B00HNSSPDG?tag=eloabder-20&linkCode=osi&th=1&psc=1"><img src="https://m.media-amazon.com/images/I/41zARcUorbL._SL500_.jpg" alt="Product Image"></a><p>Neutrogena Triple Age Repair Anti-Aging Night Cream with Vitamin C; Fights Wrinkles & Evens Tone, Firming Anti-Wrinkle Face & Neck Cream; Glycerin & Shea Butter, 1.7 oz</p><p>$19.19 ($11.29 / Ounce)</p><a href="https://www.amazon.com/dp/B00HNSSPDG?tag=eloabder-20&linkCode=osi&th=1&psc=1">View Product</a></div><div class="product"><a href="https://www.amazon.com/dp/B0C9H6PD9B?tag=eloabder-20&linkCode=osi&th=1&psc=1"><img src="https://m.media-amazon.com/images/I/51MQp9qtYZL._SL500_.jpg" alt="Product Image"></a><p>Collagen Face Moisturizer with Airless Pump - Collagen Botanical Stem Cells Cream for Skin with Retinol, Niacinamide, Hyaluronic Acid - Anti-Aging Day & Night Cream - Made in USA (1.7 Oz)</p><p>$14.99 ($8.82 / Ounce)</p><a href="https://www.amazon.com/dp/B0C9H6PD9B?tag=eloabder-20&linkCode=osi&th=1&psc=1">View Product</a></div><div class="product"><a href="https://www.amazon.com/dp/B01ES349CY?tag=eloabder-20&linkCode=osi&th=1&psc=1"><img src="https://m.media-amazon.com/images/I/51C9olHbYgL._SL500_.jpg" alt="Product Image"></a><p>LilyAna Naturals Retinol Cream - Made in USA, Anti Aging Moisturizer for Face and Neck,Wrinkle, Retinol Complex - 1.7oz</p><p>$18.16 ($10.68 / Ounce)</p><a href="https://www.amazon.com/dp/B01ES349CY?tag=eloabder-20&linkCode=osi&th=1&psc=1">View Product</a></div><div class="product"><a href="https://www.amazon.com/dp/B00QSHEN0M?tag=eloabder-20&linkCode=osi&th=1&psc=1"><img src="https://m.media-amazon.com/images/I/41XiN2SLyrL._SL500_.jpg" alt="Product Image"></a><p>Burt's Bees Renewal Firming Face Cream, Anti-Aging Retinol Alternative, Moisturizing Natural Origin Skin Care, 1.8 Ounce (Packaging May Vary)</p><p>$9.75 ($5.42 / Ounce)</p><a href="https://www.amazon.com/dp/B00QSHEN0M?tag=eloabder-20&linkCode=osi&th=1&psc=1">View Product</a></div><div class="product"><a href="https://www.amazon.com/dp/B0744JV661?tag=eloabder-20&linkCode=osi&th=1&psc=1"><img src="https://m.media-amazon.com/images/I/41uJ0OhvRuL._SL500_.jpg" alt="Product Image"></a><p>RoC Retinol Correxion Max Daily Hydration Anti-Aging Face Moisturizer with Hyaluronic Acid, Oil Free Skin Care Cream for Fine Lines, Dark Spots, Post-Acne Scars, 1.7 Ounces (Packaging May Vary)</p><p>$21.53 ($12.66 / Ounce)</p><a href="https://www.amazon.com/dp/B0744JV661?tag=eloabder-20&linkCode=osi&th=1&psc=1">View Product</a></div><div class="product"><a href="https://www.amazon.com/dp/B004D2C57M?tag=eloabder-20&linkCode=osi&th=1&psc=1"><img src="https://m.media-amazon.com/images/I/4106jzuxtsL._SL500_.jpg" alt="Product Image"></a><p>Neutrogena Retinol Face Moisturizer, Rapid Wrinkle Repair with SPF 30 Sunscreen, Daily Anti-Aging Face Cream with Retinol & Hyaluronic Acid to Fight Fine Lines, Wrinkles, & Dark Spots, 1 fl. oz</p><p>$17.14</p><a href="https://www.amazon.com/dp/B004D2C57M?tag=eloabder-20&linkCode=osi&th=1&psc=1">View Product</a></div><div class="product"><a href="https://www.amazon.com/dp/B0B5TBVX6C?tag=eloabder-20&linkCode=osi&th=1&psc=1"><img src="https://m.media-amazon.com/images/I/51nRJsctWHL._SL500_.jpg" alt="Product Image"></a><p>Retinol Cream for Face - Facial Moisturizer with Collagen and Hyaluronic Acid, Anti-Wrinkle Reduce Fine Lines Vitamin C+E Natural-Ingredient Day Night Anti-Aging For Women Men</p><p>$14.99 ($8.82 / Fl Oz)</p><a href="https://www.amazon.com/dp/B0B5TBVX6C?tag=eloabder-20&linkCode=osi&th=1&psc=1">View Product</a></div>
<div class="product"><a href="https://www.amazon.com/dp/B00DG8F02Q?tag=eloabder-20&linkCode=osi&th=1&psc=1"><img src="https://m.media-amazon.com/images/I/31+WLRw2Y6L._SL500_.jpg" alt="Product Image"></a><p>NIVEA Shea Nourish Body Lotion, 48-Hour Moisturizing Shea Butter Lotion for Dry Skin with Deep Nourishing Serum, 16.9 Fl Oz Pump Bottle</p><p>$6.29 ($0.37 / Fl Oz)</p><a href="https://www.amazon.com/dp/B00DG8F02Q?tag=eloabder-20&linkCode=osi&th=1&psc=1">View Product</a></div><div class="product"><a href="https://www.amazon.com/dp/B076G2XGY3?tag=eloabder-20&linkCode=osi&th=1&psc=1"><img src="https://m.media-amazon.com/images/I/41jIXvha20L._SL500_.jpg" alt="Product Image"></a><p>NIVEA Essentially Enriched Body Lotion for Dry Skin, Pack of 2, 16.9 Fl Oz Pump Bottles</p><p>$10.98 ($0.32 / Fl Oz)</p><a href="https://www.amazon.com/dp/B076G2XGY3?tag=eloabder-20&linkCode=osi&th=1&psc=1">View Product</a></div><div class="product"><a href="https://www.amazon.com/dp/B00DG8EZKO?tag=eloabder-20&linkCode=osi&th=1&psc=1"><img src="https://m.media-amazon.com/images/I/31DT3ghuyXL._SL500_.jpg" alt="Product Image"></a><p>NIVEA Intense Healing Body Lotion for Dry Skin, 72-Hour Moisturizing Lotion with Deep Nourishing Serum and Provitamin B5, 16.9 Fl Oz Pump Bottle</p><p>$6.29 ($0.37 / Fl Oz)</p><a href="https://www.amazon.com/dp/B00DG8EZKO?tag=eloabder-20&linkCode=osi&th=1&psc=1">View Product</a></div><div class="product"><a href="https://www.amazon.com/dp/B08KT5HM98?tag=eloabder-20&linkCode=osi&th=1&psc=1"><img src="https://m.media-amazon.com/images/I/311EVJ1x7tL._SL500_.jpg" alt="Product Image"></a><p>eos Shea Better Body Lotion- Coconut Waters, 24-Hour Moisture Skin Care, Lightweight & Non-Greasy, Made with Natural Shea, Vegan, 16 fl oz</p><p>$8.98 ($0.56 / Fl Oz)</p><a href="https://www.amazon.com/dp/B08KT5HM98?tag=eloabder-20&linkCode=osi&th=1&psc=1">View Product</a></div><div class="product"><a href="https://www.amazon.com/dp/B0034F9K36?tag=eloabder-20&linkCode=osi&th=1&psc=1"><img src="https://m.media-amazon.com/images/I/319i3EFVPvL._SL500_.jpg" alt="Product Image"></a><p>Jergens Ultra Healing Dry Skin Moisturizer, Body and Hand Lotion for Dry Skin, for Quick Absorption into Extra Dry Skin, with HYDRALUCENCE blend, Vitamins C, E, and B5, 32 Ounce</p><p>$8.17 ($0.26 / Fl Oz)</p><a href="https://www.amazon.com/dp/B0034F9K36?tag=eloabder-20&linkCode=osi&th=1&psc=1">View Product</a></div><div class="product"><a href="https://www.amazon.com/dp/B003JT8PKQ?tag=eloabder-20&linkCode=osi&th=1&psc=1"><img src="https://m.media-amazon.com/images/I/31TFisQDpKL._SL500_.jpg" alt="Product Image"></a><p>Lubriderm Daily Moisture Lotion + Pro-Ceramide with Shea Butter & Glycerin Helps Moisturize Dry Skin, Hydrating Face, Hand & Body Lotion is Lightly Scented & Non-Greasy, 24 fl. oz</p><p>$10.12 ($0.42 / Fl Oz)</p><a href="https://www.amazon.com/dp/B003JT8PKQ?tag=eloabder-20&linkCode=osi&th=1&psc=1">View Product</a></div><div class="product"><a href="https://www.amazon.com/dp/B07RK4HST7?tag=eloabder-20&linkCode=osi&th=1&psc=1"><img src="https://m.media-amazon.com/images/I/412DGoW35mL._SL500_.jpg" alt="Product Image"></a><p>CeraVe Daily Moisturizing Lotion for Dry Skin | Body Lotion & Face Moisturizer with Hyaluronic Acid and Ceramides | Daily Moisturizer | Fragrance Free | Oil-Free | 19 Ounce</p><p>$18.50 ($0.97 / Fl Oz)</p><a href="https://www.amazon.com/dp/B07RK4HST7?tag=eloabder-20&linkCode=osi&th=1&psc=1">View Product</a></div><div class="product"><a href="https://www.amazon.com/dp/B0D484X4RL?tag=eloabder-20&linkCode=osi&th=1&psc=1"><img src="https://m.media-amazon.com/images/I/31rZLOx+KEL._SL500_.jpg" alt="Product Image"></a><p>Native Body Lotion Contains Naturally Derived Plant-Based Moisturizers for Women and Men | Restores Dry Skin, Coconut & Vanilla, 16.5 fl oz</p><p>$13.97 ($0.85 / Fl Oz)</p><a href="https://www.amazon.com/dp/B0D484X4RL?tag=eloabder-20&linkCode=osi&th=1&psc=1">View Product</a></div><div class="product"><a href="https://www.amazon.com/dp/B073CXZ8KR?tag=eloabder-20&linkCode=osi&th=1&psc=1"><img src="https://m.media-amazon.com/images/I/31r1ImnqoOL._SL500_.jpg" alt="Product Image"></a><p>Nivea Oil Infused Cherry Blossom and Jojoba Oil Body Lotion, Non-Greasy Cherry Blossom Scented Lotion Moisturizes for 24+ Hours, 16.9 Fl Oz Pump Bottle</p><p>$6.29 ($0.37 / Fl Oz)</p><a href="https://www.amazon.com/dp/B073CXZ8KR?tag=eloabder-20&linkCode=osi&th=1&psc=1">View Product</a></div><div class="product"><a href="https://www.amazon.com/dp/B09HHBKK15?tag=eloabder-20&linkCode=osi&th=1&psc=1"><img src="https://m.media-amazon.com/images/I/31gFI+hSGmL._SL500_.jpg" alt="Product Image"></a><p>Amazon Basics Cocoa Butter Body Lotion, Lightly scented, 20.3 fl oz</p><p>$4.89 ($0.24 / Fl Oz)</p><a href="https://www.amazon.com/dp/B09HHBKK15?tag=eloabder-20&linkCode=osi&th=1&psc=1">View Product</a></div>
<div class="product"><a href="https://www.amazon.com/dp/B0BVBZPX9B?tag=eloabder-20&linkCode=osi&th=1&psc=1"><img src="https://m.media-amazon.com/images/I/61Y09jlKZkL._SL500_.jpg" alt="Product Image"></a><p>Dove Deep Moisture Body Wash 30.6 Fl Oz Pack of 3 with Pump, Luxurious Hydration for Dry Skin, Cleanser with 24hr Renewing MicroMoisture</p><p>$23.22 ($0.25 / Fl Oz)</p><a href="https://www.amazon.com/dp/B0BVBZPX9B?tag=eloabder-20&linkCode=osi&th=1&psc=1">View Product</a></div><div class="product"><a href="https://www.amazon.com/dp/B0BT1VXDGD?tag=eloabder-20&linkCode=osi&th=1&psc=1"><img src="https://m.media-amazon.com/images/I/217eAv7yKyL._SL500_.jpg" alt="Product Image"></a><p>Method Body Wash, Pure Peace, Paraben and Phthalate Free, Biodegradable Formula, 28 oz (Pack of 1)</p><p>$11.48 ($0.41 / Fl Oz)</p><a href="https://www.amazon.com/dp/B0BT1VXDGD?tag=eloabder-20&linkCode=osi&th=1&psc=1">View Product</a></div><div class="product"><a href="https://www.amazon.com/dp/B0BVBYQGTW?tag=eloabder-20&linkCode=osi&th=1&psc=1"><img src="https://m.media-amazon.com/images/I/61En44WjwPL._SL500_.jpg" alt="Product Image"></a><p>Dove Body Wash with Pump Sensitive Skin 3 Count Hypoallergenic, Paraben-Free, Sulfate-Free, Cruelty-Free, Moisturizing Skin Cleanser Effectively Washes Away Bacteria While Nourishing Skin 30.6 oz</p><p>$23.22 ($0.25 / Fl Oz)</p><a href="https://www.amazon.com/dp/B0BVBYQGTW?tag=eloabder-20&linkCode=osi&th=1&psc=1">View Product</a></div><div class="product"><a href="https://www.amazon.com/dp/B0CGY5BLBW?tag=eloabder-20&linkCode=osi&th=1&psc=1"><img src="https://m.media-amazon.com/images/I/61X7MjVU6uL._SL500_.jpg" alt="Product Image"></a><p>Dove Exfoliating Body Wash Glow Recharge Energizes & illuminates skin 3% brightening serum with vitamin C 18.5 oz</p><p>$9.79 ($0.53 / Fl Oz)</p><a href="https://www.amazon.com/dp/B0CGY5BLBW?tag=eloabder-20&linkCode=osi&th=1&psc=1">View Product</a></div><div class="product"><a href="https://www.amazon.com/dp/B082QB23YG?tag=eloabder-20&linkCode=osi&th=1&psc=1"><img src="https://m.media-amazon.com/images/I/31QPAuuaLwL._SL500_.jpg" alt="Product Image"></a><p>NIVEA Refreshing White Peach and Jasmine Body Wash, Scented Body Wash with Nourishing Serum, Plant-Derived Oils, Essential Skin Lipids and Vitamins, 20 Fl Oz Bottle</p><p>$4.89 ($0.24 / Fl Oz)</p><a href="https://www.amazon.com/dp/B082QB23YG?tag=eloabder-20&linkCode=osi&th=1&psc=1">View Product</a></div><div class="product"><a href="https://www.amazon.com/dp/B0BHH1LBX2?tag=eloabder-20&linkCode=osi&th=1&psc=1"><img src="https://m.media-amazon.com/images/I/41aG-jLyOqL._SL500_.jpg" alt="Product Image"></a><p>Olay Ultra Rich Moisture Body Wash for Women, Deeply Nourishes, Vitamin B3 Complex, Clinically Proven, Shea Butter Scent, 22 fl oz (Pack of 4)</p><p>$27.96 ($0.32 / Fl Oz)</p><a href="https://www.amazon.com/dp/B0BHH1LBX2?tag=eloabder-20&linkCode=osi&th=1&psc=1">View Product</a></div><div class="product"><a href="https://www.amazon.com/dp/B07FD24RTR?tag=eloabder-20&linkCode=osi&th=1&psc=1"><img src="https://m.media-amazon.com/images/I/31klAgInvXL._SL500_.jpg" alt="Product Image"></a><p>Aveeno Stress Relief Body Wash with Soothing Oat for Sensitive Skin, Lavender Body Wash to help you feel Calm and Relaxed, Sulfate-Free, 33 FL OZ</p><p>$13.48 ($0.41 / Fl Oz)</p><a href="https://www.amazon.com/dp/B07FD24RTR?tag=eloabder-20&linkCode=osi&th=1&psc=1">View Product</a></div><div class="product"><a href="https://www.amazon.com/dp/B082QC2MCX?tag=eloabder-20&linkCode=osi&th=1&psc=1"><img src="https://m.media-amazon.com/images/I/31ohT5XH1TS._SL500_.jpg" alt="Product Image"></a><p>NIVEA Shea Butter Nourishing Body Wash, Moisturizing Body Wash with Nourishing Serum, Plant-Derived Oils, Essential Skin Lipids and Vitamins, 20 Fl Oz Bottle</p><p>$5.29 ($0.26 / Fl Oz)</p><a href="https://www.amazon.com/dp/B082QC2MCX?tag=eloabder-20&linkCode=osi&th=1&psc=1">View Product</a></div><div class="product"><a href="https://www.amazon.com/dp/B0BVBYDTZ6?tag=eloabder-20&linkCode=osi&th=1&psc=1"><img src="https://m.media-amazon.com/images/I/61UbJzK8yIL._SL500_.jpg" alt="Product Image"></a><p>Dove Body Wash with Pump Refreshing Cucumber and Green Tea 3 Count Refreshes Skin Cleanser That Effectively Washes Away Bacteria While Nourishing Your Skin 30.6 oz</p><p>$29.91 ($0.33 / Fl Oz)</p><a href="https://www.amazon.com/dp/B0BVBYDTZ6?tag=eloabder-20&linkCode=osi&th=1&psc=1">View Product</a></div><div class="product"><a href="https://www.amazon.com/dp/B082QBPDJC?tag=eloabder-20&linkCode=osi&th=1&psc=1"><img src="https://m.media-amazon.com/images/I/31tC4JDwHQL._SL500_.jpg" alt="Product Image"></a><p>NIVEA Coconut and Almond Milk Pampering Body Wash, Moisturizing Body Wash with Nourishing Serum, Plant-Derived Oils, Essential Skin Lipids and Vitamins, 20 Fl Oz Bottle</p><p>$4.99 ($0.25 / Fl Oz)</p><a href="https://www.amazon.com/dp/B082QBPDJC?tag=eloabder-20&linkCode=osi&th=1&psc=1">View Product</a></div>
<div class="product"><a href="https://www.amazon.com/dp/B07N7MWX72?tag=eloabder-20&linkCode=osi&th=1&psc=1"><img src="https://m.media-amazon.com/images/I/414aNTDFuRL._SL500_.jpg" alt="Product Image"></a><p>Mielle Organics Rosemary Mint Strengthening Shampoo Infused with Biotin, Cleanses and Helps Strengthen Weak and Brittle Hair, 12 Ounces</p><p>$9.97 ($0.83 / Fl Oz)</p><a href="https://www.amazon.com/dp/B07N7MWX72?tag=eloabder-20&linkCode=osi&th=1&psc=1">View Product</a></div><div class="product"><a href="https://www.amazon.com/dp/B01N97PCBH?tag=eloabder-20&linkCode=osi&th=1&psc=1"><img src="https://m.media-amazon.com/images/I/41KYNMCTIPL._SL500_.jpg" alt="Product Image"></a><p>Garnier Fructis Pure Clean Purifying Shampoo, Silicone-Free, 12.5 Fl Oz, 1 Count (Packaging May Vary)</p><p>$3.97 ($0.32 / Fl Oz)</p><a href="https://www.amazon.com/dp/B01N97PCBH?tag=eloabder-20&linkCode=osi&th=1&psc=1">View Product</a></div><div class="product"><a href="https://www.amazon.com/dp/B07D37PQGL?tag=eloabder-20&linkCode=osi&th=1&psc=1"><img src="https://m.media-amazon.com/images/I/31+tZhs5TNL._SL500_.jpg" alt="Product Image"></a><p>Olaplex No. 4 Bond Maintenance Shampoo, Repairs, Strengthens, & Nourishes All Hair Types, Adds Shine & Leaves Hair Feeling Soft, 8.5 fl oz</p><p>$30.00 ($3.53 / Fl Oz)</p><a href="https://www.amazon.com/dp/B07D37PQGL?tag=eloabder-20&linkCode=osi&th=1&psc=1">View Product</a></div><div class="product"><a href="https://www.amazon.com/dp/B084LHV2M1?tag=eloabder-20&linkCode=osi&th=1&psc=1"><img src="https://m.media-amazon.com/images/I/4174ry43L0L._SL500_.jpg" alt="Product Image"></a><p>Herbal Essences Hello hydration shampoo shampooing for hair 29.2 FL OZ</p><p>$7.97 ($0.27 / Fl Oz)</p><a href="https://www.amazon.com/dp/B084LHV2M1?tag=eloabder-20&linkCode=osi&th=1&psc=1">View Product</a></div><div class="product"><a href="https://www.amazon.com/dp/B08SSM21R4?tag=eloabder-20&linkCode=osi&th=1&psc=1"><img src="https://m.media-amazon.com/images/I/31WbRm+ZKEL._SL500_.jpg" alt="Product Image"></a><p>Redken All Soft Shampoo | Deeply Moisturizes and Hydrates | Softens, Smooths, and Adds Shine | Safe for Color-Treated Hair | Nourishing Shampoo for Dry Hair | With Argan Oil</p><p>$26.00 ($2.57 / Fl Oz)</p><a href="https://www.amazon.com/dp/B08SSM21R4?tag=eloabder-20&linkCode=osi&th=1&psc=1">View Product</a></div><div class="product"><a href="https://www.amazon.com/dp/B0D4SBLLRJ?tag=eloabder-20&linkCode=osi&th=1&psc=1"><img src="https://m.media-amazon.com/images/I/41uWwx+mKwL._SL500_.jpg" alt="Product Image"></a><p>Olaplex Wash and Shine Kit</p><p>$57.00</p><a href="https://www.amazon.com/dp/B0D4SBLLRJ?tag=eloabder-20&linkCode=osi&th=1&psc=1">View Product</a></div><div class="product"><a href="https://www.amazon.com/dp/B086S4Q7JH?tag=eloabder-20&linkCode=osi&th=1&psc=1"><img src="https://m.media-amazon.com/images/I/51i3YLQncNL._SL500_.jpg" alt="Product Image"></a><p>Herbal Essences Shampoo and Conditioner Set, Vitamin E, Rose Hips and Jojoba Extract, Smooth Collection, Bundle</p><p>$13.81 ($0.24 / Fl Oz)</p><a href="https://www.amazon.com/dp/B086S4Q7JH?tag=eloabder-20&linkCode=osi&th=1&psc=1">View Product</a></div><div class="product"><a href="https://www.amazon.com/dp/B01ENCBOA0?tag=eloabder-20&linkCode=osi&th=1&psc=1"><img src="https://m.media-amazon.com/images/I/41wcbs9bSAL._SL500_.jpg" alt="Product Image"></a><p>Rosemary and Biotin Shampoo for Thinning Hair - Vegan Volumizing Shampoo for Fine Hair with Argan and Tea Tree Oil - Paraben Silicone and Sulfate Free Shampoo for Dry Damaged Weak and Thin Hair Care</p><p>$12.95 ($1.62 / Fl Oz)</p><a href="https://www.amazon.com/dp/B01ENCBOA0?tag=eloabder-20&linkCode=osi&th=1&psc=1">View Product</a></div><div class="product"><a href="https://www.amazon.com/dp/B07NQ69L7P?tag=eloabder-20&linkCode=osi&th=1&psc=1"><img src="https://m.media-amazon.com/images/I/51c83KZZLJL._SL500_.jpg" alt="Product Image"></a><p>Herbal Essences Argan Oil of Morocco Shampoo & Conditioner Set, Repair & Smooth, Kew Endorsed, Fizzy Citrus Scent, Paraben-Free, Safe for Color-Treated Hair, pH-Balanced, 20.2 Fl Oz Each, 2 Pack</p><p>$24.99</p><a href="https://www.amazon.com/dp/B07NQ69L7P?tag=eloabder-20&linkCode=osi&th=1&psc=1">View Product</a></div>
<div class="product"><a href="https://www.amazon.com/dp/B0891BBRHW?tag=eloabder-20&linkCode=osi&th=1&psc=1"><img src="https://m.media-amazon.com/images/I/31ndDwe7VSL._SL500_.jpg" alt="Product Image"></a><p>Pureology Hydrate Moisturizing Conditioner | Softens and Deeply Hydrates Dry Hair | For Medium to Thick Color Treated or Natural Hair | Sulfate Free Conditioner | Vegan</p><p>$37.00 ($4.11 / Fl Oz)</p><a href="https://www.amazon.com/dp/B0891BBRHW?tag=eloabder-20&linkCode=osi&th=1&psc=1">View Product</a></div><div class="product"><a href="https://www.amazon.com/dp/B07D37SBHF?tag=eloabder-20&linkCode=osi&th=1&psc=1"><img src="https://m.media-amazon.com/images/I/31ivDW-ouZL._SL500_.jpg" alt="Product Image"></a><p>Olaplex No. 5 Bond Maintenance Conditioner, Repairs, Strengthens, & Nourishes All Hair Types, Leaving Hair Feeling Soft & Adds Shine, 8.5 fl oz"</p><p>$30.00 ($3.53 / Fl Oz)</p><a href="https://www.amazon.com/dp/B07D37SBHF?tag=eloabder-20&linkCode=osi&th=1&psc=1">View Product</a></div><div class="product"><a href="https://www.amazon.com/dp/B07CLD17F5?tag=eloabder-20&linkCode=osi&th=1&psc=1"><img src="https://m.media-amazon.com/images/I/61hTHQjDOkL._SL500_.jpg" alt="Product Image"></a><p>Dove Ultra Care Conditioner Coconut & Hydration for Dry Hair Conditioner with Coconut Oil, Jojoba Oil & Sweet Almond Oil 25.4 oz</p><p>$7.49 ($0.29 / Fl Oz)</p><a href="https://www.amazon.com/dp/B07CLD17F5?tag=eloabder-20&linkCode=osi&th=1&psc=1">View Product</a></div><div class="product"><a href="https://www.amazon.com/dp/B0752CBW5T?tag=eloabder-20&linkCode=osi&th=1&psc=1"><img src="https://m.media-amazon.com/images/I/31-KMa7LAlS._SL500_.jpg" alt="Product Image"></a><p>L'Oreal Paris Elvive Total Repair 5 Repairing Conditioner for Damaged Hair Conditioner with Protein and Ceramide for Strong Silky Shiny Healthy Renewed Hair 28 Fl Oz</p><p>$8.49 ($0.30 / Fl Oz)</p><a href="https://www.amazon.com/dp/B0752CBW5T?tag=eloabder-20&linkCode=osi&th=1&psc=1">View Product</a></div><div class="product"><a href="https://www.amazon.com/dp/B00L01DEII?tag=eloabder-20&linkCode=osi&th=1&psc=1"><img src="https://m.media-amazon.com/images/I/31EJqWmmSNL._SL500_.jpg" alt="Product Image"></a><p>Biolage Ultra Hydra Source Conditioning Balm | Deep Hydrating Conditioner | Renews Hair's Moisture | For Very Dry Hair | Silicone-Free | Vegan | Salon Conditioner | 33.8 Fl. Oz</p><p>$42.00 ($1.24 / Fl Oz)</p><a href="https://www.amazon.com/dp/B00L01DEII?tag=eloabder-20&linkCode=osi&th=1&psc=1">View Product</a></div><div class="product"><a href="https://www.amazon.com/dp/B08SSCQH77?tag=eloabder-20&linkCode=osi&th=1&psc=1"><img src="https://m.media-amazon.com/images/I/31P8RgJeqwL._SL500_.jpg" alt="Product Image"></a><p>Redken All Soft Conditioner | For Dry / Brittle Hair | Moisturizes & Provides Intense Softness | With Argan Oil | 10.1 Fl Oz</p><p>$26.00 ($2.57 / Fl Oz)</p><a href="https://www.amazon.com/dp/B08SSCQH77?tag=eloabder-20&linkCode=osi&th=1&psc=1">View Product</a></div><div class="product"><a href="https://www.amazon.com/dp/B074VLNPSG?tag=eloabder-20&linkCode=osi&th=1&psc=1"><img src="https://m.media-amazon.com/images/I/319FOowuSkL._SL500_.jpg" alt="Product Image"></a><p>Garnier Fructis Grow Strong Conditioner, 33.8 Fl Oz, 1 Count (Packaging May Vary)</p><p>$8.49 ($0.25 / Fl Oz)</p><a href="https://www.amazon.com/dp/B074VLNPSG?tag=eloabder-20&linkCode=osi&th=1&psc=1">View Product</a></div><div class="product"><a href="https://www.amazon.com/dp/B00JAI4FGI?tag=eloabder-20&linkCode=osi&th=1&psc=1"><img src="https://m.media-amazon.com/images/I/212rXWGPu1L._SL500_.jpg" alt="Product Image"></a><p>Biolage Color Last Conditioner | Helps Protect Hair & Maintain Vibrant Color | For Color-Treated and Natural Hair | Paraben & Silicone-Free | Vegan | Cruelty Free | Color Protecting Salon Conditioner</p><p>$24.00 ($1.78 / Fl Oz)</p><a href="https://www.amazon.com/dp/B00JAI4FGI?tag=eloabder-20&linkCode=osi&th=1&psc=1">View Product</a></div>
<div class="product"><a href="https://www.amazon.com/dp/B00I32AN4K?tag=eloabder-20&linkCode=osi&th=1&psc=1"><img src="https://m.media-amazon.com/images/I/51KpmxinYYL._SL500_.jpg" alt="Product Image"></a><p>Arvazallia Hydrating Argan Oil Hair Mask and Deep Conditioner for Dry or Damaged Hair - 8.45 Oz</p><p>$12.95 ($1.53 / Fl Oz)</p><a href="https://www.amazon.com/dp/B00I32AN4K?tag=eloabder-20&linkCode=osi&th=1&psc=1">View Product</a></div><div class="product"><a href="https://www.amazon.com/dp/B07H3GBSC3?tag=eloabder-20&linkCode=osi&th=1&psc=1"><img src="https://m.media-amazon.com/images/I/41I862UzKRL._SL500_.jpg" alt="Product Image"></a><p>amika soulfood nourishing Mask, 8 Fl oz</p><p>$34.00 ($4.25 / Fl Oz)</p><a href="https://www.amazon.com/dp/B07H3GBSC3?tag=eloabder-20&linkCode=osi&th=1&psc=1">View Product</a></div><div class="product"><a href="https://www.amazon.com/dp/B075L6BL61?tag=eloabder-20&linkCode=osi&th=1&psc=1"><img src="https://m.media-amazon.com/images/I/41zCFV7oGTL._SL500_.jpg" alt="Product Image"></a><p>Karseell Collagen Hair Treatment Deep Repair Conditioning Argan Oil Collagen Hair Mask Essence for Dry Damaged Hair All Hair Types 16.90 oz 500ml</p><p>$23.33 ($1.38 / Fl Oz)</p><a href="https://www.amazon.com/dp/B075L6BL61?tag=eloabder-20&linkCode=osi&th=1&psc=1">View Product</a></div><div class="product"><a href="https://www.amazon.com/dp/B0BQ54DQNM?tag=eloabder-20&linkCode=osi&th=1&psc=1"><img src="https://m.media-amazon.com/images/I/41uhtWPJeuL._SL500_.jpg" alt="Product Image"></a><p>Eva NYC Therapy Session Hair Mask, Deep Conditioning Hair Mask Infused with Argan Oil and Plant Protein, 16.9 fl oz</p><p>$19.00 ($1.12 / Fl Oz)</p><a href="https://www.amazon.com/dp/B0BQ54DQNM?tag=eloabder-20&linkCode=osi&th=1&psc=1">View Product</a></div><div class="product"><a href="https://www.amazon.com/dp/B01I2ZQJSG?tag=eloabder-20&linkCode=osi&th=1&psc=1"><img src="https://m.media-amazon.com/images/I/41ctrFUeQAL._SL500_.jpg" alt="Product Image"></a><p>Elizavecca cer-100 collagen coating hair protein treatment 100ml</p><p>$7.40 ($2.19 / Fl Oz)</p><a href="https://www.amazon.com/dp/B01I2ZQJSG?tag=eloabder-20&linkCode=osi&th=1&psc=1">View Product</a></div><div class="product"><a href="https://www.amazon.com/dp/B07N7NBYSP?tag=eloabder-20&linkCode=osi&th=1&psc=1"><img src="https://m.media-amazon.com/images/I/515lD0OXQ+L._SL500_.jpg" alt="Product Image"></a><p>Mielle Organics Rosemary Mint Strengthening Hair Masque, Essential Oil & Biotin Deep Treatment, Miracle Repair for Dry, Damaged, & Frizzy Hair, 12 Ounces</p><p>$9.97 ($0.83 / Ounce)</p><a href="https://www.amazon.com/dp/B07N7NBYSP?tag=eloabder-20&linkCode=osi&th=1&psc=1">View Product</a></div><div class="product"><a href="https://www.amazon.com/dp/B002N5MKMG?tag=eloabder-20&linkCode=osi&th=1&psc=1"><img src="https://m.media-amazon.com/images/I/41NxqnExYnL._SL500_.jpg" alt="Product Image"></a><p>Moroccanoil Intense Hydrating Mask, 8.5 Fl. Oz.</p><p>$42.00 ($4.94 / Fl Oz)</p><a href="https://www.amazon.com/dp/B002N5MKMG?tag=eloabder-20&linkCode=osi&th=1&psc=1">View Product</a></div><div class="product"><a href="https://www.amazon.com/dp/B07M7PP9KX?tag=eloabder-20&linkCode=osi&th=1&psc=1"><img src="https://m.media-amazon.com/images/I/41Mpv3wIxEL._SL500_.jpg" alt="Product Image"></a><p>Marc Anthony Grow Long Hair Anti-Breakage Mask, 10.4 OZ</p><p>$8.99 ($0.90 / Fl Oz)</p><a href="https://www.amazon.com/dp/B07M7PP9KX?tag=eloabder-20&linkCode=osi&th=1&psc=1">View Product</a></div><div class="product"><a href="https://www.amazon.com/dp/B09HR5KSR8?tag=eloabder-20&linkCode=osi&th=1&psc=1"><img src="https://m.media-amazon.com/images/I/51aIw6AhsXL._SL500_.jpg" alt="Product Image"></a><p>K18 Mini Leave-In Molecular Hair Mask, Repairs Dry or Damaged Hair, Reverse Hair Damage from Bleach, Color, Chemical Services & Heat, 0.51 Fl Oz</p><p>$29.00 ($56.86 / Fl Oz)</p><a href="https://www.amazon.com/dp/B09HR5KSR8?tag=eloabder-20&linkCode=osi&th=1&psc=1">View Product</a></div>
<div class="product"><a href="https://www.amazon.com/dp/B004J1MNII?tag=eloabder-20&linkCode=osi&th=1&psc=1"><img src="https://m.media-amazon.com/images/I/31nFgivW0gL._SL500_.jpg" alt="Product Image"></a><p>Moroccanoil Hydrating Styling Cream, Travel Size, 2.53 Fl Oz</p><p>$16.00 ($6.40 / Fl Oz)</p><a href="https://www.amazon.com/dp/B004J1MNII?tag=eloabder-20&linkCode=osi&th=1&psc=1">View Product</a></div><div class="product"><a href="https://www.amazon.com/dp/B00G187CP6?tag=eloabder-20&linkCode=osi&th=1&psc=1"><img src="https://m.media-amazon.com/images/I/31belqXvyyL._SL500_.jpg" alt="Product Image"></a><p>COLOR WOW One Minute Transformation – Instant frizz fix| Nourishing styling cream smooths, tames + defrizzes on the spot| Avocado oil + Omega 3’s hydrate, repair for silkier, smoother texture</p><p>$24.00</p><a href="https://www.amazon.com/dp/B00G187CP6?tag=eloabder-20&linkCode=osi&th=1&psc=1">View Product</a></div><div class="product"><a href="https://www.amazon.com/dp/B073CWSQ51?tag=eloabder-20&linkCode=osi&th=1&psc=1"><img src="https://m.media-amazon.com/images/I/41lIHxirIkL._SL500_.jpg" alt="Product Image"></a><p>COLOR WOW Dream Coat Supernatural Spray, 6.7 Fl Oz – Keep Your Hair Frizz-Free and Shiny No Matter the Weather with Award-Winning Anti-Humidity Treatment</p><p>$28.00 ($4.18 / Fl Oz)</p><a href="https://www.amazon.com/dp/B073CWSQ51?tag=eloabder-20&linkCode=osi&th=1&psc=1">View Product</a></div><div class="product"><a href="https://www.amazon.com/dp/B075RGHQVF?tag=eloabder-20&linkCode=osi&th=1&psc=1"><img src="https://m.media-amazon.com/images/I/21TgD3HaqbL._SL500_.jpg" alt="Product Image"></a><p>American Crew Men's Fiber Cream, Like Hair Gel with Medium Hold & Natural Shine, 3.3 Fl Oz</p><p>$9.94 ($3.01 / Ounce)</p><a href="https://www.amazon.com/dp/B075RGHQVF?tag=eloabder-20&linkCode=osi&th=1&psc=1">View Product</a></div><div class="product"><a href="https://www.amazon.com/dp/B0BLWTQ7JC?tag=eloabder-20&linkCode=osi&th=1&psc=1"><img src="https://m.media-amazon.com/images/I/31jMkcol7VL._SL500_.jpg" alt="Product Image"></a><p>DAE Cactus Fruit 3-In-1 Styling Cream - Smooth Styles, Prep Shiny Blowouts, Defines Curls (5 oz.)</p><p>$30.00 ($6.00 / Ounce)</p><a href="https://www.amazon.com/dp/B0BLWTQ7JC?tag=eloabder-20&linkCode=osi&th=1&psc=1">View Product</a></div><div class="product"><a href="https://www.amazon.com/dp/B00H3DOSPU?tag=eloabder-20&linkCode=osi&th=1&psc=1"><img src="https://m.media-amazon.com/images/I/317clPmAyiL._SL500_.jpg" alt="Product Image"></a><p>Biolage Styling Gelée | Firm Hold That Adds Body, Shine & Control | For All Hair Types | Paraben-Free | Vegan | 16.9 fl. oz. | 16.9 Fl. Oz</p><p>$24.00 ($1.42 / Fl Oz)</p><a href="https://www.amazon.com/dp/B00H3DOSPU?tag=eloabder-20&linkCode=osi&th=1&psc=1">View Product</a></div><div class="product"><a href="https://www.amazon.com/dp/B08SNSSTPZ?tag=eloabder-20&linkCode=osi&th=1&psc=1"><img src="https://m.media-amazon.com/images/I/31KrkpMat6L._SL500_.jpg" alt="Product Image"></a><p>L3 Level 3 Styling Powder - Natural Look Mens Powder - Easy to Apply with No Oil or Greasy Residue (Small - 30 Grams)</p><p>$9.99 ($9.51 / Fl Oz)</p><a href="https://www.amazon.com/dp/B08SNSSTPZ?tag=eloabder-20&linkCode=osi&th=1&psc=1">View Product</a></div><div class="product"><a href="https://www.amazon.com/dp/B09MZS3D3K?tag=eloabder-20&linkCode=osi&th=1&psc=1"><img src="https://m.media-amazon.com/images/I/31CADZzpR7L._SL500_.jpg" alt="Product Image"></a><p>Marc Anthony Biotin Styling Hair Cream, Instantly Thick - Biotin & Vitamin E Hair Thickening Cream, Lightweight Hold for Thicker & Fuller Hair - Volumizing Hair Product for Thin, Flat Hair</p><p>$8.99 ($1.82 / Ounce)</p><a href="https://www.amazon.com/dp/B09MZS3D3K?tag=eloabder-20&linkCode=osi&th=1&psc=1">View Product</a></div><div class="product"><a href="https://www.amazon.com/dp/B0009OMNQQ?tag=eloabder-20&linkCode=osi&th=1&psc=1"><img src="https://m.media-amazon.com/images/I/21BMUFOie3L._SL500_.jpg" alt="Product Image"></a><p>Paul Mitchell Extra-Body Sculpting Foam, Thickens + Builds Body, For Fine Hair, 6.7 oz.</p><p>$16.50 ($2.46 / Fl Oz)</p><a href="https://www.amazon.com/dp/B0009OMNQQ?tag=eloabder-20&linkCode=osi&th=1&psc=1">View Product</a></div>
<div class="product"><a href="https://www.amazon.com/dp/B09LXMXSMN?tag=eloabder-20&linkCode=osi&th=1&psc=1"><img src="https://m.media-amazon.com/images/I/51Sly6w-y7L._SL500_.jpg" alt="Product Image"></a><p>Revlon ColorSilk Beautiful Color Permanent Hair Color, Long-Lasting High-Definition Color, Shine & Silky Softness with 100% Gray Coverage, Ammonia Free, 41 Medium Brown, 3 Pack</p><p>$11.91 ($0.90 / Fl Oz)</p><a href="https://www.amazon.com/dp/B09LXMXSMN?tag=eloabder-20&linkCode=osi&th=1&psc=1">View Product</a></div><div class="product"><a href="https://www.amazon.com/dp/B004INIW1Y?tag=eloabder-20&linkCode=osi&th=1&psc=1"><img src="https://m.media-amazon.com/images/I/51QXVxOgEkL._SL500_.jpg" alt="Product Image"></a><p>L'Oreal Paris Excellence Creme Permanent Hair Color, 4 Dark Brown, 100 percent Gray Coverage Hair Dye, Pack of 1</p><p>$10.97</p><a href="https://www.amazon.com/dp/B004INIW1Y?tag=eloabder-20&linkCode=osi&th=1&psc=1">View Product</a></div><div class="product"><a href="https://www.amazon.com/dp/B00TUM6QUC?tag=eloabder-20&linkCode=osi&th=1&psc=1"><img src="https://m.media-amazon.com/images/I/511vRRkzayL._SL500_.jpg" alt="Product Image"></a><p>Schwarzkopf Keratin Color Permanent Hair Color, 6.0 Delicate Praline, 1 Application - Salon Inspired Permanent Hair Dye, for up to 80% Less Breakage vs Untreated Hair and up to 100% Gray Coverage</p><p>$11.97</p><a href="https://www.amazon.com/dp/B00TUM6QUC?tag=eloabder-20&linkCode=osi&th=1&psc=1">View Product</a></div><div class="product"><a href="https://www.amazon.com/dp/B00006JN4M?tag=eloabder-20&linkCode=osi&th=1&psc=1"><img src="https://m.media-amazon.com/images/I/41YBT6aEgWL._SL500_.jpg" alt="Product Image"></a><p>L'Oreal Paris Superior Preference Fade-Defying + Shine Permanent Hair Color, 6 Light Brown, Pack of 1, Hair Dye</p><p>$11.97</p><a href="https://www.amazon.com/dp/B00006JN4M?tag=eloabder-20&linkCode=osi&th=1&psc=1">View Product</a></div><div class="product"><a href="https://www.amazon.com/dp/B07HXH48TF?tag=eloabder-20&linkCode=osi&th=1&psc=1"><img src="https://m.media-amazon.com/images/I/51VP1hHWq9L._SL500_.jpg" alt="Product Image"></a><p>Garnier Hair Color Nutrisse Nourishing Creme, 50 Medium Natural Brown (Truffle) Permanent Hair Dye, 2 Count (Packaging May Vary)</p><p>$16.98 ($8.49 / Count)</p><a href="https://www.amazon.com/dp/B07HXH48TF?tag=eloabder-20&linkCode=osi&th=1&psc=1">View Product</a></div><div class="product"><a href="https://www.amazon.com/dp/B001UMV18M?tag=eloabder-20&linkCode=osi&th=1&psc=1"><img src="https://m.media-amazon.com/images/I/51h21IlxAhL._SL500_.jpg" alt="Product Image"></a><p>Garnier Hair Color Nutrisse Nourishing Creme, 415 Soft Mahogany Brown (Raspberry Truffle) Permanent Hair Dye, 1 Count (Packaging May Vary)</p><p>$8.47</p><a href="https://www.amazon.com/dp/B001UMV18M?tag=eloabder-20&linkCode=osi&th=1&psc=1">View Product</a></div><div class="product"><a href="https://www.amazon.com/dp/B0B3KWJ242?tag=eloabder-20&linkCode=osi&th=1&psc=1"><img src="https://m.media-amazon.com/images/I/41fqsQmb0VL._SL500_.jpg" alt="Product Image"></a><p>COLORCHARM Demi Permanent Hair Color, 3N Medium Neutral Brown 2 oz</p><p>$9.99 ($5.00 / Fl Oz)</p><a href="https://www.amazon.com/dp/B0B3KWJ242?tag=eloabder-20&linkCode=osi&th=1&psc=1">View Product</a></div>
<div class="product"><a href="https://www.amazon.com/dp/B01ACPW1SG?tag=eloabder-20&linkCode=osi&th=1&psc=1"><img src="https://m.media-amazon.com/images/I/41aIRzbHxNL._SL500_.jpg" alt="Product Image"></a><p>CoverGirl & Olay Simply Ageless 3-in-1 Liquid Foundation, Matte Finish, Hyaluronic & Vitamin C Formula, Cruelty Free, Classic Ivory, 1 Count</p><p>$10.49</p><a href="https://www.amazon.com/dp/B01ACPW1SG?tag=eloabder-20&linkCode=osi&th=1&psc=1">View Product</a></div><div class="product"><a href="https://www.amazon.com/dp/B07MWSP8SG?tag=eloabder-20&linkCode=osi&th=1&psc=1"><img src="https://m.media-amazon.com/images/I/31B37fmqI7L._SL500_.jpg" alt="Product Image"></a><p>e.l.f. Flawless Finish Foundation, Improves Uneven Skin Tone, Lightweight, Medium Coverage & Semi-Matte, Vegan & Cruelty-Free, Beige 0.67 Fl Oz</p><p>$6.00</p><a href="https://www.amazon.com/dp/B07MWSP8SG?tag=eloabder-20&linkCode=osi&th=1&psc=1">View Product</a></div><div class="product"><a href="https://www.amazon.com/dp/B00PFCSUNC?tag=eloabder-20&linkCode=osi&th=1&psc=1"><img src="https://m.media-amazon.com/images/I/41FK6ukLnvL._SL500_.jpg" alt="Product Image"></a><p>Maybelline Fit Me Matte + Poreless Liquid Oil-Free Foundation Makeup, Natural Ivory, 1 Count (Packaging May Vary)</p><p>$7.10</p><a href="https://www.amazon.com/dp/B00PFCSUNC?tag=eloabder-20&linkCode=osi&th=1&psc=1">View Product</a></div><div class="product"><a href="https://www.amazon.com/dp/B0BCGZMTSY?tag=eloabder-20&linkCode=osi&th=1&psc=1"><img src="https://m.media-amazon.com/images/I/31Qa6QbmaiL._SL500_.jpg" alt="Product Image"></a><p>L'Oreal Paris True Match Super-Blendable Foundation, Medium Coverage Liquid Foundation Makeup, N3, Light Medium, 1 Fl Oz</p><p>$9.97</p><a href="https://www.amazon.com/dp/B0BCGZMTSY?tag=eloabder-20&linkCode=osi&th=1&psc=1">View Product</a></div><div class="product"><a href="https://www.amazon.com/dp/B000IEMGGE?tag=eloabder-20&linkCode=osi&th=1&psc=1"><img src="https://m.media-amazon.com/images/I/41RtSkNmHSL._SL500_.jpg" alt="Product Image"></a><p>LAURA GELLER NEW YORK Award-Winning Baked Balance-n-Brighten Color Correcting Powder Foundation - Fair - Buildable Light to Medium Coverage - Demi-Matte Natural Finish</p><p>$22.13</p><a href="https://www.amazon.com/dp/B000IEMGGE?tag=eloabder-20&linkCode=osi&th=1&psc=1">View Product</a></div><div class="product"><a href="https://www.amazon.com/dp/B01LMMZY6O?tag=eloabder-20&linkCode=osi&th=1&psc=1"><img src="https://m.media-amazon.com/images/I/41WWjJXCsFL._SL500_.jpg" alt="Product Image"></a><p>IT Cosmetics Your Skin But Better CC+ Cream, Medium (W) - Color Correcting Cream, Full-Coverage Foundation, Hydrating Serum & SPF 50+ Sunscreen - Natural Finish - 1.08 fl oz</p><p>$47.00 ($43.52 / Fl Oz)</p><a href="https://www.amazon.com/dp/B01LMMZY6O?tag=eloabder-20&linkCode=osi&th=1&psc=1">View Product</a></div><div class="product"><a href="https://www.amazon.com/dp/B07CVFY5PQ?tag=eloabder-20&linkCode=osi&th=1&psc=1"><img src="https://m.media-amazon.com/images/I/416VSGy4SKL._SL500_.jpg" alt="Product Image"></a><p>MagicMinerals AirBrush Foundation by Jerome Alexander – 2pc Set with Airbrush Foundation and Kabuki Brush - Spray Makeup with Anti-aging Ingredients for Smooth Radiant Skin - Medium</p><p>$19.99 ($11.11 / Fl Oz)</p><a href="https://www.amazon.com/dp/B07CVFY5PQ?tag=eloabder-20&linkCode=osi&th=1&psc=1">View Product</a></div><div class="product"><a href="https://www.amazon.com/dp/B0039UTUZE?tag=eloabder-20&linkCode=osi&th=1&psc=1"><img src="https://m.media-amazon.com/images/I/41eXDpZ835L._SL500_.jpg" alt="Product Image"></a><p>Revlon Liquid Foundation, ColorStay Face Makeup for Combination & Oily Skin, SPF 15, Medium-Full Coverage with Matte Finish, Natural Beige ((220), 1.0 oz</p><p>$9.70</p><a href="https://www.amazon.com/dp/B0039UTUZE?tag=eloabder-20&linkCode=osi&th=1&psc=1">View Product</a></div><div class="product"><a href="https://www.amazon.com/dp/B00I52QPAE?tag=eloabder-20&linkCode=osi&th=1&psc=1"><img src="https://m.media-amazon.com/images/I/317EDqzSg+L._SL500_.jpg" alt="Product Image"></a><p>Revlon Liquid Foundation, Age Defying 3XFace Makeup, Anti-Aging and Firming Formula, SPF 30, Longwear Medium Buildable Coverage with Natural Finish, 035 Natural Beige, 1 Fl Oz</p><p>$13.48</p><a href="https://www.amazon.com/dp/B00I52QPAE?tag=eloabder-20&linkCode=osi&th=1&psc=1">View Product</a></div><div class="product"><a href="https://www.amazon.com/dp/B07H621Q3H?tag=eloabder-20&linkCode=osi&th=1&psc=1"><img src="https://m.media-amazon.com/images/I/31JtVpLZ4FL._SL500_.jpg" alt="Product Image"></a><p>L'Oreal Paris Makeup Infallible Up to 32 Hour Fresh Wear Lightweight Foundation, 420 True Beige, 1 Fl Oz, Packaging May Vary</p><p>$11.98</p><a href="https://www.amazon.com/dp/B07H621Q3H?tag=eloabder-20&linkCode=osi&th=1&psc=1">View Product</a></div>
<div class="product"><a href="https://www.amazon.com/dp/B07Q9V4KMJ?tag=eloabder-20&linkCode=osi&th=1&psc=1"><img src="https://m.media-amazon.com/images/I/31pro1JWTCL._SL500_.jpg" alt="Product Image"></a><p>Maybelline Instant Age Rewind Eraser Dark Circles Treatment Multi-Use Concealer, 115, 1 Count (Packaging May Vary)</p><p>$8.42</p><a href="https://www.amazon.com/dp/B07Q9V4KMJ?tag=eloabder-20&linkCode=osi&th=1&psc=1">View Product</a></div><div class="product"><a href="https://www.amazon.com/dp/B07ZR14WBZ?tag=eloabder-20&linkCode=osi&th=1&psc=1"><img src="https://m.media-amazon.com/images/I/313ljymBVaL._SL500_.jpg" alt="Product Image"></a><p>e.l.f. Hydrating Camo Concealer, Lightweight, Full Coverage, Long Lasting, Conceals, Corrects, Covers, Hydrates, Highlights, Light Sand, Satin Finish, 25 Shades, All-Day Wear, 0.20 Fl Oz</p><p>$7.00</p><a href="https://www.amazon.com/dp/B07ZR14WBZ?tag=eloabder-20&linkCode=osi&th=1&psc=1">View Product</a></div><div class="product"><a href="https://www.amazon.com/dp/B0046VJV36?tag=eloabder-20&linkCode=osi&th=1&psc=1"><img src="https://m.media-amazon.com/images/I/31-ZFCLgLcL._SL500_.jpg" alt="Product Image"></a><p>Maybelline New York Fit Me Liquid Concealer Makeup, Natural Coverage, Lightweight, Conceals, Covers Oil-Free, Fair, 1 Count (Packaging May Vary)</p><p>$6.31</p><a href="https://www.amazon.com/dp/B0046VJV36?tag=eloabder-20&linkCode=osi&th=1&psc=1">View Product</a></div><div class="product"><a href="https://www.amazon.com/dp/B07ZR1CQHS?tag=eloabder-20&linkCode=osi&th=1&psc=1"><img src="https://m.media-amazon.com/images/I/31s0zWRX+4L._SL500_.jpg" alt="Product Image"></a><p>e.l.f. 16HR Camo Concealer, Full Coverage, Highly Pigmented Concealer With Matte Finish, Crease-proof, Vegan & Cruelty-Free, Light Ivory, 0.203 Fl Oz</p><p>$7.00</p><a href="https://www.amazon.com/dp/B07ZR1CQHS?tag=eloabder-20&linkCode=osi&th=1&psc=1">View Product</a></div><div class="product"><a href="https://www.amazon.com/dp/B009WI05BU?tag=eloabder-20&linkCode=osi&th=1&psc=1"><img src="https://m.media-amazon.com/images/I/312BFbzGKlL._SL500_.jpg" alt="Product Image"></a><p>L.A. Girl Pro Concealer, Fawn, 0.28 Oz (LAX-GC983-A)</p><p>$4.99</p><a href="https://www.amazon.com/dp/B009WI05BU?tag=eloabder-20&linkCode=osi&th=1&psc=1">View Product</a></div><div class="product"><a href="https://www.amazon.com/dp/B0814SLHQH?tag=eloabder-20&linkCode=osi&th=1&psc=1"><img src="https://m.media-amazon.com/images/I/312GW4aGnRL._SL500_.jpg" alt="Product Image"></a><p>Neutrogena Healthy Skin Radiant Brightening Cream Concealer with Peptides & Vitamin E Antioxidant,Lightweight Perfecting Concealer,Non-Comedogenic,Bisque Light/Medium 02 neutral undertones,0.24 oz</p><p>$5.62</p><a href="https://www.amazon.com/dp/B0814SLHQH?tag=eloabder-20&linkCode=osi&th=1&psc=1">View Product</a></div><div class="product"><a href="https://www.amazon.com/dp/B06XQWS1N9?tag=eloabder-20&linkCode=osi&th=1&psc=1"><img src="https://m.media-amazon.com/images/I/31rKumTg1GL._SL500_.jpg" alt="Product Image"></a><p>COVERGIRL Smoothers Concealer, Medium 715, 0.14 ounce (packaging may vary)</p><p>$7.28</p><a href="https://www.amazon.com/dp/B06XQWS1N9?tag=eloabder-20&linkCode=osi&th=1&psc=1">View Product</a></div><div class="product"><a href="https://www.amazon.com/dp/B07GWH2GDP?tag=eloabder-20&linkCode=osi&th=1&psc=1"><img src="https://m.media-amazon.com/images/I/41U+lbOEtuL._SL500_.jpg" alt="Product Image"></a><p>IT Cosmetics Bye Bye Under Eye Full Coverage Concealer - for Dark Circles, Fine Lines, Redness & Discoloration – Waterproof - Anti-Aging - Natural Finish – 0.4 fl oz</p><p>$17.40 ($43.50 / Fl Oz)</p><a href="https://www.amazon.com/dp/B07GWH2GDP?tag=eloabder-20&linkCode=osi&th=1&psc=1">View Product</a></div><div class="product"><a href="https://www.amazon.com/dp/B07H67H5LH?tag=eloabder-20&linkCode=osi&th=1&psc=1"><img src="https://m.media-amazon.com/images/I/31bWoYCj-nL._SL500_.jpg" alt="Product Image"></a><p>L'Oreal Paris Makeup Infallible Full Wear Waterproof Matte Concealer, Full Coverage, Ivory, 0.33 fl. oz.</p><p>$10.82</p><a href="https://www.amazon.com/dp/B07H67H5LH?tag=eloabder-20&linkCode=osi&th=1&psc=1">View Product</a></div><div class="product"><a href="https://www.amazon.com/dp/B0B51NLJWQ?tag=eloabder-20&linkCode=osi&th=1&psc=1"><img src="https://m.media-amazon.com/images/I/31GXqccxM0L._SL500_.jpg" alt="Product Image"></a><p>Fièra Luxury Concealer with Anti-Aging - All Day Coverage for Dark Circles, Fine Lines, Wrinkles & Spots - Neutral Beige, 0.5 Ounce</p><p>$27.00</p><a href="https://www.amazon.com/dp/B0B51NLJWQ?tag=eloabder-20&linkCode=osi&th=1&psc=1">View Product</a></div>
<div class="product"><a href="https://www.amazon.com/dp/B092JQ23N5?tag=eloabder-20&linkCode=osi&th=1&psc=1"><img src="https://m.media-amazon.com/images/I/51OUufwItlL._SL500_.jpg" alt="Product Image"></a><p>URBAN DECAY 24/7 Longwear Eyeshadow Single (Sin - Champagne Shimmer), High-Pigment Eye Shadow Compact, Smooth & Blendable Colors, Crease-free, Vegan - 0.06 oz</p><p>$22.00</p><a href="https://www.amazon.com/dp/B092JQ23N5?tag=eloabder-20&linkCode=osi&th=1&psc=1">View Product</a></div><div class="product"><a href="https://www.amazon.com/dp/B01IW02HX2?tag=eloabder-20&linkCode=osi&th=1&psc=1"><img src="https://m.media-amazon.com/images/I/510F-WOAL4L._SL500_.jpg" alt="Product Image"></a><p>NYX PROFESSIONAL MAKEUP Ultimate Shadow Palette, Eyeshadow Palette - Warm Neutrals</p><p>$12.40</p><a href="https://www.amazon.com/dp/B01IW02HX2?tag=eloabder-20&linkCode=osi&th=1&psc=1">View Product</a></div><div class="product"><a href="https://www.amazon.com/dp/B085WR3YDT?tag=eloabder-20&linkCode=osi&th=1&psc=1"><img src="https://m.media-amazon.com/images/I/41cuO8PyoTL._SL500_.jpg" alt="Product Image"></a><p>wet n wild Color Icon Cream Eyeshadow Multi-Stick, Moisturizing, Nourishing Velvety Cream-to-Powder Buildable & Blendable Formula, Cruelty-Free & Vegan - Champagne Room</p><p>$3.28</p><a href="https://www.amazon.com/dp/B085WR3YDT?tag=eloabder-20&linkCode=osi&th=1&psc=1">View Product</a></div><div class="product"><a href="https://www.amazon.com/dp/B00L5SMFJU?tag=eloabder-20&linkCode=osi&th=1&psc=1"><img src="https://m.media-amazon.com/images/I/41-WaM3A3tL._SL500_.jpg" alt="Product Image"></a><p>Covergirl Eye Enhancers Eye Shadow Palette, Natural Nudes, 0.19 Ounce</p><p>$4.97</p><a href="https://www.amazon.com/dp/B00L5SMFJU?tag=eloabder-20&linkCode=osi&th=1&psc=1">View Product</a></div><div class="product"><a href="https://www.amazon.com/dp/B01LW1983J?tag=eloabder-20&linkCode=osi&th=1&psc=1"><img src="https://m.media-amazon.com/images/I/51EsPf59XBL._SL500_.jpg" alt="Product Image"></a><p>Julep Eyeshadow 101 Crème to Powder Waterproof Eyeshadow Stick, Champagne Shimmer</p><p>$18.00</p><a href="https://www.amazon.com/dp/B01LW1983J?tag=eloabder-20&linkCode=osi&th=1&psc=1">View Product</a></div><div class="product"><a href="https://www.amazon.com/dp/B00UKP1M2K?tag=eloabder-20&linkCode=osi&th=1&psc=1"><img src="https://m.media-amazon.com/images/I/41hSsvPHKxL._SL500_.jpg" alt="Product Image"></a><p>Maybelline The Blushed Nudes Eyeshadow Palette Makeup, 12 Pigmented Matte & Shimmer Shades, Blendable Powder, 1 Count</p><p>$9.32</p><a href="https://www.amazon.com/dp/B00UKP1M2K?tag=eloabder-20&linkCode=osi&th=1&psc=1">View Product</a></div><div class="product"><a href="https://www.amazon.com/dp/B073ZBGLJF?tag=eloabder-20&linkCode=osi&th=1&psc=1"><img src="https://m.media-amazon.com/images/I/41go9Ug8AOL._SL500_.jpg" alt="Product Image"></a><p>BestLand 2 Pack 12 Colors Makeup Nude Colors Eyeshadow Palette Natural Nude Matte Shimmer Glitter Pigment Eye Shadow Pallete Set Waterproof Smokey Professional Beauty Makeup Kit (2 PCS)</p><p>$9.99</p><a href="https://www.amazon.com/dp/B073ZBGLJF?tag=eloabder-20&linkCode=osi&th=1&psc=1">View Product</a></div><div class="product"><a href="https://www.amazon.com/dp/B08RS6WNX7?tag=eloabder-20&linkCode=osi&th=1&psc=1"><img src="https://m.media-amazon.com/images/I/51qCii788PL._SL500_.jpg" alt="Product Image"></a><p>wet n wild Color Icon 5-Pan Palette Brown Walking On Eggshells</p><p>$3.19</p><a href="https://www.amazon.com/dp/B08RS6WNX7?tag=eloabder-20&linkCode=osi&th=1&psc=1">View Product</a></div><div class="product"><a href="https://www.amazon.com/dp/B0CV5ZTFCR?tag=eloabder-20&linkCode=osi&th=1&psc=1"><img src="https://m.media-amazon.com/images/I/21inptU-eJL._SL500_.jpg" alt="Product Image"></a><p>Covergirl Clean Eye Color, French Violet, Eyeshadow Sticks, Ultra Creamy Formula, Lightweight, Buildable Formula, Lasts All Day, Smudge-Proof, 0.05oz</p><p>$8.98</p><a href="https://www.amazon.com/dp/B0CV5ZTFCR?tag=eloabder-20&linkCode=osi&th=1&psc=1">View Product</a></div><div class="product"><a href="https://www.amazon.com/dp/B0CXF99TNQ?tag=eloabder-20&linkCode=osi&th=1&psc=1"><img src="https://m.media-amazon.com/images/I/31kCYsLvwwL._SL500_.jpg" alt="Product Image"></a><p>L'Oreal Paris Makeup Paradise Le Shadow Stick Eyeshadow, Blendable, Smudge-Resistant, Cream Eyeshadow, 120 Magnetic Mauve (Shimmering Lavender Mauve), 0.05 Oz</p><p>$9.98</p><a href="https://www.amazon.com/dp/B0CXF99TNQ?tag=eloabder-20&linkCode=osi&th=1&psc=1">View Product</a></div>
<div class="product"><a href="https://www.amazon.com/dp/B0BG7MWNNN?tag=eloabder-20&linkCode=osi&th=1&psc=1"><img src="https://m.media-amazon.com/images/I/41E8W4N+FkL._SL500_.jpg" alt="Product Image"></a><p>Prime Prometics PrimeLash Mascara for Older Women – Volumizing, Incredible Length in 2 Coats – Long-Stay, Zero Clumps, Hypoallergenic (Brown)</p><p>$28.00</p><a href="https://www.amazon.com/dp/B0BG7MWNNN?tag=eloabder-20&linkCode=osi&th=1&psc=1">View Product</a></div><div class="product"><a href="https://www.amazon.com/dp/B00T0C9XRK?tag=eloabder-20&linkCode=osi&th=1&psc=1"><img src="https://m.media-amazon.com/images/I/41IP2ZEXFNL._SL500_.jpg" alt="Product Image"></a><p>essence | Lash Princess False Lash Effect Mascara | Volumizing & Lengthening | Cruelty Free & Paraben Free</p><p>$4.99 ($12.17 / Fl Oz )</p><a href="https://www.amazon.com/dp/B00T0C9XRK?tag=eloabder-20&linkCode=osi&th=1&psc=1">View Product</a></div><div class="product"><a href="https://www.amazon.com/dp/B01DPA6OHO?tag=eloabder-20&linkCode=osi&th=1&psc=1"><img src="https://m.media-amazon.com/images/I/31xGLWu4IKL._SL500_.jpg" alt="Product Image"></a><p>L'Oreal Paris Makeup Voluminous Lash Boosting Conditioning Primer Mascara, White Primer, 0.24 fl; oz.</p><p>$8.98</p><a href="https://www.amazon.com/dp/B01DPA6OHO?tag=eloabder-20&linkCode=osi&th=1&psc=1">View Product</a></div><div class="product"><a href="https://www.amazon.com/dp/B004BD107O?tag=eloabder-20&linkCode=osi&th=1&psc=1"><img src="https://m.media-amazon.com/images/I/31OWqsdljyL._SL500_.jpg" alt="Product Image"></a><p>L'Oreal Paris Makeup Telescopic Original Lengthening Mascara, Blackest Black, 0.27 Fl Oz (1 Count)</p><p>$10.99</p><a href="https://www.amazon.com/dp/B004BD107O?tag=eloabder-20&linkCode=osi&th=1&psc=1">View Product</a></div><div class="product"><a href="https://www.amazon.com/dp/B06XF2TR11?tag=eloabder-20&linkCode=osi&th=1&psc=1"><img src="https://m.media-amazon.com/images/I/31B6RR270IL._SL500_.jpg" alt="Product Image"></a><p>L'Oreal Paris Voluminous Makeup Lash Paradise Mascara, Voluptuous Volume, Intense Length, Feathery Soft Full Lashes, No Flaking, No Smudging, No Clumping, Blackest Black, 1 Count</p><p>$9.97</p><a href="https://www.amazon.com/dp/B06XF2TR11?tag=eloabder-20&linkCode=osi&th=1&psc=1">View Product</a></div><div class="product"><a href="https://www.amazon.com/dp/B00PFCT2R0?tag=eloabder-20&linkCode=osi&th=1&psc=1"><img src="https://m.media-amazon.com/images/I/31RyE6ZtDIL._SL500_.jpg" alt="Product Image"></a><p>Maybelline Lash Sensational Washable Mascara, Lengthening and Volumizing for a Full Fan Effect, Blackest Black, 1 Count</p><p>$9.09</p><a href="https://www.amazon.com/dp/B00PFCT2R0?tag=eloabder-20&linkCode=osi&th=1&psc=1">View Product</a></div><div class="product"><a href="https://www.amazon.com/dp/B08TPCHYLW?tag=eloabder-20&linkCode=osi&th=1&psc=1"><img src="https://m.media-amazon.com/images/I/31EWIaihEwL._SL500_.jpg" alt="Product Image"></a><p>Lancôme Lash Idôle Lash-Lifting & Volumizing Mascara - Black Mascara for Instant Volume, Length & Lift - Smudge Proof & Up To 24H Wear - Black</p><p>$30.00 ($111.11 / Fl Oz)</p><a href="https://www.amazon.com/dp/B08TPCHYLW?tag=eloabder-20&linkCode=osi&th=1&psc=1">View Product</a></div><div class="product"><a href="https://www.amazon.com/dp/B08M96YZN1?tag=eloabder-20&linkCode=osi&th=1&psc=1"><img src="https://m.media-amazon.com/images/I/31ByMmFi-qL._SL500_.jpg" alt="Product Image"></a><p>CoverGirl Lash Blast Clean Volume Mascara, Vegan Formula, Volumizing, Smudge-Proof, Cruelty Free, Very Black, 1 Count</p><p>$9.37</p><a href="https://www.amazon.com/dp/B08M96YZN1?tag=eloabder-20&linkCode=osi&th=1&psc=1">View Product</a></div>
<div class="product"><a href="https://www.amazon.com/dp/B0C9TXLWLY?tag=eloabder-20&linkCode=osi&th=1&psc=1"><img src="https://m.media-amazon.com/images/I/31-5KVw5KDL._SL500_.jpg" alt="Product Image"></a><p>PRIME PROMETICS PrimeEyes Glide Eyeliner for Mature Women – Water-Resistant, Long-Stay and Mess-Proof – Gel Cream Texture, Discreet Sharpener and Effective Smudger (Black)</p><p>$28.00 ($28.00 / Count)</p><a href="https://www.amazon.com/dp/B0C9TXLWLY?tag=eloabder-20&linkCode=osi&th=1&psc=1">View Product</a></div><div class="product"><a href="https://www.amazon.com/dp/B07MWSXPT1?tag=eloabder-20&linkCode=osi&th=1&psc=1"><img src="https://m.media-amazon.com/images/I/315xthaPi6L._SL500_.jpg" alt="Product Image"></a><p>e.l.f. No Budge Retractable Eyeliner, Creamy, Ultra-Pigmented & Waterproof, Creates Bold & Defined Lines, Vegan & Cruelty-Free, Black 0.006 Oz</p><p>$4.00</p><a href="https://www.amazon.com/dp/B07MWSXPT1?tag=eloabder-20&linkCode=osi&th=1&psc=1">View Product</a></div><div class="product"><a href="https://www.amazon.com/dp/B074Y8LM6T?tag=eloabder-20&linkCode=osi&th=1&psc=1"><img src="https://m.media-amazon.com/images/I/316blXt1KxL._SL500_.jpg" alt="Product Image"></a><p>NYX PROFESSIONAL MAKEUP Epic Ink Liner, Waterproof Liquid Eyeliner - Black, Vegan Formula</p><p>$8.06</p><a href="https://www.amazon.com/dp/B074Y8LM6T?tag=eloabder-20&linkCode=osi&th=1&psc=1">View Product</a></div><div class="product"><a href="https://www.amazon.com/dp/B01J1A3TFW?tag=eloabder-20&linkCode=osi&th=1&psc=1"><img src="https://m.media-amazon.com/images/I/51z42sdOArL._SL500_.jpg" alt="Product Image"></a><p>Revlon Pencil Eyeliner, ColorStay Eye Makeup with Built-in Sharpener, Waterproof, Smudge-proof, Longwearing with Ultra-Fine Tip, 201 Black, 2 count (Pack of 1)</p><p>$11.38</p><a href="https://www.amazon.com/dp/B01J1A3TFW?tag=eloabder-20&linkCode=osi&th=1&psc=1">View Product</a></div><div class="product"><a href="https://www.amazon.com/dp/B07W8JJ61X?tag=eloabder-20&linkCode=osi&th=1&psc=1"><img src="https://m.media-amazon.com/images/I/31wj5vRROwL._SL500_.jpg" alt="Product Image"></a><p>Maybelline Hyper Easy Liquid Pen No-Skip Eyeliner, Satin Finish, Waterproof Formula, Pitch Black, 0.018 Fl Oz</p><p>$8.38</p><a href="https://www.amazon.com/dp/B07W8JJ61X?tag=eloabder-20&linkCode=osi&th=1&psc=1">View Product</a></div><div class="product"><a href="https://www.amazon.com/dp/B005G9E9FW?tag=eloabder-20&linkCode=osi&th=1&psc=1"><img src="https://m.media-amazon.com/images/I/51poZdEojrL._SL500_.jpg" alt="Product Image"></a><p>NYX PROFESSIONAL MAKEUP Vivid Rich Mechanical Eye Pencil, Vivid Rich Mechanical, Creamy Retractable Eyeliner - Smokin Topaz, Brown Eyeliner</p><p>$6.00</p><a href="https://www.amazon.com/dp/B005G9E9FW?tag=eloabder-20&linkCode=osi&th=1&psc=1">View Product</a></div><div class="product"><a href="https://www.amazon.com/dp/B07NX61ZHN?tag=eloabder-20&linkCode=osi&th=1&psc=1"><img src="https://m.media-amazon.com/images/I/31kQNTwJazL._SL500_.jpg" alt="Product Image"></a><p>Rimmel London exaggerate auto waterproof eye definer in blackest black, 2 Count</p><p>$6.97</p><a href="https://www.amazon.com/dp/B07NX61ZHN?tag=eloabder-20&linkCode=osi&th=1&psc=1">View Product</a></div><div class="product"><a href="https://www.amazon.com/dp/B0BQWT8R9K?tag=eloabder-20&linkCode=osi&th=1&psc=1"><img src="https://m.media-amazon.com/images/I/31F1asQuosL._SL500_.jpg" alt="Product Image"></a><p>wet n wild Breakup Proof Liquid Eyeliner - Ultra-Fine Brush, Waterproof, Long-Lasting - Cruelty-Free & Vegan - Ultra Black</p><p>$4.04</p><a href="https://www.amazon.com/dp/B0BQWT8R9K?tag=eloabder-20&linkCode=osi&th=1&psc=1">View Product</a></div><div class="product"><a href="https://www.amazon.com/dp/B082YPRCMM?tag=eloabder-20&linkCode=osi&th=1&psc=1"><img src="https://m.media-amazon.com/images/I/317ubI9GTBL._SL500_.jpg" alt="Product Image"></a><p>wet n wild Mega Last Breakup Proof Eyeliner, Quick Drying, Waterproof, 16-Hour Wear - Cruelty-Free & Vegan - Blackest Black</p><p>$2.28</p><a href="https://www.amazon.com/dp/B082YPRCMM?tag=eloabder-20&linkCode=osi&th=1&psc=1">View Product</a></div><div class="product"><a href="https://www.amazon.com/dp/B07GX832KD?tag=eloabder-20&linkCode=osi&th=1&psc=1"><img src="https://m.media-amazon.com/images/I/315wR2F58-L._SL500_.jpg" alt="Product Image"></a><p>Maybelline TattooStudio Long-Lasting Sharpenable Eyeliner Pencil, Glide on Smooth Gel Pigments with 36 Hour Wear, Waterproof, Deep Onyx, 1 Count</p><p>$6.66</p><a href="https://www.amazon.com/dp/B07GX832KD?tag=eloabder-20&linkCode=osi&th=1&psc=1">View Product</a></div>
<div class="product"><a href="https://www.amazon.com/dp/B09T8DQ1SG?tag=eloabder-20&linkCode=osi&th=1&psc=1"><img src="https://m.media-amazon.com/images/I/41gpuwrIhOL._SL500_.jpg" alt="Product Image"></a><p>Maybelline Super Stay Vinyl Ink Longwear No-Budge Liquid Lipcolor Makeup, Highly Pigmented Color and Instant Shine, Royal, Deep Wine Red Lipstick, 0.14 fl oz, 1 Count</p><p>$9.82</p><a href="https://www.amazon.com/dp/B09T8DQ1SG?tag=eloabder-20&linkCode=osi&th=1&psc=1">View Product</a></div><div class="product"><a href="https://www.amazon.com/dp/B004BCTEF0?tag=eloabder-20&linkCode=osi&th=1&psc=1"><img src="https://m.media-amazon.com/images/I/31G9f-P8tML._SL500_.jpg" alt="Product Image"></a><p>L’Oréal Paris Colour Riche Original Creamy, Hydrating Satin Lipstick with Argan Oil and Vitamin E, Saucy Mauve , 1 Count</p><p>$6.71</p><a href="https://www.amazon.com/dp/B004BCTEF0?tag=eloabder-20&linkCode=osi&th=1&psc=1">View Product</a></div><div class="product"><a href="https://www.amazon.com/dp/B08H4FSGDX?tag=eloabder-20&linkCode=osi&th=1&psc=1"><img src="https://m.media-amazon.com/images/I/31OAiyoloML._SL500_.jpg" alt="Product Image"></a><p>Maybelline Super Stay Matte Ink Liquid Lipstick Makeup, Long Lasting High Impact Color, Up to 16H Wear, Exhilarator, Ruby Red, 1 Count</p><p>$9.18</p><a href="https://www.amazon.com/dp/B08H4FSGDX?tag=eloabder-20&linkCode=osi&th=1&psc=1">View Product</a></div><div class="product"><a href="https://www.amazon.com/dp/B07XTTDTWR?tag=eloabder-20&linkCode=osi&th=1&psc=1"><img src="https://m.media-amazon.com/images/I/31M4QldCq3L._SL500_.jpg" alt="Product Image"></a><p>REVLON Lipstick, Super Lustrous Lipstick, Creamy Formula For Soft, Fuller-Looking Lips, Moisturized Feel in Nudes & Browns, Bare It All (755) 0.15 oz</p><p>$6.48</p><a href="https://www.amazon.com/dp/B07XTTDTWR?tag=eloabder-20&linkCode=osi&th=1&psc=1">View Product</a></div><div class="product"><a href="https://www.amazon.com/dp/B079KFP7NT?tag=eloabder-20&linkCode=osi&th=1&psc=1"><img src="https://m.media-amazon.com/images/I/41Ih8G0FSmL._SL500_.jpg" alt="Product Image"></a><p>wet n wild Silk Finish Lipstick, Hydrating Rich Buildable Lip Color, Formulated with Vitamins A,E, & Macadamia for Ultimate Hydration, Cruelty-Free & Vegan - Raging Red</p><p>$1.29</p><a href="https://www.amazon.com/dp/B079KFP7NT?tag=eloabder-20&linkCode=osi&th=1&psc=1">View Product</a></div><div class="product"><a href="https://www.amazon.com/dp/B002F3R44K?tag=eloabder-20&linkCode=osi&th=1&psc=1"><img src="https://m.media-amazon.com/images/I/41-gXIE96GL._SL500_.jpg" alt="Product Image"></a><p>Revlon Lipstick, Super Lustrous Lipstick, Creamy Formula For Soft, Fuller-Looking Lips, Moisturized Feel in Pinks, Pink In The Afternoon (415) 0.15 oz</p><p>$6.48</p><a href="https://www.amazon.com/dp/B002F3R44K?tag=eloabder-20&linkCode=osi&th=1&psc=1">View Product</a></div><div class="product"><a href="https://www.amazon.com/dp/B001LFER98?tag=eloabder-20&linkCode=osi&th=1&psc=1"><img src="https://m.media-amazon.com/images/I/41wezVKuIoL._SL500_.jpg" alt="Product Image"></a><p>REVLON Lipstick, Super Lustrous Lipstick, Creamy Formula For Soft, Fuller-Looking Lips, Moisturized Feel in Reds & Corals, Peach Me (628) 0.15 oz</p><p>$4.99</p><a href="https://www.amazon.com/dp/B001LFER98?tag=eloabder-20&linkCode=osi&th=1&psc=1">View Product</a></div><div class="product"><a href="https://www.amazon.com/dp/B082YQ2978?tag=eloabder-20&linkCode=osi&th=1&psc=1"><img src="https://m.media-amazon.com/images/I/31QsMhXUSeL._SL500_.jpg" alt="Product Image"></a><p>wet n wild Mega Last High-Shine Lipstick Lip Color, Infused with Seed Oils For a Nourishing High-Shine, Buildable & Blendable Creamy Color, Cruelty-Free & Vegan - Mad for Mauve</p><p>$2.28</p><a href="https://www.amazon.com/dp/B082YQ2978?tag=eloabder-20&linkCode=osi&th=1&psc=1">View Product</a></div>
<div class="product"><a href="https://www.amazon.com/dp/B09SP2XHKT?tag=eloabder-20&linkCode=osi&th=1&psc=1"><img src="https://m.media-amazon.com/images/I/31KGrScgA8L._SL500_.jpg" alt="Product Image"></a><p>NYX PROFESSIONAL MAKEUP Butter Gloss, Non-Sticky Lip Gloss - Sugar Glass (Clear)</p><p>$5.99</p><a href="https://www.amazon.com/dp/B09SP2XHKT?tag=eloabder-20&linkCode=osi&th=1&psc=1">View Product</a></div><div class="product"><a href="https://www.amazon.com/dp/B08GSTZ7ZW?tag=eloabder-20&linkCode=osi&th=1&psc=1"><img src="https://m.media-amazon.com/images/I/41nPuTtXVgL._SL500_.jpg" alt="Product Image"></a><p>Ruby Kisses Broadway Vita-Lip Clear Lip Gloss - Moisturizing, Hydrating, Nourishing with Mint, Rosehip, Coconut, Mango, Argan, Honey & Shea</p><p>$7.99 ($2.12 / Ounce)</p><a href="https://www.amazon.com/dp/B08GSTZ7ZW?tag=eloabder-20&linkCode=osi&th=1&psc=1">View Product</a></div><div class="product"><a href="https://www.amazon.com/dp/B015RPE14S?tag=eloabder-20&linkCode=osi&th=1&psc=1"><img src="https://m.media-amazon.com/images/I/31FRC3fz7EL._SL500_.jpg" alt="Product Image"></a><p>L.A. Colors High Shine Shea Butter Lip Gloss, Clear, 0.14 Ounce</p><p>$1.98</p><a href="https://www.amazon.com/dp/B015RPE14S?tag=eloabder-20&linkCode=osi&th=1&psc=1">View Product</a></div><div class="product"><a href="https://www.amazon.com/dp/B00Q26VWZI?tag=eloabder-20&linkCode=osi&th=1&psc=1"><img src="https://m.media-amazon.com/images/I/31Bqig96T0L._SL500_.jpg" alt="Product Image"></a><p>Rimmel Stay Glossy Lip Gloss - Non-Sticky and Lightweight Formula for Lip Color and Shine - 130 Blushing Belgraves, .18oz</p><p>$4.32</p><a href="https://www.amazon.com/dp/B00Q26VWZI?tag=eloabder-20&linkCode=osi&th=1&psc=1">View Product</a></div><div class="product"><a href="https://www.amazon.com/dp/B0C1MH8R2M?tag=eloabder-20&linkCode=osi&th=1&psc=1"><img src="https://m.media-amazon.com/images/I/31adT7DtBYL._SL500_.jpg" alt="Product Image"></a><p>Maybelline New York Lifter Gloss Hydrating Lip Gloss with Hyaluronic Acid, Gummy Bear, Sheer Light Pink, 1 Count</p><p>$8.98</p><a href="https://www.amazon.com/dp/B0C1MH8R2M?tag=eloabder-20&linkCode=osi&th=1&psc=1">View Product</a></div><div class="product"><a href="https://www.amazon.com/dp/B01N1ZC8JZ?tag=eloabder-20&linkCode=osi&th=1&psc=1"><img src="https://m.media-amazon.com/images/I/41fsaqWz6SL._SL500_.jpg" alt="Product Image"></a><p>Broadway Vita-Lip Clear Lip Gloss 0.47oz/14ml (5PCS Mint & Coconut & Rosehip & Mango Butter & Argan Oil) (5 PCS SET)</p><p>$5.99</p><a href="https://www.amazon.com/dp/B01N1ZC8JZ?tag=eloabder-20&linkCode=osi&th=1&psc=1">View Product</a></div><div class="product"><a href="https://www.amazon.com/dp/B07DY2QRF6?tag=eloabder-20&linkCode=osi&th=1&psc=1"><img src="https://m.media-amazon.com/images/I/31qXrVfhvCL._SL500_.jpg" alt="Product Image"></a><p>LANEIGE Lip Glowy Balm Berry: Hydrate, Glossy, Lightweight, Moisturize & Tint with Shea Butter</p><p>$19.00 ($54.29 / Ounce)</p><a href="https://www.amazon.com/dp/B07DY2QRF6?tag=eloabder-20&linkCode=osi&th=1&psc=1">View Product</a></div><div class="product"><a href="https://www.amazon.com/dp/B09DMGWJKY?tag=eloabder-20&linkCode=osi&th=1&psc=1"><img src="https://m.media-amazon.com/images/I/41nIFmIKHRL._SL500_.jpg" alt="Product Image"></a><p>Broadway Vita-Lip Clear Lip Gloss Moisturizing Hydrating Nourishing Long Lasting High Shine Glossy Lip Care Gloss 0.47oz/14ml (10 PCS SET)</p><p>$9.99</p><a href="https://www.amazon.com/dp/B09DMGWJKY?tag=eloabder-20&linkCode=osi&th=1&psc=1">View Product</a></div><div class="product"><a href="https://www.amazon.com/dp/B0BSR85M24?tag=eloabder-20&linkCode=osi&th=1&psc=1"><img src="https://m.media-amazon.com/images/I/31eKHNoE3KL._SL500_.jpg" alt="Product Image"></a><p>e.l.f. Lip Lacquer, Nourishing, Non-Sticky Ultra-Shine Lip Gloss With Sheer Color, Infused With Vitamins A & E, Vegan & Cruelty-Free, Whisper Pink</p><p>$3.00</p><a href="https://www.amazon.com/dp/B0BSR85M24?tag=eloabder-20&linkCode=osi&th=1&psc=1">View Product</a></div><div class="product"><a href="https://www.amazon.com/dp/B081C6PXZJ?tag=eloabder-20&linkCode=osi&th=1&psc=1"><img src="https://m.media-amazon.com/images/I/51+emO79aqL._SL500_.jpg" alt="Product Image"></a><p>NICKA K NEW YORK VARIETY SET OF 5 NK Hydrating Lip Gel - Vitamin E (Clear, Rosehip Oil, Bubble Gum, Cherry, Strawberry)</p><p>$5.43</p><a href="https://www.amazon.com/dp/B081C6PXZJ?tag=eloabder-20&linkCode=osi&th=1&psc=1">View Product</a></div>
<div class="product"><a href="https://www.amazon.com/dp/B07PNCB73M?tag=eloabder-20&linkCode=osi&th=1&psc=1"><img src="https://m.media-amazon.com/images/I/41+KYSFOLML._SL500_.jpg" alt="Product Image"></a><p>Milani Baked Blush - Petal Primavera (0.12 Ounce) Cruelty-Free Powder Blush - Shape, Contour & Highlight Face for a Shimmery or Matte Finish</p><p>$8.97</p><a href="https://www.amazon.com/dp/B07PNCB73M?tag=eloabder-20&linkCode=osi&th=1&psc=1">View Product</a></div><div class="product"><a href="https://www.amazon.com/dp/B0CZ5HLDK9?tag=eloabder-20&linkCode=osi&th=1&psc=1"><img src="https://m.media-amazon.com/images/I/41rZu1cS8QL._SL500_.jpg" alt="Product Image"></a><p>NYX PROFESSIONAL MAKEUP Buttermelt Powder Blush, Fade and Transfer-Resistant Blush, Up to 12HR Make Up Wear, Vegan Formula - For The Butta</p><p>$9.97</p><a href="https://www.amazon.com/dp/B0CZ5HLDK9?tag=eloabder-20&linkCode=osi&th=1&psc=1">View Product</a></div><div class="product"><a href="https://www.amazon.com/dp/B0CPFYGNR7?tag=eloabder-20&linkCode=osi&th=1&psc=1"><img src="https://m.media-amazon.com/images/I/31EJvMa7jyL._SL500_.jpg" alt="Product Image"></a><p>e.l.f. Camo Liquid Blush, Long-lasting Liquid Blush For High-pigment Color, Creates A Soft, Dewy Finish, Vegan & Cruelty-free, Dusty Rosé</p><p>$7.00</p><a href="https://www.amazon.com/dp/B0CPFYGNR7?tag=eloabder-20&linkCode=osi&th=1&psc=1">View Product</a></div><div class="product"><a href="https://www.amazon.com/dp/B06XDNPXD1?tag=eloabder-20&linkCode=osi&th=1&psc=1"><img src="https://m.media-amazon.com/images/I/41IryPTf51L._SL500_.jpg" alt="Product Image"></a><p>Maybelline Fit Me Powder Blush, Lightweight, Smooth, Blendable, Long-lasting All-Day Face Enhancing Makeup Color, Mauve, 1 Count</p><p>$4.62</p><a href="https://www.amazon.com/dp/B06XDNPXD1?tag=eloabder-20&linkCode=osi&th=1&psc=1">View Product</a></div><div class="product"><a href="https://www.amazon.com/dp/B082YPNTZ4?tag=eloabder-20&linkCode=osi&th=1&psc=1"><img src="https://m.media-amazon.com/images/I/41vtXkWXs8L._SL500_.jpg" alt="Product Image"></a><p>wet n wild Color Icon Blush, Effortless Glow & Seamless Blend infused with Luxuriously Smooth Jojoba Oil, Sheer Finish with a Matte Natural Glow, Cruelty-Free & Vegan - Pinch Me Pink</p><p>$3.28</p><a href="https://www.amazon.com/dp/B082YPNTZ4?tag=eloabder-20&linkCode=osi&th=1&psc=1">View Product</a></div><div class="product"><a href="https://www.amazon.com/dp/B0CPFWJJQJ?tag=eloabder-20&linkCode=osi&th=1&psc=1"><img src="https://m.media-amazon.com/images/I/41+GdEwyGqL._SL500_.jpg" alt="Product Image"></a><p>e.l.f. Primer-Infused Matte Blush, Long-Lasting, Lightweight & Buildable Powder Blush, Delivers A Matte Finish, Vegan & Cruelty-Free, Always Crushing</p><p>$7.00</p><a href="https://www.amazon.com/dp/B0CPFWJJQJ?tag=eloabder-20&linkCode=osi&th=1&psc=1">View Product</a></div><div class="product"><a href="https://www.amazon.com/dp/B0B64GX5LN?tag=eloabder-20&linkCode=osi&th=1&psc=1"><img src="https://m.media-amazon.com/images/I/31aZBeyUSsL._SL500_.jpg" alt="Product Image"></a><p>LAURA GELLER NEW YORK Serum Blush Tint, Lightweight Liquid Blush for Cheeks, Weightless Watercolor Sheer Finish, Practical Pink</p><p>$15.74</p><a href="https://www.amazon.com/dp/B0B64GX5LN?tag=eloabder-20&linkCode=osi&th=1&psc=1">View Product</a></div><div class="product"><a href="https://www.amazon.com/dp/B00J56D0G6?tag=eloabder-20&linkCode=osi&th=1&psc=1"><img src="https://m.media-amazon.com/images/I/31MVN0QAhfL._SL500_.jpg" alt="Product Image"></a><p>e.l.f. Cosmetics Powder Blush Palette, Four Blush Shades for Beautiful, Long-Lasting Pigment, Light</p><p>$6.00</p><a href="https://www.amazon.com/dp/B00J56D0G6?tag=eloabder-20&linkCode=osi&th=1&psc=1">View Product</a></div><div class="product"><a href="https://www.amazon.com/dp/B0BHFBBH25?tag=eloabder-20&linkCode=osi&th=1&psc=1"><img src="https://m.media-amazon.com/images/I/31uqOuPPf5L._SL500_.jpg" alt="Product Image"></a><p>SHEGLAM Color Bloom Liquid Blush Makeup for Cheeks Matte Finish - Love Cake</p><p>$6.99</p><a href="https://www.amazon.com/dp/B0BHFBBH25?tag=eloabder-20&linkCode=osi&th=1&psc=1">View Product</a></div><div class="product"><a href="https://www.amazon.com/dp/B07J47FHR1?tag=eloabder-20&linkCode=osi&th=1&psc=1"><img src="https://m.media-amazon.com/images/I/41Xyor9x2SL._SL500_.jpg" alt="Product Image"></a><p>Nars Blush in ORGASM Full Size 0.16 oz. / 4.8 g in Retail Box New Edition</p><p>$22.00</p><a href="https://www.amazon.com/dp/B07J47FHR1?tag=eloabder-20&linkCode=osi&th=1&psc=1">View Product</a></div>
<div class="product"><a href="https://www.amazon.com/dp/B018B8Q5Z6?tag=eloabder-20&linkCode=osi&th=1&psc=1"><img src="https://m.media-amazon.com/images/I/41D9ZHQRaSL._SL500_.jpg" alt="Product Image"></a><p>Physicians Formula Murumuru Butter Bronzer, Moisturizing, Nourishing Murumuru Butter Blend for Silky All-Day Luminous Glow, Dermatologist Tested, Hypoallergenic, Vegan & Cruelty-Free -Bronzer</p><p>$12.15</p><a href="https://www.amazon.com/dp/B018B8Q5Z6?tag=eloabder-20&linkCode=osi&th=1&psc=1">View Product</a></div><div class="product"><a href="https://www.amazon.com/dp/B001B0H82Q?tag=eloabder-20&linkCode=osi&th=1&psc=1"><img src="https://m.media-amazon.com/images/I/41I3B-YoLkL._SL500_.jpg" alt="Product Image"></a><p>Rimmel London Natural - 022 Sun Bronze - Bronzer, Matte Finish, 0.49oz</p><p>$3.97</p><a href="https://www.amazon.com/dp/B001B0H82Q?tag=eloabder-20&linkCode=osi&th=1&psc=1">View Product</a></div><div class="product"><a href="https://www.amazon.com/dp/B0BM5HX7DN?tag=eloabder-20&linkCode=osi&th=1&psc=1"><img src="https://m.media-amazon.com/images/I/41DwoHQgzsL._SL500_.jpg" alt="Product Image"></a><p>Benefit Hoola Matte Bronzer Mini 0.08 Ounce</p><p>$17.92</p><a href="https://www.amazon.com/dp/B0BM5HX7DN?tag=eloabder-20&linkCode=osi&th=1&psc=1">View Product</a></div><div class="product"><a href="https://www.amazon.com/dp/B07M7NGVW7?tag=eloabder-20&linkCode=osi&th=1&psc=1"><img src="https://m.media-amazon.com/images/I/51dvod9PjTL._SL500_.jpg" alt="Product Image"></a><p>wet n wild Color Icon Bronzer What Shady Beaches</p><p>$2.96</p><a href="https://www.amazon.com/dp/B07M7NGVW7?tag=eloabder-20&linkCode=osi&th=1&psc=1">View Product</a></div><div class="product"><a href="https://www.amazon.com/dp/B0CPFVTY7M?tag=eloabder-20&linkCode=osi&th=1&psc=1"><img src="https://m.media-amazon.com/images/I/41rO68Q0mlL._SL500_.jpg" alt="Product Image"></a><p>e.l.f. Primer-Infused Bronzer, Long-Lasting, Lightweight & Buildable Powder Bronzer, Delivers A Matte Finish, Vegan & Cruelty-Free, Fresh Tan</p><p>$7.00</p><a href="https://www.amazon.com/dp/B0CPFVTY7M?tag=eloabder-20&linkCode=osi&th=1&psc=1">View Product</a></div><div class="product"><a href="https://www.amazon.com/dp/B07ZR187P5?tag=eloabder-20&linkCode=osi&th=1&psc=1"><img src="https://m.media-amazon.com/images/I/410nkMFZLYL._SL500_.jpg" alt="Product Image"></a><p>e.l.f. Primer-infused Bronzer, Long-Wear, Matte, Bold, Lightweight, Blends Easily, Contours Cheeks, Forever Sun Kissed, All-Day Wear, 0.35 Oz</p><p>$7.00 ($20.00 / Ounce)</p><a href="https://www.amazon.com/dp/B07ZR187P5?tag=eloabder-20&linkCode=osi&th=1&psc=1">View Product</a></div><div class="product"><a href="https://www.amazon.com/dp/B00518N3VE?tag=eloabder-20&linkCode=osi&th=1&psc=1"><img src="https://m.media-amazon.com/images/I/41SzIseWK6L._SL500_.jpg" alt="Product Image"></a><p>Milani Baked Bronzer - Glow, Cruelty-Free Shimmer Bronzing Powder to Use For Contour Makeup, Highlighters Makeup, Bronzer Makeup, 0.25 Ounce</p><p>$9.97 ($39.88 / Ounce)</p><a href="https://www.amazon.com/dp/B00518N3VE?tag=eloabder-20&linkCode=osi&th=1&psc=1">View Product</a></div><div class="product"><a href="https://www.amazon.com/dp/B0CNTYPSSZ?tag=eloabder-20&linkCode=osi&th=1&psc=1"><img src="https://m.media-amazon.com/images/I/416D4Z7hQ8L._SL500_.jpg" alt="Product Image"></a><p>Milani Cheek Kiss Cream Bronzer-110 Hey Honey</p><p>$9.97</p><a href="https://www.amazon.com/dp/B0CNTYPSSZ?tag=eloabder-20&linkCode=osi&th=1&psc=1">View Product</a></div><div class="product"><a href="https://www.amazon.com/dp/B006WZ9O72?tag=eloabder-20&linkCode=osi&th=1&psc=1"><img src="https://m.media-amazon.com/images/I/51rDNo9JnqL._SL500_.jpg" alt="Product Image"></a><p>Physicians Formula Bronze Booster Glow-Boosting Season-to-Season, Customizable Seasonal Glow Glow, Lasting Tan Boost, Hypoallergenic Powder, Cruelty-Free & Hypoallergenic- Light-to-Medium</p><p>$12.98</p><a href="https://www.amazon.com/dp/B006WZ9O72?tag=eloabder-20&linkCode=osi&th=1&psc=1">View Product</a></div>
<div class="product"><a href="https://www.amazon.com/dp/B09288DSSX?tag=eloabder-20&linkCode=osi&th=1&psc=1"><img src="https://m.media-amazon.com/images/I/417z6evbmhL._SL500_.jpg" alt="Product Image"></a><p>KYDA Face Highlighter Palette, High Glossy Face Illuminator Palette, Narutal Glow Finish, Pearl Shimmer Smooth Baked Powder, Lasting Sparkling Highlighter Makeup-SUN GLOW</p><p>$9.99</p><a href="https://www.amazon.com/dp/B09288DSSX?tag=eloabder-20&linkCode=osi&th=1&psc=1">View Product</a></div><div class="product"><a href="https://www.amazon.com/dp/B082YPL2SV?tag=eloabder-20&linkCode=osi&th=1&psc=1"><img src="https://m.media-amazon.com/images/I/51Y+MCkwArL._SL500_.jpg" alt="Product Image"></a><p>Wet n Wild MegaGlo Blushlighter, Blendable Blush & Highlighter Set, Shimmery Metallic Finish, Highlight Bling</p><p>$5.47</p><a href="https://www.amazon.com/dp/B082YPL2SV?tag=eloabder-20&linkCode=osi&th=1&psc=1">View Product</a></div><div class="product"><a href="https://www.amazon.com/dp/B0C41PSDZF?tag=eloabder-20&linkCode=osi&th=1&psc=1"><img src="https://m.media-amazon.com/images/I/41FLNU-tL-L._SL500_.jpg" alt="Product Image"></a><p>NYX PROFESSIONAL MAKEUP, Jumbo Multi-Use Face Highlighter Stick - Vanilla Ice Cream</p><p>$7.97</p><a href="https://www.amazon.com/dp/B0C41PSDZF?tag=eloabder-20&linkCode=osi&th=1&psc=1">View Product</a></div><div class="product"><a href="https://www.amazon.com/dp/B0C6V67KJW?tag=eloabder-20&linkCode=osi&th=1&psc=1"><img src="https://m.media-amazon.com/images/I/31Yh8b8JEjL._SL500_.jpg" alt="Product Image"></a><p>e.l.f. Halo Glow Highlight Beauty Wand, Liquid Highlighter Wand For Luminous, Glowing Skin, Buildable Formula, Vegan & Cruelty-free,Champagne Campaign</p><p>$9.00</p><a href="https://www.amazon.com/dp/B0C6V67KJW?tag=eloabder-20&linkCode=osi&th=1&psc=1">View Product</a></div><div class="product"><a href="https://www.amazon.com/dp/B073WMG59J?tag=eloabder-20&linkCode=osi&th=1&psc=1"><img src="https://m.media-amazon.com/images/I/51fz8bpJNNL._SL500_.jpg" alt="Product Image"></a><p>wet n wild MegaGlo Highlighting Powder, Highlighter Makeup, Shimmer Glow, Pink Rose Gold Blossom Glow</p><p>$5.41</p><a href="https://www.amazon.com/dp/B073WMG59J?tag=eloabder-20&linkCode=osi&th=1&psc=1">View Product</a></div><div class="product"><a href="https://www.amazon.com/dp/B07QPY11KY?tag=eloabder-20&linkCode=osi&th=1&psc=1"><img src="https://m.media-amazon.com/images/I/312T7p8cW6L._SL500_.jpg" alt="Product Image"></a><p>Revolution Beauty, Reloaded Pressed Powder Highlighter, Intensely Pigmented for a High Impact Dewy Finish, Dare To Divulge, 0.22 Oz.</p><p>$6.91</p><a href="https://www.amazon.com/dp/B07QPY11KY?tag=eloabder-20&linkCode=osi&th=1&psc=1">View Product</a></div><div class="product"><a href="https://www.amazon.com/dp/B074PTZCNW?tag=eloabder-20&linkCode=osi&th=1&psc=1"><img src="https://m.media-amazon.com/images/I/31btEAGukiL._SL500_.jpg" alt="Product Image"></a><p>L'Oreal Paris Makeup True Match Lumi Glotion, Natural Glow Enhancer, Illuminator Highlighter Skin Tint, for an All Day Radiant Glow, Light, 1.35 Ounces</p><p>$12.81</p><a href="https://www.amazon.com/dp/B074PTZCNW?tag=eloabder-20&linkCode=osi&th=1&psc=1">View Product</a></div><div class="product"><a href="https://www.amazon.com/dp/B075K784FK?tag=eloabder-20&linkCode=osi&th=1&psc=1"><img src="https://m.media-amazon.com/images/I/51q6Nf009iL._SL500_.jpg" alt="Product Image"></a><p>Physicians Formula Murumuru Butter Highlighter Makeup Face Powder Make Up, Pearl, Dermatologist Approved</p><p>$10.00</p><a href="https://www.amazon.com/dp/B075K784FK?tag=eloabder-20&linkCode=osi&th=1&psc=1">View Product</a></div><div class="product"><a href="https://www.amazon.com/dp/B0BD9HYBKD?tag=eloabder-20&linkCode=osi&th=1&psc=1"><img src="https://m.media-amazon.com/images/I/319tXl8nMUL._SL500_.jpg" alt="Product Image"></a><p>LAURA GELLER NEW YORK Baked Natural Glow Highlighter Radiance Enhancing Makeup, French Vanilla</p><p>$18.99</p><a href="https://www.amazon.com/dp/B0BD9HYBKD?tag=eloabder-20&linkCode=osi&th=1&psc=1">View Product</a></div><div class="product"><a href="https://www.amazon.com/dp/B083574V27?tag=eloabder-20&linkCode=osi&th=1&psc=1"><img src="https://m.media-amazon.com/images/I/41fyFVpDrXL._SL500_.jpg" alt="Product Image"></a><p>Milani Baked Highlighter (Dolce Perla) - Cruelty-Free Powder Highlighter, Highlight Face for a Shimmery or Matte Finish</p><p>$10.97 ($39.18 / Ounce)</p><a href="https://www.amazon.com/dp/B083574V27?tag=eloabder-20&linkCode=osi&th=1&psc=1">View Product</a></div>
<div class="product"><a href="https://www.amazon.com/dp/B0CMHSNYG8?tag=eloabder-20&linkCode=osi&th=1&psc=1"><img src="https://m.media-amazon.com/images/I/51iVcKQ6eIL._SL500_.jpg" alt="Product Image"></a><p>JODSONE Gel Nail Set 20 Colors High Shine Gorgeous Gel Polish Base Top Matte Coat Nice Gifts Show Charm</p><p>$19.99</p><a href="https://www.amazon.com/dp/B0CMHSNYG8?tag=eloabder-20&linkCode=osi&th=1&psc=1">View Product</a></div><div class="product"><a href="https://www.amazon.com/dp/B09KC56289?tag=eloabder-20&linkCode=osi&th=1&psc=1"><img src="https://m.media-amazon.com/images/I/51M-P1nM7QL._SL500_.jpg" alt="Product Image"></a><p>JODSONE 36 PCS Gel Nail Polish Set-32 Colors Gel Polish Kit Base Coat Glossy Matte and Glitter Top Coat Nail Polish Set Green Blue Red Pink Collection Gifts for Women</p><p>$25.99</p><a href="https://www.amazon.com/dp/B09KC56289?tag=eloabder-20&linkCode=osi&th=1&psc=1">View Product</a></div><div class="product"><a href="https://www.amazon.com/dp/B00GXVVDG0?tag=eloabder-20&linkCode=osi&th=1&psc=1"><img src="https://m.media-amazon.com/images/I/21vF-y2FfJL._SL500_.jpg" alt="Product Image"></a><p>Essie Nail Polish, Salon-Quality, 8-free Vegan, Finish, Mademoiselle, 0.46 Ounces (Packaging May Vary) Sheer Pink</p><p>$8.99</p><a href="https://www.amazon.com/dp/B00GXVVDG0?tag=eloabder-20&linkCode=osi&th=1&psc=1">View Product</a></div><div class="product"><a href="https://www.amazon.com/dp/B0987JZSP8?tag=eloabder-20&linkCode=osi&th=1&psc=1"><img src="https://m.media-amazon.com/images/I/31VZYZfCKbL._SL500_.jpg" alt="Product Image"></a><p>OPI Nature Strong Vegan Nail Polish, Knowledge is Flower, Pink Nail Polish, Natural Origin, Cruelty-Free Nail Lacquer, 0.5 fl oz.</p><p>$12.99 ($25.98 / Fl Oz)</p><a href="https://www.amazon.com/dp/B0987JZSP8?tag=eloabder-20&linkCode=osi&th=1&psc=1">View Product</a></div><div class="product"><a href="https://www.amazon.com/dp/B0CYLRWVVF?tag=eloabder-20&linkCode=osi&th=1&psc=1"><img src="https://m.media-amazon.com/images/I/51G1EY8ny6L._SL500_.jpg" alt="Product Image"></a><p>modelones Pearl Nail Polish 6 Colors Shimmer Pearl White Pink Mermaid Purple Nail Polish Set Summer Quick Dry Nail Polish Finger Nail Polish Bulk Manicure Diy Nail Art Salon Home Gift For Women Girl</p><p>$12.99</p><a href="https://www.amazon.com/dp/B0CYLRWVVF?tag=eloabder-20&linkCode=osi&th=1&psc=1">View Product</a></div>
<div class="product"><a href="https://www.amazon.com/dp/B005HGWGVS?tag=eloabder-20&linkCode=osi&th=1&psc=1"><img src="https://m.media-amazon.com/images/I/41NVfMcQBQL._SL500_.jpg" alt="Product Image"></a><p>Hard As Hoof Nail Strengthening Cream with Coconut Scent, Nail Growth & Conditioning Cuticle Cream Stops Splits, Chips, Cracks & Strengthens Nails, 1 oz</p><p>$8.88</p><a href="https://www.amazon.com/dp/B005HGWGVS?tag=eloabder-20&linkCode=osi&th=1&psc=1">View Product</a></div><div class="product"><a href="https://www.amazon.com/dp/B08YMJ4X4B?tag=eloabder-20&linkCode=osi&th=1&psc=1"><img src="https://m.media-amazon.com/images/I/41JNcOM8lBL._SL500_.jpg" alt="Product Image"></a><p>C CARE Sweet Almond Cuticle Oil For Nails - Repairs Cuticles Overnight - Moisturizes and Strengthens Nails and Cuticles - Dropper & Brush included - 2.5oz</p><p>$5.97 ($2.39 / Fl Oz)</p><a href="https://www.amazon.com/dp/B08YMJ4X4B?tag=eloabder-20&linkCode=osi&th=1&psc=1">View Product</a></div><div class="product"><a href="https://www.amazon.com/dp/B0046MK34G?tag=eloabder-20&linkCode=osi&th=1&psc=1"><img src="https://m.media-amazon.com/images/I/41PPyJFVAlL._SL500_.jpg" alt="Product Image"></a><p>Sally Hansen Instant Cuticle Remover™, Nail Treatment, Fast Drying, Contains Aloe and Chamomile</p><p>$4.97</p><a href="https://www.amazon.com/dp/B0046MK34G?tag=eloabder-20&linkCode=osi&th=1&psc=1">View Product</a></div><div class="product"><a href="https://www.amazon.com/dp/B00F644LTQ?tag=eloabder-20&linkCode=osi&th=1&psc=1"><img src="https://m.media-amazon.com/images/I/31+v2SZDagL._SL500_.jpg" alt="Product Image"></a><p>Cuccio Naturale Revitalizing- Hydrating Oil For Repaired Cuticles Overnight - Remedy For Damaged Skin And Thin Nails - Paraben /Cruelty-Free Formula - Milk And Honey - 2.5 Oz</p><p>$9.48 ($3.79 / Fl Oz)</p><a href="https://www.amazon.com/dp/B00F644LTQ?tag=eloabder-20&linkCode=osi&th=1&psc=1">View Product</a></div><div class="product"><a href="https://www.amazon.com/dp/B007QBKX08?tag=eloabder-20&linkCode=osi&th=1&psc=1"><img src="https://m.media-amazon.com/images/I/51BgkFaTnpL._SL500_.jpg" alt="Product Image"></a><p>Nail Tek Repairs Damaged Nails kit.Intensive Therapy(.5OZ),Foundation(.5OZ)& Renew(.48OZ)</p><p>$14.95</p><a href="https://www.amazon.com/dp/B007QBKX08?tag=eloabder-20&linkCode=osi&th=1&psc=1">View Product</a></div>
<div class="product"><a href="https://www.amazon.com/dp/B017PCGAXQ?tag=eloabder-20&linkCode=osi&th=1&psc=1"><img src="https://m.media-amazon.com/images/I/31-daQlUgGL._SL500_.jpg" alt="Product Image"></a><p>Garnier Micellar Water For Waterproof Makeup, Hydrating Facial Cleanser & Makeup Remover, Suitable for Sensitive Skin, Vegan, Cruelty Free, 13.5 Fl Oz (400mL), 1 Count</p><p>$8.97 ($0.66 / Fl Oz)</p><a href="https://www.amazon.com/dp/B017PCGAXQ?tag=eloabder-20&linkCode=osi&th=1&psc=1">View Product</a></div><div class="product"><a href="https://www.amazon.com/dp/B017PCGABI?tag=eloabder-20&linkCode=osi&th=1&psc=1"><img src="https://m.media-amazon.com/images/I/3106WC85aAL._SL500_.jpg" alt="Product Image"></a><p>Garnier Micellar Water, Hydrating Facial Cleanser & Makeup Remover, Suitable for Sensitive Skin, Vegan, Cruelty Free, 13.5 Fl Oz (400mL), 1 Count</p><p>$8.97 ($0.66 / Fl Oz)</p><a href="https://www.amazon.com/dp/B017PCGABI?tag=eloabder-20&linkCode=osi&th=1&psc=1">View Product</a></div><div class="product"><a href="https://www.amazon.com/dp/B00U2VQZDS?tag=eloabder-20&linkCode=osi&th=1&psc=1"><img src="https://m.media-amazon.com/images/I/41VzZfHAKpL._SL500_.jpg" alt="Product Image"></a><p>Neutrogena Makeup Remover Wipes, Ultra-Soft Cleansing Facial Towelettes for Waterproof Makeup, Alcohol-Free, Plant-Based, Twin Pack, 25 Count (Pack of 2)</p><p>$9.16 ($0.18 / Count)</p><a href="https://www.amazon.com/dp/B00U2VQZDS?tag=eloabder-20&linkCode=osi&th=1&psc=1">View Product</a></div><div class="product"><a href="https://www.amazon.com/dp/B07T9JV956?tag=eloabder-20&linkCode=osi&th=1&psc=1"><img src="https://m.media-amazon.com/images/I/310x+0QrxsL._SL500_.jpg" alt="Product Image"></a><p>Neutrogena Gentle Oil-Free Eye Makeup Remover & Cleanser for Sensitive Eyes, Non-Greasy Makeup Remover, Removes Waterproof Mascara, Dermatologist & Ophthalmologist Tested, 8.0 fl. oz</p><p>$9.39 ($1.17 / Fl Oz)</p><a href="https://www.amazon.com/dp/B07T9JV956?tag=eloabder-20&linkCode=osi&th=1&psc=1">View Product</a></div><div class="product"><a href="https://www.amazon.com/dp/B01M31HY3S?tag=eloabder-20&linkCode=osi&th=1&psc=1"><img src="https://m.media-amazon.com/images/I/319i79e7f4L._SL500_.jpg" alt="Product Image"></a><p>Cetaphil Gentle Waterproof Makeup Remover, Mother's Day Gifts, Oil-Free Formula Suitable for Sensitive Skin, 6.0 Fluid Ounce</p><p>$9.87 ($1.64 / Fl Oz)</p><a href="https://www.amazon.com/dp/B01M31HY3S?tag=eloabder-20&linkCode=osi&th=1&psc=1">View Product</a></div><div class="product"><a href="https://www.amazon.com/dp/B07SS6LFRG?tag=eloabder-20&linkCode=osi&th=1&psc=1"><img src="https://m.media-amazon.com/images/I/31Mwa89HfCL._SL500_.jpg" alt="Product Image"></a><p>Amazon Basics Eye Makeup Remover, Removes Waterproof Mascara, Dermatologist Tested, Fragrance Free, 5.5 Fl Oz (Pack of 1)</p><p>$5.99 ($1.09 / Fl Oz)</p><a href="https://www.amazon.com/dp/B07SS6LFRG?tag=eloabder-20&linkCode=osi&th=1&psc=1">View Product</a></div><div class="product"><a href="https://www.amazon.com/dp/B08TQTT8LK?tag=eloabder-20&linkCode=osi&th=1&psc=1"><img src="https://m.media-amazon.com/images/I/31R-Y-dhjEL._SL500_.jpg" alt="Product Image"></a><p>e.l.f. Holy Hydration! Makeup Melting Cleansing Balm, Face Cleanser & Makeup Remover, Infused with Hyaluronic Acid to Hydrate Skin, 2 Oz</p><p>$11.00 ($5.50 / Ounce)</p><a href="https://www.amazon.com/dp/B08TQTT8LK?tag=eloabder-20&linkCode=osi&th=1&psc=1">View Product</a></div><div class="product"><a href="https://www.amazon.com/dp/B08Q3CQM7X?tag=eloabder-20&linkCode=osi&th=1&psc=1"><img src="https://m.media-amazon.com/images/I/31edyzkByfL._SL500_.jpg" alt="Product Image"></a><p>JUNO & Co. Clean 10 Cleansing Balm 10 Ingredients Makeup Remover 85g / 3.0oz</p><p>$14.99 ($5.00 / Ounce)</p><a href="https://www.amazon.com/dp/B08Q3CQM7X?tag=eloabder-20&linkCode=osi&th=1&psc=1">View Product</a></div><div class="product"><a href="https://www.amazon.com/dp/B0B1PP1XCM?tag=eloabder-20&linkCode=osi&th=1&psc=1"><img src="https://m.media-amazon.com/images/I/31kOCqV2+BL._SL500_.jpg" alt="Product Image"></a><p>CeraVe Cleansing Balm for Sensitive Skin | Hydrating Makeup Remover with Ceramides and Plant-based Jojoba Oil for Face | Non-Comedogenic Fragrance Free Non-Greasy |1.3 Ounces</p><p>$9.97 ($7.67 / Ounce)</p><a href="https://www.amazon.com/dp/B0B1PP1XCM?tag=eloabder-20&linkCode=osi&th=1&psc=1">View Product</a></div><div class="product"><a href="https://www.amazon.com/dp/B0BX65V1BZ?tag=eloabder-20&linkCode=osi&th=1&psc=1"><img src="https://m.media-amazon.com/images/I/31t6WiWvdDL._SL500_.jpg" alt="Product Image"></a><p>Prime Prometics PrimeSkin Beauty Water – Deeply Hydrating Pro-Age Make-Up Remover for Mature Women – Clean, One Swipe – for All Skin Types – pH balanced, Hypoallergenic</p><p>$27.00 ($5.29 / Fl Oz)</p><a href="https://www.amazon.com/dp/B0BX65V1BZ?tag=eloabder-20&linkCode=osi&th=1&psc=1">View Product</a></div>
<div class="product"><a href="https://www.amazon.com/dp/B07XC569XF?tag=eloabder-20&linkCode=osi&th=1&psc=1"><img src="https://m.media-amazon.com/images/I/4109uyzn-sL._SL500_.jpg" alt="Product Image"></a><p>Neutrogena Hydro Boost Facial Cleansing Towelettes + Hyaluronic Acid, Hydrating Makeup Remover Face Wipes Remove Dirt & Waterproof Makeup, Hypoallergenic, 100% Plant-Based Cloth, 2 x 25 ct</p><p>$13.20 ($0.26 / Count)</p><a href="https://www.amazon.com/dp/B07XC569XF?tag=eloabder-20&linkCode=osi&th=1&psc=1">View Product</a></div><div class="product"><a href="https://www.amazon.com/dp/B00479FP4Q?tag=eloabder-20&linkCode=osi&th=1&psc=1"><img src="https://m.media-amazon.com/images/I/41L2wro-FlL._SL500_.jpg" alt="Product Image"></a><p>Olay Daily Facials, Daily Clean Makeup Removing Facial Cleansing Wipes, 5-in-1 Water Activated Cloths, Exfoliates, Tones and Hydrates Skin, 66 count</p><p>$9.74 ($0.15 / Count)</p><a href="https://www.amazon.com/dp/B00479FP4Q?tag=eloabder-20&linkCode=osi&th=1&psc=1">View Product</a></div><div class="product"><a href="https://www.amazon.com/dp/B0864VDH6F?tag=eloabder-20&linkCode=osi&th=1&psc=1"><img src="https://m.media-amazon.com/images/I/418baEPkUdL._SL500_.jpg" alt="Product Image"></a><p>Amazon Basics Make Up Remover Wipes, Night Calming, 50 Count (2 Packs of 25) (Previously Solimo)</p><p>$7.93 ($0.16 / Count)</p><a href="https://www.amazon.com/dp/B0864VDH6F?tag=eloabder-20&linkCode=osi&th=1&psc=1">View Product</a></div><div class="product"><a href="https://www.amazon.com/dp/B093T3LQPP?tag=eloabder-20&linkCode=osi&th=1&psc=1"><img src="https://m.media-amazon.com/images/I/51mLU+qr6tL._SL500_.jpg" alt="Product Image"></a><p>Burt's Bees Rose Water Face Wipes, for All Skin Types, Hydrating Micellar Makeup Remover & Facial Cleansing Towelettes, 30 Ct (3-Pack)</p><p>$16.47 ($0.18 / Count)</p><a href="https://www.amazon.com/dp/B093T3LQPP?tag=eloabder-20&linkCode=osi&th=1&psc=1">View Product</a></div><div class="product"><a href="https://www.amazon.com/dp/B00NUJQG7Y?tag=eloabder-20&linkCode=osi&th=1&psc=1"><img src="https://m.media-amazon.com/images/I/51apu8FIluL._SL500_.jpg" alt="Product Image"></a><p>Burt's Bees Aloe Vera Face Wipes, for Sensitive Skin, Soothing Makeup Remover & Facial Cleansing Towelettes, 30 Ct. (3-Pack)</p><p>$16.41 ($0.18 / Count)</p><a href="https://www.amazon.com/dp/B00NUJQG7Y?tag=eloabder-20&linkCode=osi&th=1&psc=1">View Product</a></div><div class="product"><a href="https://www.amazon.com/dp/B09LXWPB1V?tag=eloabder-20&linkCode=osi&th=1&psc=1"><img src="https://m.media-amazon.com/images/I/4117i-jJMKL._SL500_.jpg" alt="Product Image"></a><p>CeraVe Hydrating Facial Cleansing Makeup Remover Wipes| Plant Based Face Biodegradable in Home Compost| Wash Cloth| Suitable for Sensitive Skin| Fragrance-free Non-comedogenic| 25 Count</p><p>$9.97 ($0.40 / Count)</p><a href="https://www.amazon.com/dp/B09LXWPB1V?tag=eloabder-20&linkCode=osi&th=1&psc=1">View Product</a></div><div class="product"><a href="https://www.amazon.com/dp/B006RFZ9IK?tag=eloabder-20&linkCode=osi&th=1&psc=1"><img src="https://m.media-amazon.com/images/I/41c4Ogejt9L._SL500_.jpg" alt="Product Image"></a><p>Bioré Daily Make Up Removing Cloths, Facial Cleansing Wipes with Dirt-grabbing Fibers for Deep Pore Cleansing without Oily Residue, 60 Count</p><p>$11.99 ($0.20 / Count)</p><a href="https://www.amazon.com/dp/B006RFZ9IK?tag=eloabder-20&linkCode=osi&th=1&psc=1">View Product</a></div><div class="product"><a href="https://www.amazon.com/dp/B01M4NFD2N?tag=eloabder-20&linkCode=osi&th=1&psc=1"><img src="https://m.media-amazon.com/images/I/41-iPdzYWDL._SL500_.jpg" alt="Product Image"></a><p>Cetaphil Gentle Makeup Removing Face Wipes, Daily Cleansing Facial Towelettes Gently Remove Makeup, Fragrance and Alcohol Free, 25 Count</p><p>$6.85 ($0.27 / Count)</p><a href="https://www.amazon.com/dp/B01M4NFD2N?tag=eloabder-20&linkCode=osi&th=1&psc=1">View Product</a></div><div class="product"><a href="https://www.amazon.com/dp/B0B644ZQLV?tag=eloabder-20&linkCode=osi&th=1&psc=1"><img src="https://m.media-amazon.com/images/I/41E5FGVZrnL._SL500_.jpg" alt="Product Image"></a><p>Cetaphil Face and Body Wipes, Gentle Skin Cleansing Cloths, 25 Count (Pack of 3), for Dry, Sensitive Skin, Flip Top Closure, Great for the Gym, Hypoallergenic, Fragrance Free</p><p>$20.91 ($0.28 / Count)</p><a href="https://www.amazon.com/dp/B0B644ZQLV?tag=eloabder-20&linkCode=osi&th=1&psc=1">View Product</a></div>
<div class="product"><a href="https://www.amazon.com/dp/B08RD6S5HF?tag=eloabder-20&linkCode=osi&th=1&psc=1"><img src="https://m.media-amazon.com/images/I/41uDw-xQNuL._SL500_.jpg" alt="Product Image"></a><p>BAIMEI IcyMe Gua Sha & Jade Roller Facial Tools Face Roller and Gua Sha Set for Puffiness and Redness Reducing Skin Care Routine, Self Care Gift for Men Women - Green</p><p>$9.99</p><a href="https://www.amazon.com/dp/B08RD6S5HF?tag=eloabder-20&linkCode=osi&th=1&psc=1">View Product</a></div><div class="product"><a href="https://www.amazon.com/dp/B09961TCV4?tag=eloabder-20&linkCode=osi&th=1&psc=1"><img src="https://m.media-amazon.com/images/I/41cLCDErk6L._SL500_.jpg" alt="Product Image"></a><p>huefull Gua Sha Facial Tools & Jade Roller Set for Skin Care, Reduce Puffiness and Improve Wrinkles, Guasha Tool for Face, Gua Sha Stone Self Care Gift for Woman Man</p><p>$7.99 ($4.00 / Count)</p><a href="https://www.amazon.com/dp/B09961TCV4?tag=eloabder-20&linkCode=osi&th=1&psc=1">View Product</a></div><div class="product"><a href="https://www.amazon.com/dp/B09P88YNZZ?tag=eloabder-20&linkCode=osi&th=1&psc=1"><img src="https://m.media-amazon.com/images/I/31gv5dz1KML._SL500_.jpg" alt="Product Image"></a><p>Ice Roller for Face and Eye, Ice Face Roller,Facial Beauty Ice Roller Skin Care Tools, Ice Facial Cube, Gua Sha Face Massage, Silicone Ice Mold for Face Beauty (Pink)</p><p>$5.99 ($1.20 / Ounce)</p><a href="https://www.amazon.com/dp/B09P88YNZZ?tag=eloabder-20&linkCode=osi&th=1&psc=1">View Product</a></div><div class="product"><a href="https://www.amazon.com/dp/B09V5TRZTS?tag=eloabder-20&linkCode=osi&th=1&psc=1"><img src="https://m.media-amazon.com/images/I/31NWpXealIL._SL500_.jpg" alt="Product Image"></a><p>ROSELYNBOUTIQUE Ice Roller for Face Wrinkles Fine Lines Puffiness Stick Massager Facial Skin Care Tools Self Care Gifts for Men Women (Green)</p><p>$6.39</p><a href="https://www.amazon.com/dp/B09V5TRZTS?tag=eloabder-20&linkCode=osi&th=1&psc=1">View Product</a></div><div class="product"><a href="https://www.amazon.com/dp/B0BR7YG7QH?tag=eloabder-20&linkCode=osi&th=1&psc=1"><img src="https://m.media-amazon.com/images/I/41gFogNe+dL._SL500_.jpg" alt="Product Image"></a><p>8 Pieces Triangle Powder Puff Face Soft Triangle Makeup Puff Velour Cosmetic Foundation Blender Sponge Beauty Makeup Tools</p><p>$3.99 ($0.50 / Count)</p><a href="https://www.amazon.com/dp/B0BR7YG7QH?tag=eloabder-20&linkCode=osi&th=1&psc=1">View Product</a></div><div class="product"><a href="https://www.amazon.com/dp/B09XJYZDVG?tag=eloabder-20&linkCode=osi&th=1&psc=1"><img src="https://m.media-amazon.com/images/I/41jMEmTiSQL._SL500_.jpg" alt="Product Image"></a><p>Aaiffey Eyeliner Applicator Kit, Eyeliner Tool with Eyeliner Cream Black Eyeliner Gel Reusable Silicone Eye Liner Applicator Waterproof Eyeliner Easy No-Skip (eyeliner tool +black eyeliner creams)</p><p>$9.98</p><a href="https://www.amazon.com/dp/B09XJYZDVG?tag=eloabder-20&linkCode=osi&th=1&psc=1">View Product</a></div>
<div class="product"><a href="https://www.amazon.com/dp/B075S543DR?tag=eloabder-20&linkCode=osi&th=1&psc=1"><img src="https://m.media-amazon.com/images/I/418N6a3fvaL._SL500_.jpg" alt="Product Image"></a><p>EcoTools Start The Day Beautifully 6 Piece Makeup Brush Set, Makeup Brushes For Eyeshadow, Blush, Concealer, & Foundation Application, Eco-Friendly, Gift Set, Synthetic Hair, Vegan & Cruelty-Free</p><p>$9.98</p><a href="https://www.amazon.com/dp/B075S543DR?tag=eloabder-20&linkCode=osi&th=1&psc=1">View Product</a></div><div class="product"><a href="https://www.amazon.com/dp/B07FTXBNVL?tag=eloabder-20&linkCode=osi&th=1&psc=1"><img src="https://m.media-amazon.com/images/I/41O4pc78hYL._SL500_.jpg" alt="Product Image"></a><p>Real Techniques 5 Piece Everyday Essentials Makeup Brush Set, Includes 4 Brushes & Makeup Sponge, For Foundation, Blush, Bronzer, Contour, Eyeshadow, & Powder, Travel Gift Set, Cruelty-Free & Vegan</p><p>$13.99</p><a href="https://www.amazon.com/dp/B07FTXBNVL?tag=eloabder-20&linkCode=osi&th=1&psc=1">View Product</a></div>
<div class="product"><a href="https://www.amazon.com/dp/B00WZQTCS8?tag=eloabder-20&linkCode=osi&th=1&psc=1"><img src="https://m.media-amazon.com/images/I/41iVoW5QboL._SL500_.jpg" alt="Product Image"></a><p>NYX PROFESSIONAL MAKEUP Micro Brow Pencil, Eyebrow Pencil - Espresso</p><p>$7.50</p><a href="https://www.amazon.com/dp/B00WZQTCS8?tag=eloabder-20&linkCode=osi&th=1&psc=1">View Product</a></div><div class="product"><a href="https://www.amazon.com/dp/B01643FI0I?tag=eloabder-20&linkCode=osi&th=1&psc=1"><img src="https://m.media-amazon.com/images/I/21w1DpgxRoL._SL500_.jpg" alt="Product Image"></a><p>L'Oreal Paris Makeup Brow Stylist Definer Waterproof Eyebrow Pencil, Ultra-Fine Mechanical Pencil, Draws Tiny Brow Hairs and Fills in Sparse Areas and Gaps, Dark Brunette, 0.003 Ounce (Pack of 1)</p><p>$8.98</p><a href="https://www.amazon.com/dp/B01643FI0I?tag=eloabder-20&linkCode=osi&th=1&psc=1">View Product</a></div><div class="product"><a href="https://www.amazon.com/dp/B0B52KG7YP?tag=eloabder-20&linkCode=osi&th=1&psc=1"><img src="https://m.media-amazon.com/images/I/31Mi4FEPxYL._SL500_.jpg" alt="Product Image"></a><p>e.l.f. Instant Lift Brow Pencil, Dual-Ended Precision Brow Pencils For Shaping & Defining Eyebrows, Vegan & Cruelty-Free, Neutral Brown, 2-Pack</p><p>$5.00</p><a href="https://www.amazon.com/dp/B0B52KG7YP?tag=eloabder-20&linkCode=osi&th=1&psc=1">View Product</a></div><div class="product"><a href="https://www.amazon.com/dp/B078KB7L4G?tag=eloabder-20&linkCode=osi&th=1&psc=1"><img src="https://m.media-amazon.com/images/I/31QF5SK3tzL._SL500_.jpg" alt="Product Image"></a><p>wet n wild Ultimate Eyebrow Retractable Definer Pencil, Medium Brown, Dual-Sided Brow Brush, Fine Tip, Shapes, Defines, Fills Brow Makeup</p><p>$2.74</p><a href="https://www.amazon.com/dp/B078KB7L4G?tag=eloabder-20&linkCode=osi&th=1&psc=1">View Product</a></div><div class="product"><a href="https://www.amazon.com/dp/B074VD4X7W?tag=eloabder-20&linkCode=osi&th=1&psc=1"><img src="https://m.media-amazon.com/images/I/41eK8J1W2rL._SL500_.jpg" alt="Product Image"></a><p>Maybelline Total Temptation Eyebrow Definer Pencil, Soft Brown, 1 Count</p><p>$8.99</p><a href="https://www.amazon.com/dp/B074VD4X7W?tag=eloabder-20&linkCode=osi&th=1&psc=1">View Product</a></div><div class="product"><a href="https://www.amazon.com/dp/B001ESKLZQ?tag=eloabder-20&linkCode=osi&th=1&psc=1"><img src="https://m.media-amazon.com/images/I/31bw47frHzS._SL500_.jpg" alt="Product Image"></a><p>COVERGIRL - Easy Breezy Brow Fill + Define Brow Pencil, Sharpener Included, Long-Lasting, Deeply Pigmented, Blendable Formula, 100% Cruelty-Free</p><p>$4.47</p><a href="https://www.amazon.com/dp/B001ESKLZQ?tag=eloabder-20&linkCode=osi&th=1&psc=1">View Product</a></div><div class="product"><a href="https://www.amazon.com/dp/B0D12PWNK6?tag=eloabder-20&linkCode=osi&th=1&psc=1"><img src="https://m.media-amazon.com/images/I/51u7eOlEtFL._SL500_.jpg" alt="Product Image"></a><p>iMethod Microblading Eyebrow Pen - Eyebrow Pencil Magical 2-in-1 Dual-Ended Eye Brow Pencils for Women with 4-Fork-Tip & Precise Brush-Tip Create Natural Hair-Like Brows, Last All-Day, Dark Brown</p><p>$14.97 ($14.97 / Count)</p><a href="https://www.amazon.com/dp/B0D12PWNK6?tag=eloabder-20&linkCode=osi&th=1&psc=1">View Product</a></div><div class="product"><a href="https://www.amazon.com/dp/B0CPFY8K8W?tag=eloabder-20&linkCode=osi&th=1&psc=1"><img src="https://m.media-amazon.com/images/I/21SmXiqZZYL._SL500_.jpg" alt="Product Image"></a><p>e.l.f. Instant Lift Waterproof Brow Pencil, Long-Lasting Eyebrow Pencil For Grooming & Shaping Brows, Vegan & Cruelty-free, Deep Brown</p><p>$4.00</p><a href="https://www.amazon.com/dp/B0CPFY8K8W?tag=eloabder-20&linkCode=osi&th=1&psc=1">View Product</a></div>
<div class="product"><a href="https://www.amazon.com/dp/B079B8BFR3?tag=eloabder-20&linkCode=osi&th=1&psc=1"><img src="https://m.media-amazon.com/images/I/41DSmndr3KL._SL500_.jpg" alt="Product Image"></a><p>KISS Looks So Natural, False Eyelashes, Shy', 12 mm, Includes 5 Pairs Of Lashes, Contact Lens Friendly, Easy to Apply, Reusable Strip Lashes, Glue On</p><p>$7.09</p><a href="https://www.amazon.com/dp/B079B8BFR3?tag=eloabder-20&linkCode=osi&th=1&psc=1">View Product</a></div><div class="product"><a href="https://www.amazon.com/dp/B09MQCDVM7?tag=eloabder-20&linkCode=osi&th=1&psc=1"><img src="https://m.media-amazon.com/images/I/510lQqrrVtL._SL500_.jpg" alt="Product Image"></a><p>False Eyelashes 14mm Faux 3D Mink Lashes Natural Look Fluffy Cat Eye Wispy Lashes Pack by Kiromiro, 14 Pairs</p><p>$8.89</p><a href="https://www.amazon.com/dp/B09MQCDVM7?tag=eloabder-20&linkCode=osi&th=1&psc=1">View Product</a></div><div class="product"><a href="https://www.amazon.com/dp/B00DS4EIEE?tag=eloabder-20&linkCode=osi&th=1&psc=1"><img src="https://m.media-amazon.com/images/I/415k4JSKxOL._SL500_.jpg" alt="Product Image"></a><p>KISS So Wispy, False Eyelashes, Style #11', 12 mm, Includes 5 Pairs Of Lashes, Contact Lens Friendly, Easy to Apply, Reusable Strip Lashes, Glue On, Mulitpack</p><p>$8.97 ($1.79 / Count)</p><a href="https://www.amazon.com/dp/B00DS4EIEE?tag=eloabder-20&linkCode=osi&th=1&psc=1">View Product</a></div><div class="product"><a href="https://www.amazon.com/dp/B0C5QK1QHP?tag=eloabder-20&linkCode=osi&th=1&psc=1"><img src="https://m.media-amazon.com/images/I/51eSQ4cj35L._SL500_.jpg" alt="Product Image"></a><p>Veleasha Lashes 5D Faux Mink Lashes 100% Handmade Luxurious Fake Eyelashes Lightweight Fluffy False Eyelashes 5 Pairs Pack (G2)</p><p>$6.98 ($1.40 / Count)</p><a href="https://www.amazon.com/dp/B0C5QK1QHP?tag=eloabder-20&linkCode=osi&th=1&psc=1">View Product</a></div><div class="product"><a href="https://www.amazon.com/dp/B0B1LRRTCH?tag=eloabder-20&linkCode=osi&th=1&psc=1"><img src="https://m.media-amazon.com/images/I/41gc2Df+nAL._SL500_.jpg" alt="Product Image"></a><p>GMAGICTOBO False Eyelashes Natural Half Lashes Short Wispy Clear Band Lashes Pack Cat Eye 3D Faux Mink Lashes Fake Eyelashes 7 Pairs Multipack</p><p>$8.59 ($1.23 / Count)</p><a href="https://www.amazon.com/dp/B0B1LRRTCH?tag=eloabder-20&linkCode=osi&th=1&psc=1">View Product</a></div><div class="product"><a href="https://www.amazon.com/dp/B08R6PR7ND?tag=eloabder-20&linkCode=osi&th=1&psc=1"><img src="https://m.media-amazon.com/images/I/41r4c3ZiCWL._SL500_.jpg" alt="Product Image"></a><p>KISS My Lash But Better, False Eyelashes, All Mine', 10 mm, Includes 1 Pair Of Lashes, Contact Lens Friendly, Easy to Apply, Reusable Strip Lashes, Glue-On</p><p>$3.97</p><a href="https://www.amazon.com/dp/B08R6PR7ND?tag=eloabder-20&linkCode=osi&th=1&psc=1">View Product</a></div><div class="product"><a href="https://www.amazon.com/dp/B0BX3YHN14?tag=eloabder-20&linkCode=osi&th=1&psc=1"><img src="https://m.media-amazon.com/images/I/51YYa1vTElL._SL500_.jpg" alt="Product Image"></a><p>KISS imPRESS Falsies False Eyelashes, Lash Clusters, Voluminous', 14 mm, Includes 20 Clusters, 1 applicator, Contact Lens Friendly, Easy to Apply, Reusable Strip Lashes</p><p>$12.72</p><a href="https://www.amazon.com/dp/B0BX3YHN14?tag=eloabder-20&linkCode=osi&th=1&psc=1">View Product</a></div><div class="product"><a href="https://www.amazon.com/dp/B00YYHHI1E?tag=eloabder-20&linkCode=osi&th=1&psc=1"><img src="https://m.media-amazon.com/images/I/419bv9iNI9L._SL500_.jpg" alt="Product Image"></a><p>Ardell False Eyelashes Demi Wispies Black, 1 pack (6 pairs per pack)</p><p>$9.74 ($1.95 / Count)</p><a href="https://www.amazon.com/dp/B00YYHHI1E?tag=eloabder-20&linkCode=osi&th=1&psc=1">View Product</a></div><div class="product"><a href="https://www.amazon.com/dp/B0CG5SY8J1?tag=eloabder-20&linkCode=osi&th=1&psc=1"><img src="https://m.media-amazon.com/images/I/41SWlZB3plL._SL500_.jpg" alt="Product Image"></a><p>Natural Lashes Natural Eyelashes Short Eyelashes Natural Look False Eyelashes Wispy Eye Lashes 10mm Small Lashes Fake Lashes K50</p><p>$7.93 ($1.13 / Count)</p><a href="https://www.amazon.com/dp/B0CG5SY8J1?tag=eloabder-20&linkCode=osi&th=1&psc=1">View Product</a></div><div class="product"><a href="https://www.amazon.com/dp/B08SPVMDTV?tag=eloabder-20&linkCode=osi&th=1&psc=1"><img src="https://m.media-amazon.com/images/I/41Q6wh0HacL._SL500_.jpg" alt="Product Image"></a><p>KISS Falscara Multipack False Eyelashes, Lash Clusters, Natural Wispy Wisps', 10mm-12mm-14mm, Includes 24 Assorted Lengths Wisps, Contact Lens Friendly, Easy to Apply, Reusable Strip Lashes</p><p>$6.47 ($0.27 / Count)</p><a href="https://www.amazon.com/dp/B08SPVMDTV?tag=eloabder-20&linkCode=osi&th=1&psc=1">View Product</a></div>
<div class="product"><a href="https://www.amazon.com/dp/B08ZYKFNLK?tag=eloabder-20&linkCode=osi&th=1&psc=1"><img src="https://m.media-amazon.com/images/I/41LSyt4W-HL._SL500_.jpg" alt="Product Image"></a><p>Makeup Sponge Set BS-MALL Blender Sponges 7 Pcs for Liquid, Cream, and Powder, Multi-colored with 1 Mini Makeup Sponge Pink (A-Pink）</p><p>$6.99 ($1.00 / Count)</p><a href="https://www.amazon.com/dp/B08ZYKFNLK?tag=eloabder-20&linkCode=osi&th=1&psc=1">View Product</a></div><div class="product"><a href="https://www.amazon.com/dp/B01F36JEXE?tag=eloabder-20&linkCode=osi&th=1&psc=1"><img src="https://m.media-amazon.com/images/I/41AHaVc97tL._SL500_.jpg" alt="Product Image"></a><p>BEAKEY Makeup Sponge 5 Pcs Set, Makeup Sponges for Foundation, Liquid, Cream and Powder. Latex-Free Boun Boun Beauty Sponge for Blending, Blender for Enhanced Make Up Application, Ideal Gift</p><p>$6.99 ($1.40 / Count)</p><a href="https://www.amazon.com/dp/B01F36JEXE?tag=eloabder-20&linkCode=osi&th=1&psc=1">View Product</a></div><div class="product"><a href="https://www.amazon.com/dp/B07VBNQ367?tag=eloabder-20&linkCode=osi&th=1&psc=1"><img src="https://m.media-amazon.com/images/I/41tK1+FK+ML._SL500_.jpg" alt="Product Image"></a><p>Beautyblender® | Original Pink Beauty Blender Makeup Sponge, Super-Soft Foam Easily Blends Foundations, Powders & Creams, Made in USA, Reusable, Washable, Streak Free Application, Vegan, Cruelty Free</p><p>$20.00</p><a href="https://www.amazon.com/dp/B07VBNQ367?tag=eloabder-20&linkCode=osi&th=1&psc=1">View Product</a></div><div class="product"><a href="https://www.amazon.com/dp/B013XJUWC0?tag=eloabder-20&linkCode=osi&th=1&psc=1"><img src="https://m.media-amazon.com/images/I/519iY4n1lHL._SL500_.jpg" alt="Product Image"></a><p>Aesthetica Cosmetics Beauty Sponge Blender - Latex Free and Vegan Makeup Sponge Blender - For Powder, Cream or Liquid Application - One Piece Make Up Sponge</p><p>$3.97</p><a href="https://www.amazon.com/dp/B013XJUWC0?tag=eloabder-20&linkCode=osi&th=1&psc=1">View Product</a></div><div class="product"><a href="https://www.amazon.com/dp/B08T79281H?tag=eloabder-20&linkCode=osi&th=1&psc=1"><img src="https://m.media-amazon.com/images/I/41OyxvePdBL._SL500_.jpg" alt="Product Image"></a><p>DUAIU 4 Pcs Makeup Sponge Set Beauty Sponge Foundation Blending Sponge, Flawless for Liquid, Cream, and Powder, Multi-colored Makeup Sponges with Storage Box</p><p>$4.99 ($1.25 / Count)</p><a href="https://www.amazon.com/dp/B08T79281H?tag=eloabder-20&linkCode=osi&th=1&psc=1">View Product</a></div><div class="product"><a href="https://www.amazon.com/dp/B00EUBPHR6?tag=eloabder-20&linkCode=osi&th=1&psc=1"><img src="https://m.media-amazon.com/images/I/31BZh7Bg7hL._SL500_.jpg" alt="Product Image"></a><p>Real Techniques Miracle Complexion Sponge, Makeup Blending Sponge, For Liquid & Cream Foundation, Offers Light To Medium Coverage, Natural, Dewy Makeup, Orange Sponge, Latex-Free Foam, 1 Count</p><p>$4.57</p><a href="https://www.amazon.com/dp/B00EUBPHR6?tag=eloabder-20&linkCode=osi&th=1&psc=1">View Product</a></div><div class="product"><a href="https://www.amazon.com/dp/B0CL2FKVH2?tag=eloabder-20&linkCode=osi&th=1&psc=1"><img src="https://m.media-amazon.com/images/I/41u81y8DJoL._SL500_.jpg" alt="Product Image"></a><p>14 Pcs Makeup Sponge Set,Beauty Sponges Blender with 4 Pcs Powder Puff and 4 Pcs Mini Make up Sponges Valentine's Day Gift,Mother's Day Gift for Women Liquid,Foundation,Powder,Concealer,Cream(Pink)</p><p>$8.99 ($0.64 / Count)</p><a href="https://www.amazon.com/dp/B0CL2FKVH2?tag=eloabder-20&linkCode=osi&th=1&psc=1">View Product</a></div><div class="product"><a href="https://www.amazon.com/dp/B0CTX1X4F1?tag=eloabder-20&linkCode=osi&th=1&psc=1"><img src="https://m.media-amazon.com/images/I/31dP1yTUmWL._SL500_.jpg" alt="Product Image"></a><p>GFOUNS 15 pcs Beauty blender Makeup Sponge Bulk:Blender Sponges 15 Pcs for Liquid, Cream, and Powder, Multi-colored Pink make up sponges for foundation</p><p>$5.99</p><a href="https://www.amazon.com/dp/B0CTX1X4F1?tag=eloabder-20&linkCode=osi&th=1&psc=1">View Product</a></div>
<div class="product"><a href="https://www.amazon.com/dp/B010CRFSTI?tag=eloabder-20&linkCode=osi&th=1&psc=1"><img src="https://m.media-amazon.com/images/I/41JQ+znx4gL._SL500_.jpg" alt="Product Image"></a><p>Conair Salon Results Hairbrush Set - Travel Hair Brush - Hairbrushes for All Hair Types - Travel size + Full-size Brush</p><p>$5.88 ($2.94 / Count)</p><a href="https://www.amazon.com/dp/B010CRFSTI?tag=eloabder-20&linkCode=osi&th=1&psc=1">View Product</a></div><div class="product"><a href="https://www.amazon.com/dp/B094DK6JNF?tag=eloabder-20&linkCode=osi&th=1&psc=1"><img src="https://m.media-amazon.com/images/I/31dF+T3k3nL._SL500_.jpg" alt="Product Image"></a><p>Wet Brush Original Detangler Hair Brush, Amazon Exclusive Aqua- Ultra-Soft IntelliFlex Bristles-Detangling Hairbrush Glides Through Tangles For All Hair Types (Wet Dry & Damaged Hair) - Women & Men</p><p>$8.99</p><a href="https://www.amazon.com/dp/B094DK6JNF?tag=eloabder-20&linkCode=osi&th=1&psc=1">View Product</a></div>

<div class="product"><a href="https://www.amazon.com/dp/B07KSQZ4MR?tag=eloabder-20&linkCode=osi&th=1&psc=1"><img src="https://m.media-amazon.com/images/I/31A-mCllrgL._SL500_.jpg" alt="Product Image"></a><p>Hot Tools Pro Artist Black Gold Evolve Ionic Salon Hair Flat Iron | Long-Lasting Finish for Straightening Hair, (1-1/4 in), HT7123BG</p><p>$61.50</p><a href="https://www.amazon.com/dp/B07KSQZ4MR?tag=eloabder-20&linkCode=osi&th=1&psc=1">View Product</a></div>
<div class="product"><a href="https://www.amazon.com/dp/B0027SU9JU?tag=eloabder-20&linkCode=osi&th=1&psc=1"><img src="https://m.media-amazon.com/images/I/31rfzenB9mL._SL500_.jpg" alt="Product Image"></a><p>REVLON Turbo Hair Dryer with Advanced Ionic Technology, Ceramic Coating | Turbo Heat and Cold Shot Features, 1875 Watts for Fast Drying and Shine (Silver)</p><p>$19.99</p><a href="https://www.amazon.com/dp/B0027SU9JU?tag=eloabder-20&linkCode=osi&th=1&psc=1">View Product</a></div>

<div class="product"><a href="https://www.amazon.com/dp/B07PBXXNCY?tag=eloabder-20&linkCode=osi&th=1&psc=1"><img src="https://m.media-amazon.com/images/I/31OVxUr+bUL._SL500_.jpg" alt="Product Image"></a><p>Clean Skin Club Clean Towels XL™, 100% USDA Biobased Face Towel, Disposable Face Towelette, Makeup Remover Dry Wipes, Ultra Soft, 50 Ct, 1 Pack</p><p>$17.95 ($0.36 / Count)</p><a href="https://www.amazon.com/dp/B07PBXXNCY?tag=eloabder-20&linkCode=osi&th=1&psc=1">View Product</a></div><div class="product"><a href="https://www.amazon.com/dp/B01LEJ5MSK?tag=eloabder-20&linkCode=osi&th=1&psc=1"><img src="https://m.media-amazon.com/images/I/418xEMrk6LL._SL500_.jpg" alt="Product Image"></a><p>COSRX Snail Mucin 92% Repair Cream, Daily Face Gel Moisturizer for Dry Skin, Acne-prone, Sensitive Skin, Not Tested on Animals, No Parabens, Korean Skincare (3.52 Fl Oz (Pack of 1))</p><p>$13.99 ($3.97 / Fl Oz)</p><a href="https://www.amazon.com/dp/B01LEJ5MSK?tag=eloabder-20&linkCode=osi&th=1&psc=1">View Product</a></div>
<div class="product"><a href="https://www.amazon.com/dp/B076FHJ3K5?tag=eloabder-20&linkCode=osi&th=1&psc=1"><img src="https://m.media-amazon.com/images/I/31QAqxeYpoL._SL500_.jpg" alt="Product Image"></a><p>Marc Anthony Leave-In Conditioner Spray & Detangler, Grow Long Biotin - Anti-Frizz Deep Conditioner For Split Ends & Breakage - Vitamin E, Caffeine & Ginseng for Curly, Dry & Damaged Hair</p><p>$7.67 ($0.91 / Fl Oz)</p><a href="https://www.amazon.com/dp/B076FHJ3K5?tag=eloabder-20&linkCode=osi&th=1&psc=1">View Product</a></div><div class="product"><a href="https://www.amazon.com/dp/B0B941W753?tag=eloabder-20&linkCode=osi&th=1&psc=1"><img src="https://m.media-amazon.com/images/I/3154MYZlHiL._SL500_.jpg" alt="Product Image"></a><p>MONDAY HAIRCARE Volume Shampoo + Conditioner Set (2 Pack) 12oz Each for Thin, Fine, and Oily Hair, Made from Coconut Oil, Ginger Extract, & Vitamin E, 100% Recyclable Bottles</p><p>$13.99 ($0.58 / Fl Oz)</p><a href="https://www.amazon.com/dp/B0B941W753?tag=eloabder-20&linkCode=osi&th=1&psc=1">View Product</a></div><div class="product"><a href="https://www.amazon.com/dp/B0CS29PK2J?tag=eloabder-20&linkCode=osi&th=1&psc=1"><img src="https://m.media-amazon.com/images/I/315FU9SHGsL._SL500_.jpg" alt="Product Image"></a><p>Monday Moisture Leave-in Conditioner 5 Oz</p><p>$5.41 ($1.08 / Fl Oz)</p><a href="https://www.amazon.com/dp/B0CS29PK2J?tag=eloabder-20&linkCode=osi&th=1&psc=1">View Product</a></div><div class="product"><a href="https://www.amazon.com/dp/B0B941XTDZ?tag=eloabder-20&linkCode=osi&th=1&psc=1"><img src="https://m.media-amazon.com/images/I/41eavjiNYyL._SL500_.jpg" alt="Product Image"></a><p>MONDAY HAIRCARE Moisture Shampoo + Conditioner Set for Dry, Coarse, Stressed, Coily & Curly Hair, Made from Coconut Oil, Rice Protein, Shea Butter, & Vitamin E, All-Natural, 12 Fl Oz (Pack of 2)</p><p>$13.99 ($0.58 / Fl Oz)</p><a href="https://www.amazon.com/dp/B0B941XTDZ?tag=eloabder-20&linkCode=osi&th=1&psc=1">View Product</a></div><div class="product"><a href="https://www.amazon.com/dp/B07N7PK9QK?tag=eloabder-20&linkCode=osi&th=1&psc=1"><img src="https://m.media-amazon.com/images/I/416K3ahcJsL._SL500_.jpg" alt="Product Image"></a><p>Mielle Organics Rosemary Mint Scalp & Hair Strengthening Oil for All Hair Types, 2 Ounce</p><p>$9.50 ($4.75 / Fl Oz)</p><a href="https://www.amazon.com/dp/B07N7PK9QK?tag=eloabder-20&linkCode=osi&th=1&psc=1">View Product</a></div><div class="product"><a href="https://www.amazon.com/dp/B005PV0FDG?tag=eloabder-20&linkCode=osi&th=1&psc=1"><img src="https://m.media-amazon.com/images/I/310l+q4ImxL._SL500_.jpg" alt="Product Image"></a><p>It's a 10 Haircare Miracle Leave-In product, 10 fl. oz.</p><p>$27.98 ($2.80 / Fl Oz)</p><a href="https://www.amazon.com/dp/B005PV0FDG?tag=eloabder-20&linkCode=osi&th=1&psc=1">View Product</a></div><div class="product"><a href="https://www.amazon.com/dp/B0C3K3XX95?tag=eloabder-20&linkCode=osi&th=1&psc=1"><img src="https://m.media-amazon.com/images/I/41+CLmIGVIL._SL500_.jpg" alt="Product Image"></a><p>MONDAY HAIRCARE Repair Shampoo and Conditioner Set 12oz for Dry to Damaged Hair, Made with Keratin, Coconut Oil, Shea Butter and Vitamin E</p><p>$13.99 ($0.58 / Fl Oz)</p><a href="https://www.amazon.com/dp/B0C3K3XX95?tag=eloabder-20&linkCode=osi&th=1&psc=1">View Product</a></div>
<div class="product"><a href="https://www.amazon.com/dp/B09F5L7756?tag=eloabder-20&linkCode=osi&th=1&psc=1"><img src="https://m.media-amazon.com/images/I/61qJVRNSjFL._SL500_.jpg" alt="Product Image"></a><p>Vaseline Intensive Care Cocoa Radiant For Glowing Skin 3 Count Body Gel Oil Body Oil Made with 100% Pure Cocoa Butter + Replenishing Oils 6.8oz</p><p>$19.44 ($0.95 / Fl Oz)</p><a href="https://www.amazon.com/dp/B09F5L7756?tag=eloabder-20&linkCode=osi&th=1&psc=1">View Product</a></div><div class="product"><a href="https://www.amazon.com/dp/B08T4FLJQZ?tag=eloabder-20&linkCode=osi&th=1&psc=1"><img src="https://m.media-amazon.com/images/I/317LIpGPZiL._SL500_.jpg" alt="Product Image"></a><p>Dove Scrub Brown Sugar & Coconut Butter For Silky Smooth Skin Body Scrub Exfoliates & Restores Skin's Natural Nutrients 10.5 oz</p><p>$6.97 ($0.66 / Ounce)</p><a href="https://www.amazon.com/dp/B08T4FLJQZ?tag=eloabder-20&linkCode=osi&th=1&psc=1">View Product</a></div><div class="product"><a href="https://www.amazon.com/dp/B0CNKZW8HL?tag=eloabder-20&linkCode=osi&th=1&psc=1"><img src="https://m.media-amazon.com/images/I/61vGHE3wEWL._SL500_.jpg" alt="Product Image"></a><p>Dove Men+Care Body Wash Sandalwood + Cardamom Oil to Rebuild Skin in the Shower with Plant-Based Cleansers and Moisturizers 26 oz</p><p>$9.97 ($0.38 / Fl Oz)</p><a href="https://www.amazon.com/dp/B0CNKZW8HL?tag=eloabder-20&linkCode=osi&th=1&psc=1">View Product</a></div><div class="product"><a href="https://www.amazon.com/dp/B089NCFBQZ?tag=eloabder-20&linkCode=osi&th=1&psc=1"><img src="https://m.media-amazon.com/images/I/41WGBM4YipL._SL500_.jpg" alt="Product Image"></a><p>Vaseline Illuminate Me Shimmering Body Oil Created for Melanin Rich Skin, Illuminates Skin with Finishing Touch of Shimmer for Glowing Skin 3.3 oz</p><p>$8.75 ($2.65 / Fl Oz)</p><a href="https://www.amazon.com/dp/B089NCFBQZ?tag=eloabder-20&linkCode=osi&th=1&psc=1">View Product</a></div><div class="product"><a href="https://www.amazon.com/dp/B0CNL19TQG?tag=eloabder-20&linkCode=osi&th=1&psc=1"><img src="https://m.media-amazon.com/images/I/61kqkkFXOkL._SL500_.jpg" alt="Product Image"></a><p>Dove Men+Care Body Wash Eucalyptus + Cedar Oil to Rebuild Skin in the Shower with Plant-Based Cleansers and Moisturizers 26 oz</p><p>$9.99 ($0.38 / Fl Oz)</p><a href="https://www.amazon.com/dp/B0CNL19TQG?tag=eloabder-20&linkCode=osi&th=1&psc=1">View Product</a></div><div class="product"><a href="https://www.amazon.com/dp/B07HMDGJCJ?tag=eloabder-20&linkCode=osi&th=1&psc=1"><img src="https://m.media-amazon.com/images/I/31TuC5EJeNL._SL500_.jpg" alt="Product Image"></a><p>SOL DE JANEIRO 4 Play Moisturizing Shower Cream Gel Body Wash 90mL</p><p>$10.00 ($3.33 / Fl Oz)</p><a href="https://www.amazon.com/dp/B07HMDGJCJ?tag=eloabder-20&linkCode=osi&th=1&psc=1">View Product</a></div>
<div class="product"><a href="https://www.amazon.com/dp/B00HVI8WYU?tag=eloabder-20&linkCode=osi&th=1&psc=1"><img src="https://m.media-amazon.com/images/I/31educzzSsL._SL500_.jpg" alt="Product Image"></a><p>e.l.f. Hydrating Face Primer, Makeup Primer For Flawless, Smooth Skin & Long-Lasting Makeup, Fills In Pores & Fine Lines, Vegan & Cruelty-free, Small</p><p>$8.00</p><a href="https://www.amazon.com/dp/B00HVI8WYU?tag=eloabder-20&linkCode=osi&th=1&psc=1">View Product</a></div><div class="product"><a href="https://www.amazon.com/dp/B088W7L534?tag=eloabder-20&linkCode=osi&th=1&psc=1"><img src="https://m.media-amazon.com/images/I/31A5rZUAKyL._SL500_.jpg" alt="Product Image"></a><p>e.l.f. Monochromatic Multi Stick, Luxuriously Creamy & Blendable Color, For Eyes, Lips & Cheeks, Dazzling Peony, 0.17 oz (5 g)</p><p>$5.00</p><a href="https://www.amazon.com/dp/B088W7L534?tag=eloabder-20&linkCode=osi&th=1&psc=1">View Product</a></div><div class="product"><a href="https://www.amazon.com/dp/B0CMJZ8G6Y?tag=eloabder-20&linkCode=osi&th=1&psc=1"><img src="https://m.media-amazon.com/images/I/31KdGu0F8vL._SL500_.jpg" alt="Product Image"></a><p>e.l.f. Glow Reviver Lip Oil, Nourishing Tinted Lip Oil For A High-shine Finish, Infused With Jojoba Oil, Vegan & Cruelty-free, Rose Envy</p><p>$8.00</p><a href="https://www.amazon.com/dp/B0CMJZ8G6Y?tag=eloabder-20&linkCode=osi&th=1&psc=1">View Product</a></div><div class="product"><a href="https://www.amazon.com/dp/B08H3JPH74?tag=eloabder-20&linkCode=osi&th=1&psc=1"><img src="https://m.media-amazon.com/images/I/31hf532TEHL._SL500_.jpg" alt="Product Image"></a><p>Maybelline Lash Sensational Sky High Washable Mascara Makeup, Volumizing, Lengthening, Defining, Curling, Multiplying, Buildable Formula, Blackest Black, 1 Count</p><p>$9.98</p><a href="https://www.amazon.com/dp/B08H3JPH74?tag=eloabder-20&linkCode=osi&th=1&psc=1">View Product</a></div>
<div class="product"><a href="https://www.amazon.com/dp/B09C8VNWBP?tag=eloabder-20&linkCode=osi&th=1&psc=1"><img src="https://m.media-amazon.com/images/I/31ObnTRpJ5L._SL500_.jpg" alt="Product Image"></a><p>Lattafa Yara for Women Eau de Parfum Spray, 3.40 Ounce / 100 ml</p><p>$22.77 ($6.70 / Fl Oz)</p><a href="https://www.amazon.com/dp/B09C8VNWBP?tag=eloabder-20&linkCode=osi&th=1&psc=1">View Product</a></div><div class="product"><a href="https://www.amazon.com/dp/B000E7WHCI?tag=eloabder-20&linkCode=osi&th=1&psc=1"><img src="https://m.media-amazon.com/images/I/31V1XkKkWXL._SL500_.jpg" alt="Product Image"></a><p>Vera Wang Eau de Parfum for Women - Delicate, Floral Scent - Notes of Iris, Lillies, & Sandalwood - Feminine & Subtle - 3.4 Fl Oz</p><p>$26.47 ($7.79 / Fl Oz)</p><a href="https://www.amazon.com/dp/B000E7WHCI?tag=eloabder-20&linkCode=osi&th=1&psc=1">View Product</a></div><div class="product"><a href="https://www.amazon.com/dp/B0B1HB719V?tag=eloabder-20&linkCode=osi&th=1&psc=1"><img src="https://m.media-amazon.com/images/I/31R9CfuokSL._SL500_.jpg" alt="Product Image"></a><p>Sol de Janeiro Cheirosa '68 Hair & Body Fragrance Mist 90mL/3.0 fl oz.</p><p>$24.00 ($8.00 / Fl Oz)</p><a href="https://www.amazon.com/dp/B0B1HB719V?tag=eloabder-20&linkCode=osi&th=1&psc=1">View Product</a></div><div class="product"><a href="https://www.amazon.com/dp/B01KYRUBT8?tag=eloabder-20&linkCode=osi&th=1&psc=1"><img src="https://m.media-amazon.com/images/I/41BYbHm20iL._SL500_.jpg" alt="Product Image"></a><p>Al-Rehab Choco Musk Eau de Parfum Spray for Women, 1.7 Ounce</p><p>$7.80 ($4.59 / Fl Oz)</p><a href="https://www.amazon.com/dp/B01KYRUBT8?tag=eloabder-20&linkCode=osi&th=1&psc=1">View Product</a></div><div class="product"><a href="https://www.amazon.com/dp/B07NJJZK3W?tag=eloabder-20&linkCode=osi&th=1&psc=1"><img src="https://m.media-amazon.com/images/I/41YNfQAjjLL._SL500_.jpg" alt="Product Image"></a><p>Swiss Arabian Layali Rouge - Luxury Products From Dubai - Lasting And Addictive Personal Perfume Oil Fragrance - A Seductive, Signature Aroma - The Luxurious Scent Of Arabia - 0.5 Oz</p><p>$23.48 ($46.96 / Fl Oz)</p><a href="https://www.amazon.com/dp/B07NJJZK3W?tag=eloabder-20&linkCode=osi&th=1&psc=1">View Product</a></div><div class="product"><a href="https://www.amazon.com/dp/B000JL7WQK?tag=eloabder-20&linkCode=osi&th=1&psc=1"><img src="https://m.media-amazon.com/images/I/41WJsYdkRbL._SL500_.jpg" alt="Product Image"></a><p>Vera Wang Princess Eau de Toilette Spray for Women, Vanilla, 3.4 Fl Ounce</p><p>$25.49 ($7.50 / Fl Oz)</p><a href="https://www.amazon.com/dp/B000JL7WQK?tag=eloabder-20&linkCode=osi&th=1&psc=1">View Product</a></div><div class="product"><a href="https://www.amazon.com/dp/B000C1Z5AW?tag=eloabder-20&linkCode=osi&th=1&psc=1"><img src="https://m.media-amazon.com/images/I/31pCnWTh3yL._SL500_.jpg" alt="Product Image"></a><p>Pleasures By Estee Lauder For Women. Eau De Parfum Spray 3.4 Ounces</p><p>$35.00 ($10.29 / Fl Oz)</p><a href="https://www.amazon.com/dp/B000C1Z5AW?tag=eloabder-20&linkCode=osi&th=1&psc=1">View Product</a></div><div class="product"><a href="https://www.amazon.com/dp/B000P22TIY?tag=eloabder-20&linkCode=osi&th=1&psc=1"><img src="https://m.media-amazon.com/images/I/31h9AoIGn3L._SL500_.jpg" alt="Product Image"></a><p>Nautica Voyage Eau De Toilette for Men - Fresh, Romantic, Fruity Scent Woody, Aquatic Notes of Apple, Water Lotus, Cedarwood, and Musk Ideal Day Wear 3.3 Fl Oz</p><p>$18.90 ($5.73 / Fl Oz)</p><a href="https://www.amazon.com/dp/B000P22TIY?tag=eloabder-20&linkCode=osi&th=1&psc=1">View Product</a></div><div class="product"><a href="https://www.amazon.com/dp/B00GZP041Y?tag=eloabder-20&linkCode=osi&th=1&psc=1"><img src="https://m.media-amazon.com/images/I/41-2Bb4gj+L._SL500_.jpg" alt="Product Image"></a><p>Versace Bright Crystal Absolu Eau de Perfume Spray, 3.0 Ounce</p><p>$52.67 ($17.56 / Fl Oz)</p><a href="https://www.amazon.com/dp/B00GZP041Y?tag=eloabder-20&linkCode=osi&th=1&psc=1">View Product</a></div>





<div class="product"><a href="https://www.amazon.com/dp/B0B2RM68G2?tag=eloabder-20&linkCode=osi&th=1&psc=1"><img src="https://m.media-amazon.com/images/I/41VafG53fjL._SL500_.jpg" alt="Product Image"></a><p>BIODANCE Bio-Collagen Real Deep Mask, Hydrating Overnight Hydrogel Mask, Pore Minimizing, Elasticity Improvement, 34g x4ea</p><p>$19.00 ($4.75 / Count)</p><a href="https://www.amazon.com/dp/B0B2RM68G2?tag=eloabder-20&linkCode=osi&th=1&psc=1">View Product</a></div><div class="product"><a href="https://www.amazon.com/dp/B00BAM7F8C?tag=eloabder-20&linkCode=osi&th=1&psc=1"><img src="https://m.media-amazon.com/images/I/51jsS9SDHeL._SL500_.jpg" alt="Product Image"></a><p>DERMAL 16 Combo Pack A Collagen Essencce Korean Face Mask - Hydrating & Soothing Facial Mask with Panthenol - Hypoallergenic Self Care Sheet Mask for All Skin Types - Natural Home Spa Treatment Masks</p><p>$11.99</p><a href="https://www.amazon.com/dp/B00BAM7F8C?tag=eloabder-20&linkCode=osi&th=1&psc=1">View Product</a></div><div class="product"><a href="https://www.amazon.com/dp/B07FPJHPX1?tag=eloabder-20&linkCode=osi&th=1&psc=1"><img src="https://m.media-amazon.com/images/I/51uNOnTpxTL._SL500_.jpg" alt="Product Image"></a><p>Celavi Essence Facial Sheet Face Mask Variety Set Classic Authentic Korean Moisturizing Skincare (12-Packs)</p><p>$9.40 ($0.78 / Count)</p><a href="https://www.amazon.com/dp/B07FPJHPX1?tag=eloabder-20&linkCode=osi&th=1&psc=1">View Product</a></div><div class="product"><a href="https://www.amazon.com/dp/B0722LVW3B?tag=eloabder-20&linkCode=osi&th=1&psc=1"><img src="https://m.media-amazon.com/images/I/51Vm0lozSIL._SL500_.jpg" alt="Product Image"></a><p>DERMAL 24 Combo Pack A Collagen Essence Korean Face Mask - Hydrating & Soothing Facial Mask with Panthenol - Hypoallergenic Self Care Sheet Mask for All Skin Types - Natural Home Spa Treatment Mask</p><p>$16.99 ($0.71 / Count)</p><a href="https://www.amazon.com/dp/B0722LVW3B?tag=eloabder-20&linkCode=osi&th=1&psc=1">View Product</a></div><div class="product"><a href="https://www.amazon.com/dp/B0D7LXSSS5?tag=eloabder-20&linkCode=osi&th=1&psc=1"><img src="https://m.media-amazon.com/images/I/41N5HKnGTtL._SL500_.jpg" alt="Product Image"></a><p>SOYUB Collagen Face Mask - Hydrating Overnight Collagen Face Mask Deep Collagen Anti Wrinkle Lifting Mask - Pure Collagen Films for Improve Elasticity Firming And Moisturizing (4pcs/1 Box)</p><p>$13.79 ($3.45 / Count)</p><a href="https://www.amazon.com/dp/B0D7LXSSS5?tag=eloabder-20&linkCode=osi&th=1&psc=1">View Product</a></div><div class="product"><a href="https://www.amazon.com/dp/B007CY2C76?tag=eloabder-20&linkCode=osi&th=1&psc=1"><img src="https://m.media-amazon.com/images/I/31-131ZWvEL._SL500_.jpg" alt="Product Image"></a><p>Freeman Dead Sea Minerals Anti-Stress Clay Facial Mask, Hydrating & Clarifying, Clears Pores, Face Mask With Lavender & Bergamot For Radiant Skin, For All Skin Types, 6 fl. oz./175 mL Tube, 1 Count</p><p>$3.86 ($0.64 / Ounce)</p><a href="https://www.amazon.com/dp/B007CY2C76?tag=eloabder-20&linkCode=osi&th=1&psc=1">View Product</a></div>



<div class="product"><a href="https://www.amazon.com/dp/B0CZXG68J4?tag=eloabder-20&linkCode=osi&th=1&psc=1"><img src="https://m.media-amazon.com/images/I/41Xkis0092L._SL500_.jpg" alt="Product Image"></a><p>CNP Honey Lip Butter (0.5 fl.oz / 15ml) - Propolis Lipcerin™, Hydrating Overnight Manuka Lip Balm & Mask, 12hrs Long-lasting Moisture, Gentle Exfoliation, Hygienic Twist Dispenser, Korean Skin Care</p><p>$17.80 ($35.60 / Fl Oz)</p><a href="https://www.amazon.com/dp/B0CZXG68J4?tag=eloabder-20&linkCode=osi&th=1&psc=1">View Product</a></div><div class="product"><a href="https://www.amazon.com/dp/B08GJH4RZV?tag=eloabder-20&linkCode=osi&th=1&psc=1"><img src="https://m.media-amazon.com/images/I/41PXqEpAI1L._SL500_.jpg" alt="Product Image"></a><p>2PCS Lip Mask Overnight, Honey&Sakura Day and Night Repair Sleeping Lip Balm, Fade Lip Lines Bee Balm, Hydrating &Prevention Dry and Crack Lip Scrubs Exfoliator</p><p>$6.49</p><a href="https://www.amazon.com/dp/B08GJH4RZV?tag=eloabder-20&linkCode=osi&th=1&psc=1">View Product</a></div><div class="product"><a href="https://www.amazon.com/dp/B07XXPHQZK?tag=eloabder-20&linkCode=osi&th=1&psc=1"><img src="https://m.media-amazon.com/images/I/31mJBoxFgQL._SL500_.jpg" alt="Product Image"></a><p>LANEIGE Lip Sleeping Mask Berry: Nourish, Hydrate, Vitamin C, Murumuru & Shea Butter, Antioxidants, Flaky, Dry Lips</p><p>$24.00 ($34.29 / Ounce)</p><a href="https://www.amazon.com/dp/B07XXPHQZK?tag=eloabder-20&linkCode=osi&th=1&psc=1">View Product</a></div><div class="product"><a href="https://www.amazon.com/dp/B07Y91BMSK?tag=eloabder-20&linkCode=osi&th=1&psc=1"><img src="https://m.media-amazon.com/images/I/51P5ul4ewsL._SL500_.jpg" alt="Product Image"></a><p>NIVEA Lip Care, Fruity Tinted Lip Balm Variety Pack, Includes Cherry, Strawberry, Blackberry and Watermelon Scents, 0.17 Oz, Pack of 4</p><p>$9.69</p><a href="https://www.amazon.com/dp/B07Y91BMSK?tag=eloabder-20&linkCode=osi&th=1&psc=1">View Product</a></div><div class="product"><a href="https://www.amazon.com/dp/B082JJ4D98?tag=eloabder-20&linkCode=osi&th=1&psc=1"><img src="https://m.media-amazon.com/images/I/41zIrQdHI5L._SL500_.jpg" alt="Product Image"></a><p>NIVEA Smoothness Lip Care, Lip Balm SPF 15, Mineral Oil Free Lip Moisturizer with Shea Butter, Jojoba Oil and Avocado Oil, 0.17 Oz, Pack of 4</p><p>$8.40</p><a href="https://www.amazon.com/dp/B082JJ4D98?tag=eloabder-20&linkCode=osi&th=1&psc=1">View Product</a></div><div class="product"><a href="https://www.amazon.com/dp/B07MBHRYTJ?tag=eloabder-20&linkCode=osi&th=1&psc=1"><img src="https://m.media-amazon.com/images/I/410u8zP2pDL._SL500_.jpg" alt="Product Image"></a><p>Palmer's Coconut Oil Formula Lip Balm Duo, All-Day Moisturization, Lip Balm Easter Basket Stuffers, Hydrates Dry, Cracked Lips (Pack of 2)</p><p>$3.10 ($1.94 / Ounce)</p><a href="https://www.amazon.com/dp/B07MBHRYTJ?tag=eloabder-20&linkCode=osi&th=1&psc=1">View Product</a></div><div class="product"><a href="https://www.amazon.com/dp/B07YG8YVQW?tag=eloabder-20&linkCode=osi&th=1&psc=1"><img src="https://m.media-amazon.com/images/I/41tKxZOfwPL._SL500_.jpg" alt="Product Image"></a><p>NIVEA Moisture Lip Care, Lip Balm Stick with Shea Butter, Jojoba Oil and Avocado Oil, 0.17 Oz, Pack of 4</p><p>$9.98</p><a href="https://www.amazon.com/dp/B07YG8YVQW?tag=eloabder-20&linkCode=osi&th=1&psc=1">View Product</a></div><div class="product"><a href="https://www.amazon.com/dp/B08C8WMPMR?tag=eloabder-20&linkCode=osi&th=1&psc=1"><img src="https://m.media-amazon.com/images/I/410NuIkftlL._SL500_.jpg" alt="Product Image"></a><p>eos Medicated Lip Balm - The Fixer | Lip Care to Repair and Protect Chapped and Dry Lips | Instant Cooling and Pain Relief with Natural Ingredients | 0.35 oz</p><p>$3.97 ($11.34 / Fl Oz)</p><a href="https://www.amazon.com/dp/B08C8WMPMR?tag=eloabder-20&linkCode=osi&th=1&psc=1">View Product</a></div>




<div class="product"><a href="https://www.amazon.com/dp/B002CMLS50?tag=eloabder-20&linkCode=osi&th=1&psc=1"><img src="https://m.media-amazon.com/images/I/314ruNgESmL._SL500_.jpg" alt="Product Image"></a><p>Moroccanoil Hydrating Styling Cream, 10.2 Fl. Oz.</p><p>$36.00 ($3.53 / Fl Oz)</p><a href="https://www.amazon.com/dp/B002CMLS50?tag=eloabder-20&linkCode=osi&th=1&psc=1">View Product</a></div><div class="product"><a href="https://www.amazon.com/dp/B0050N4DLE?tag=eloabder-20&linkCode=osi&th=1&psc=1"><img src="https://m.media-amazon.com/images/I/31-lmMmL35L._SL500_.jpg" alt="Product Image"></a><p>Garnier Fructis Style Pure Clean Styling Gel 6.8 Fl Oz, 1 Count, (Packaging May Vary)</p><p>$4.49 ($0.66 / Fl Oz)</p><a href="https://www.amazon.com/dp/B0050N4DLE?tag=eloabder-20&linkCode=osi&th=1&psc=1">View Product</a></div><div class="product"><a href="https://www.amazon.com/dp/B07KB39L6L?tag=eloabder-20&linkCode=osi&th=1&psc=1"><img src="https://m.media-amazon.com/images/I/51U76BCUc5L._SL500_.jpg" alt="Product Image"></a><p>Hair Dough Styling Clay For Men, Matte Finish Molding Hair Wax Paste Quiff, Strong Hold Without The Shine</p><p>$18.99 ($5.43 / Ounce)</p><a href="https://www.amazon.com/dp/B07KB39L6L?tag=eloabder-20&linkCode=osi&th=1&psc=1">View Product</a></div><div class="product"><a href="https://www.amazon.com/dp/B0914XZT2W?tag=eloabder-20&linkCode=osi&th=1&psc=1"><img src="https://m.media-amazon.com/images/I/417h8kM6cCL._SL500_.jpg" alt="Product Image"></a><p>Samnyte Hair Wax Stick, Wax Stick for Hair Slick Stick, Hair Wax Stick for Women Kids, Hair Gel Stick for Girls Hair Accessories for Women Fly away Hair Tamer, Hair Bun Maker for Kids Styling Cream</p><p>$7.99 ($2.96 / Fl Oz)</p><a href="https://www.amazon.com/dp/B0914XZT2W?tag=eloabder-20&linkCode=osi&th=1&psc=1">View Product</a></div>

<div class="product"><a href="https://www.amazon.com/dp/B08GSTPT8Y?tag=eloabder-20&linkCode=osi&th=1&psc=1"><img src="https://m.media-amazon.com/images/I/41sX+hKcbML._SL500_.jpg" alt="Product Image"></a><p>AOA Studio Collection makeup Sponge Set Latex Free and High-definition Set of 6 makeup Wonder blender For Powder Cream and Liquid, Super Soft Wonder Beauty Cosmetic</p><p>$9.95 ($1.66 / Count)</p><a href="https://www.amazon.com/dp/B08GSTPT8Y?tag=eloabder-20&linkCode=osi&th=1&psc=1">View Product</a></div><div class="product"><a href="https://www.amazon.com/dp/B0CJFFR574?tag=eloabder-20&linkCode=osi&th=1&psc=1"><img src="https://m.media-amazon.com/images/I/41nkQ05yLcL._SL500_.jpg" alt="Product Image"></a><p>SUNGBOON EDITOR Deep Collagen Overnight Mask 37gx4ea | The real collagen 2,160,000ppb | Facial Hydrogel Masks with low molecular weight collagen for elasticity, firming, and moisturizing</p><p>$19.00 ($4.75 / Count)</p><a href="https://www.amazon.com/dp/B0CJFFR574?tag=eloabder-20&linkCode=osi&th=1&psc=1">View Product</a></div><div class="product"><a href="https://www.amazon.com/dp/B0B45LL4DD?tag=eloabder-20&linkCode=osi&th=1&psc=1"><img src="https://m.media-amazon.com/images/I/31ZNIWikbtL._SL500_.jpg" alt="Product Image"></a><p>Beauty of Joseon Revive Eye Serum with Retinal Niacinamide Correction for Puffy Eye Bags Fine Lines Dark Circles Wrinkles, Korean Skin Care 30ml, 1 fl.oz</p><p>$14.50 ($14.50 / Fl Oz)</p><a href="https://www.amazon.com/dp/B0B45LL4DD?tag=eloabder-20&linkCode=osi&th=1&psc=1">View Product</a></div><div class="product"><a href="https://www.amazon.com/dp/B0C4H1GPG1?tag=eloabder-20&linkCode=osi&th=1&psc=1"><img src="https://m.media-amazon.com/images/I/41jyzyKyY2L._SL500_.jpg" alt="Product Image"></a><p>BEAKEY Latex Free Blender Makeup Sponge for Blending, Pink Makeup Sponge Set, Soft Beauty Sponge, for Flawless Application of Liquid, Cream, and Powder Cosmetics, Pink Makeup Gifts</p><p>$6.99 ($1.40 / Count)</p><a href="https://www.amazon.com/dp/B0C4H1GPG1?tag=eloabder-20&linkCode=osi&th=1&psc=1">View Product</a></div><div class="product"><a href="https://www.amazon.com/dp/B00QPNVC0I?tag=eloabder-20&linkCode=osi&th=1&psc=1"><img src="https://m.media-amazon.com/images/I/31wV3gYUEpL._SL500_.jpg" alt="Product Image"></a><p>Real Techniques Miracle Complexion Sponge Set Duo, 2 Makeup Sponges For Liquid & Cream Makeup, Makeup Blender Sponge For Buildable Coverage, Foundation Sponge For Natural, Dewy Base, Latex-Free Foam</p><p>$7.69 ($3.84 / Count)</p><a href="https://www.amazon.com/dp/B00QPNVC0I?tag=eloabder-20&linkCode=osi&th=1&psc=1">View Product</a></div><div class="product"><a href="https://www.amazon.com/dp/B0CZYJYX4Q?tag=eloabder-20&linkCode=osi&th=1&psc=1"><img src="https://m.media-amazon.com/images/I/31hNatkE-9L._SL500_.jpg" alt="Product Image"></a><p>LANEIGE Lip Glowy Balm Mango: Hydrate, Glossy, Lightweight, Moisturize & Tint with Shea Butter</p><p>$19.00 ($54.29 / Ounce)</p><a href="https://www.amazon.com/dp/B0CZYJYX4Q?tag=eloabder-20&linkCode=osi&th=1&psc=1">View Product</a></div><div class="product"><a href="https://www.amazon.com/dp/B0CXQR14J3?tag=eloabder-20&linkCode=osi&th=1&psc=1"><img src="https://m.media-amazon.com/images/I/31RRaB6c+JL._SL500_.jpg" alt="Product Image"></a><p>e.l.f. Power Grip Dewy Setting Spray, Ultra Fine Mist Made With Hyaluronic Acid, Grips Makeup For A Hydrated, Dewy Finish, Vegan & Cruelty-Free</p><p>$10.00 ($3.70 / Fl Oz)</p><a href="https://www.amazon.com/dp/B0CXQR14J3?tag=eloabder-20&linkCode=osi&th=1&psc=1">View Product</a></div>
<div class="product"><a href="https://www.amazon.com/dp/B0057X7S7I?tag=eloabder-20&linkCode=osi&th=1&psc=1"><img src="https://m.media-amazon.com/images/I/31EGxy1hPjL._SL500_.jpg" alt="Product Image"></a><p>Rimmel Stay Glossy Lip Gloss - Non-Sticky and Lightweight Formula for Lip Color and Shine - 120 Non-Stop Glamour, .18oz</p><p>$3.97</p><a href="https://www.amazon.com/dp/B0057X7S7I?tag=eloabder-20&linkCode=osi&th=1&psc=1">View Product</a></div><div class="product"><a href="https://www.amazon.com/dp/B07MWTH3BY?tag=eloabder-20&linkCode=osi&th=1&psc=1"><img src="https://m.media-amazon.com/images/I/31xb-X48IBL._SL500_.jpg" alt="Product Image"></a><p>e.l.f. Monochromatic Multi Stick, Luxuriously Creamy & Blendable Color, For Eyes, Lips & Cheeks, Glistening Peach, 0.17 oz (5g)</p><p>$5.00</p><a href="https://www.amazon.com/dp/B07MWTH3BY?tag=eloabder-20&linkCode=osi&th=1&psc=1">View Product</a></div><div class="product"><a href="https://www.amazon.com/dp/B0CPFXMMBH?tag=eloabder-20&linkCode=osi&th=1&psc=1"><img src="https://m.media-amazon.com/images/I/21poCyHDdxL._SL500_.jpg" alt="Product Image"></a><p>e.l.f. Instant Lift Waterproof Brow Pencil, Long-Lasting Eyebrow Pencil For Grooming & Shaping Eyebrows, Vegan & Cruelty-free, Taupe</p><p>$3.00</p><a href="https://www.amazon.com/dp/B0CPFXMMBH?tag=eloabder-20&linkCode=osi&th=1&psc=1">View Product</a></div><div class="product"><a href="https://www.amazon.com/dp/B082YQ4QWW?tag=eloabder-20&linkCode=osi&th=1&psc=1"><img src="https://m.media-amazon.com/images/I/31S+aqgvx6L._SL500_.jpg" alt="Product Image"></a><p>wet n wild Mega Last High-Shine Lipstick Lip Color, Infused with Seed Oils For a Nourishing High-Shine, Buildable & Blendable Creamy Color, Cruelty-Free & Vegan - Pinky Ring</p><p>$2.28</p><a href="https://www.amazon.com/dp/B082YQ4QWW?tag=eloabder-20&linkCode=osi&th=1&psc=1">View Product</a></div><div class="product"><a href="https://www.amazon.com/dp/B0BDD7D34M?tag=eloabder-20&linkCode=osi&th=1&psc=1"><img src="https://m.media-amazon.com/images/I/51O5AVRXcUL._SL500_.jpg" alt="Product Image"></a><p>Maskiss 24k Gold Under Eye Patches (25 Pairs), eye mask, Collagen Skin Care Products, Eye Patches for Puffy Eyes, eye masks for dark circles and puffiness</p><p>$14.99 ($0.60 / Count)</p><a href="https://www.amazon.com/dp/B0BDD7D34M?tag=eloabder-20&linkCode=osi&th=1&psc=1">View Product</a></div><div class="product"><a href="https://www.amazon.com/dp/B004BCXEF6?tag=eloabder-20&linkCode=osi&th=1&psc=1"><img src="https://m.media-amazon.com/images/I/31t3gAw-N7L._SL500_.jpg" alt="Product Image"></a><p>L’Oreal Paris Makeup Voluminous Original Volume Building Waterproof Mascara, Carbon Black, 0.23 Fl Oz</p><p>$8.98</p><a href="https://www.amazon.com/dp/B004BCXEF6?tag=eloabder-20&linkCode=osi&th=1&psc=1">View Product</a></div>
<div class="product"><a href="https://www.amazon.com/dp/B0BSZ23FTF?tag=eloabder-20&linkCode=osi&th=1&psc=1"><img src="https://m.media-amazon.com/images/I/31GRN7P2p8L._SL500_.jpg" alt="Product Image"></a><p>Bubble Skincare Slam Dunk Face Moisturizer - Hydrating Face Cream for Dry Skin Made with Vitamin E + Aloe Vera Juice for a Glowing Complexion - Skin Care with Blue Light Protection (50ml)</p><p>$14.98 ($8.81 / Ounce)</p><a href="https://www.amazon.com/dp/B0BSZ23FTF?tag=eloabder-20&linkCode=osi&th=1&psc=1">View Product</a></div><div class="product"><a href="https://www.amazon.com/dp/B08T7DSZYD?tag=eloabder-20&linkCode=osi&th=1&psc=1"><img src="https://m.media-amazon.com/images/I/41WwUSxcyGL._SL500_.jpg" alt="Product Image"></a><p>e.l.f. SKIN Hydrated Ever After Skincare Mini Kit, Cleanser, Makeup Remover, Moisturiser & Eye Cream For Hydrating Skin, Airplane-Friendly Sizes</p><p>$19.99</p><a href="https://www.amazon.com/dp/B08T7DSZYD?tag=eloabder-20&linkCode=osi&th=1&psc=1">View Product</a></div><div class="product"><a href="https://www.amazon.com/dp/B0BSYX57T2?tag=eloabder-20&linkCode=osi&th=1&psc=1"><img src="https://m.media-amazon.com/images/I/31ssRlEo5QL._SL500_.jpg" alt="Product Image"></a><p>Bubble Skincare Bounce Back Balancing Facial Toner Mist - Hydrating Toner Spray + Pore Minimizer Made with Sea Water and Niacinamide to Help Improve Texture & Radiance (55ml)</p><p>$12.99 ($7.22 / Fl Oz)</p><a href="https://www.amazon.com/dp/B0BSYX57T2?tag=eloabder-20&linkCode=osi&th=1&psc=1">View Product</a></div><div class="product"><a href="https://www.amazon.com/dp/B000VPPUEA?tag=eloabder-20&linkCode=osi&th=1&psc=1"><img src="https://m.media-amazon.com/images/I/31e4JzjWhkL._SL500_.jpg" alt="Product Image"></a><p>Bio-Oil Skincare Body Oil, Vitamin E, Serum for Scars & Stretchmarks, Face & Body Moisturizer, 2 oz, All Skin Types</p><p>$11.12 ($5.56 / Fl Oz)</p><a href="https://www.amazon.com/dp/B000VPPUEA?tag=eloabder-20&linkCode=osi&th=1&psc=1">View Product</a></div><div class="product"><a href="https://www.amazon.com/dp/B0C2JPBNFX?tag=eloabder-20&linkCode=osi&th=1&psc=1"><img src="https://m.media-amazon.com/images/I/51LF1OXoo0L._SL500_.jpg" alt="Product Image"></a><p>Celavi K-Beauty Skincare Essence Facial Face Mask Korea Skin Care Moisturizing B Set 12 Pack</p><p>$9.99 ($0.83 / Count)</p><a href="https://www.amazon.com/dp/B0C2JPBNFX?tag=eloabder-20&linkCode=osi&th=1&psc=1">View Product</a></div><div class="product"><a href="https://www.amazon.com/dp/B0BSYJYQY2?tag=eloabder-20&linkCode=osi&th=1&psc=1"><img src="https://m.media-amazon.com/images/I/31aQkQwjJYL._SL500_.jpg" alt="Product Image"></a><p>Bubble Skincare Level Up Balancing Face Moisturizer - Hydrating Gel Moisturizer Formulated with Zinc PCA + Niacinamide for Improved Texture & Radiance - Skin Care for Oily or Combination Skin (50ml)</p><p>$14.99 ($8.87 / Fl Oz)</p><a href="https://www.amazon.com/dp/B0BSYJYQY2?tag=eloabder-20&linkCode=osi&th=1&psc=1">View Product</a></div><div class="product"><a href="https://www.amazon.com/dp/B0B826XRPH?tag=eloabder-20&linkCode=osi&th=1&psc=1"><img src="https://m.media-amazon.com/images/I/516nsOEA-mL._SL500_.jpg" alt="Product Image"></a><p>AURUZA Ice Face Roller and Gua Sha Set, Ice Roller for Face & Eye Puffiness Relief Beauty Facial Rollers Mold Icing Massage Skin Care Tools for Brighten Lubricate Shrink Pores Remove Fine Lines</p><p>$5.49</p><a href="https://www.amazon.com/dp/B0B826XRPH?tag=eloabder-20&linkCode=osi&th=1&psc=1">View Product</a></div><div class="product"><a href="https://www.amazon.com/dp/B0BS8Y2FLK?tag=eloabder-20&linkCode=osi&th=1&psc=1"><img src="https://m.media-amazon.com/images/I/41CX-bGjaRL._SL500_.jpg" alt="Product Image"></a><p>PEAUAMIE Under Eye Patches (30 Pairs) Gold Eye Mask and Hyaluronic Acid Eye Patches for puffy eyes,Rose Eye Masks for Dark Circles and Puffiness under eye skin care Smooth Wrinkles products</p><p>$9.99 ($0.33 / Count)</p><a href="https://www.amazon.com/dp/B0BS8Y2FLK?tag=eloabder-20&linkCode=osi&th=1&psc=1">View Product</a></div><div class="product"><a href="https://www.amazon.com/dp/B09NXS395V?tag=eloabder-20&linkCode=osi&th=1&psc=1"><img src="https://m.media-amazon.com/images/I/41ZHn0qwWwL._SL500_.jpg" alt="Product Image"></a><p>NAZANO Under Eye Patches - 60 Pcs - 24K Gold Eye Mask- Puffy Eyes & Dark Circles Treatments,Reduce Under Eye Bags and Smooth Wrinkles,Eye Skin Care Pads With Collagen,Hyaluronic Acid & Castor Oil</p><p>$8.99 ($0.30 / Count)</p><a href="https://www.amazon.com/dp/B09NXS395V?tag=eloabder-20&linkCode=osi&th=1&psc=1">View Product</a></div>
<div class="product"><a href="https://www.amazon.com/dp/B01N9SPQHQ?tag=eloabder-20&linkCode=osi&th=1&psc=1"><img src="https://m.media-amazon.com/images/I/41NHgWAaYAL._SL500_.jpg" alt="Product Image"></a><p>La Roche-Posay Toleriane Double Repair Face Moisturizer, Daily Moisturizer Face Cream with Ceramide and Niacinamide for All Skin Types, Oil Free, Fragrance Free</p><p>$23.99 ($7.10 / Fl Oz)</p><a href="https://www.amazon.com/dp/B01N9SPQHQ?tag=eloabder-20&linkCode=osi&th=1&psc=1">View Product</a></div><div class="product"><a href="https://www.amazon.com/dp/B00TTD9BRC?tag=eloabder-20&linkCode=osi&th=1&psc=1"><img src="https://m.media-amazon.com/images/I/41Kc6H7fboL._SL500_.jpg" alt="Product Image"></a><p>CeraVe Moisturizing Cream | Body and Face Moisturizer for Dry Skin | Body Cream with Hyaluronic Acid and Ceramides | Daily Moisturizer | Oil-Free | Fragrance Free | Non-Comedogenic | 19 Ounce</p><p>$17.78 ($0.94 / Ounce)</p><a href="https://www.amazon.com/dp/B00TTD9BRC?tag=eloabder-20&linkCode=osi&th=1&psc=1">View Product</a></div><div class="product"><a href="https://www.amazon.com/dp/B00NR1YQHM?tag=eloabder-20&linkCode=osi&th=1&psc=1"><img src="https://m.media-amazon.com/images/I/41yzZFTW63L._SL500_.jpg" alt="Product Image"></a><p>Neutrogena Hydro Boost Face Moisturizer with Hyaluronic Acid for Dry Skin, Oil-Free and Non-Comedogenic Water Gel Face Lotion, 1.7 oz</p><p>$13.31 ($7.83 / Ounce)</p><a href="https://www.amazon.com/dp/B00NR1YQHM?tag=eloabder-20&linkCode=osi&th=1&psc=1">View Product</a></div><div class="product"><a href="https://www.amazon.com/dp/B00HNSSPHC?tag=eloabder-20&linkCode=osi&th=1&psc=1"><img src="https://m.media-amazon.com/images/I/41rWFzQZdOL._SL500_.jpg" alt="Product Image"></a><p>Neutrogena Triple Age Repair Anti-Aging Daily Facial Moisturizer with SPF 25 Sunscreen & Vitamin C, Firming Anti-Wrinkle Face & Neck Cream for Dark Spots, Glycerin & Shea Butter, 1.7 oz</p><p>$19.56 ($11.51 / Ounce)</p><a href="https://www.amazon.com/dp/B00HNSSPHC?tag=eloabder-20&linkCode=osi&th=1&psc=1">View Product</a></div><div class="product"><a href="https://www.amazon.com/dp/B000YJ2SLG?tag=eloabder-20&linkCode=osi&th=1&psc=1"><img src="https://m.media-amazon.com/images/I/31J9bWXnQ+L._SL500_.jpg" alt="Product Image"></a><p>CeraVe Daily Moisturizing Lotion for Dry Skin | Body Lotion & Face Moisturizer with Hyaluronic Acid and Ceramides | Daily Moisturizer | Fragrance Free | Oil-Free | 12 Ounce</p><p>$13.68 ($1.14 / Fl Oz)</p><a href="https://www.amazon.com/dp/B000YJ2SLG?tag=eloabder-20&linkCode=osi&th=1&psc=1">View Product</a></div><div class="product"><a href="https://www.amazon.com/dp/B099N1LC4R?tag=eloabder-20&linkCode=osi&th=1&psc=1"><img src="https://m.media-amazon.com/images/I/41lZIG8wQNL._SL500_.jpg" alt="Product Image"></a><p>Cetaphil Face & Body Moisturizer, Hydrating Moisturizing Cream For Dry To Very Dry, Sensitive Skin, NEW 20 Oz, Fragrance Free, Non-Comedogenic, Non-Greasy (Packaging May Vary)</p><p>$15.97 ($0.80 / Ounce)</p><a href="https://www.amazon.com/dp/B099N1LC4R?tag=eloabder-20&linkCode=osi&th=1&psc=1">View Product</a></div><div class="product"><a href="https://www.amazon.com/dp/B01H20MA62?tag=eloabder-20&linkCode=osi&th=1&psc=1"><img src="https://m.media-amazon.com/images/I/41xuvNUpUML._SL500_.jpg" alt="Product Image"></a><p>Cetaphil Face & Body Moisturizer, Hydrating Moisturizing Cream for Dry to Very Dry, Sensitive Skin, NEW 16 Oz 2 Pack, Fragrance Free, Non-Comedogenic, Non-Greasy</p><p>$19.48 ($0.61 / Ounce)</p><a href="https://www.amazon.com/dp/B01H20MA62?tag=eloabder-20&linkCode=osi&th=1&psc=1">View Product</a></div><div class="product"><a href="https://www.amazon.com/dp/B01NCWV3KM?tag=eloabder-20&linkCode=osi&th=1&psc=1"><img src="https://m.media-amazon.com/images/I/41Q1ESUhSeL._SL500_.jpg" alt="Product Image"></a><p>La Roche-Posay Toleriane Double Repair UV SPF Moisturizer for Face, Daily Facial Moisturizer with Sunscreen SPF 30, Niacinamide and Glycerin, Oil Free, Moisturizing Sun Protection</p><p>$24.99 ($10.00 / Fl Oz)</p><a href="https://www.amazon.com/dp/B01NCWV3KM?tag=eloabder-20&linkCode=osi&th=1&psc=1">View Product</a></div>
<div class="product"><a href="https://www.amazon.com/dp/B07P5TMHD9?tag=eloabder-20&linkCode=osi&th=1&psc=1"><img src="https://m.media-amazon.com/images/I/51xr2lw0Y7L._SL500_.jpg" alt="Product Image"></a><p>Vitamin C Face Serum - Dark Spot Remover Facial Serum, Vit C Serum with Hyaluronic Acid, Ferulic Acid, & Vit E - Anti Aging and Skin Brightening Serum, Pure Vitamin C Serum Skin Care</p><p>$9.98</p><a href="https://www.amazon.com/dp/B07P5TMHD9?tag=eloabder-20&linkCode=osi&th=1&psc=1">View Product</a></div><div class="product"><a href="https://www.amazon.com/dp/B014PGEEO2?tag=eloabder-20&linkCode=osi&th=1&psc=1"><img src="https://m.media-amazon.com/images/I/51v+djIfQGL._SL500_.jpg" alt="Product Image"></a><p>Tree of Life Facial Serum Set for Face, Brightening, Firming, Hydrating, Dry Skin, Dermatologist Tested - Trio Power Skin Care Set, Vitamin C, Retinol and Hyaluronic Acid, 3 count of 1 Fl Oz</p><p>$19.99 ($6.66 / Fl Oz)</p><a href="https://www.amazon.com/dp/B014PGEEO2?tag=eloabder-20&linkCode=osi&th=1&psc=1">View Product</a></div><div class="product"><a href="https://www.amazon.com/dp/B08R994Q1L?tag=eloabder-20&linkCode=osi&th=1&psc=1"><img src="https://m.media-amazon.com/images/I/418KUv8uVkL._SL500_.jpg" alt="Product Image"></a><p>Good Molecules Niacinamide Serum - 10% Niacinamide Balancing B3 Facial Serum for Acne, Tone, Texture - Brightening and Hydrating Skincare for Face</p><p>$6.00</p><a href="https://www.amazon.com/dp/B08R994Q1L?tag=eloabder-20&linkCode=osi&th=1&psc=1">View Product</a></div><div class="product"><a href="https://www.amazon.com/dp/B07VWSN95S?tag=eloabder-20&linkCode=osi&th=1&psc=1"><img src="https://m.media-amazon.com/images/I/411Y0nzh9zL._SL500_.jpg" alt="Product Image"></a><p>CeraVe Retinol Serum for Post-Acne Marks and Skin Texture | Pore Refining, Resurfacing, Brightening Facial Serum with Retinol and Niacinamide | Fragrance Free, Paraben Free & Non-Comedogenic| 1 Oz</p><p>$18.68</p><a href="https://www.amazon.com/dp/B07VWSN95S?tag=eloabder-20&linkCode=osi&th=1&psc=1">View Product</a></div><div class="product"><a href="https://www.amazon.com/dp/B08L8B5JR2?tag=eloabder-20&linkCode=osi&th=1&psc=1"><img src="https://m.media-amazon.com/images/I/51Ee0RzYONL._SL500_.jpg" alt="Product Image"></a><p>Vibriance Super C Serum for Mature Skin, Made in USA, All-In-One Formula Hydrates, Firms, Lifts, Smooths, Targets Age Spots, Wrinkles, Vitamin C Serum; 1 fl oz</p><p>$32.90</p><a href="https://www.amazon.com/dp/B08L8B5JR2?tag=eloabder-20&linkCode=osi&th=1&psc=1">View Product</a></div><div class="product"><a href="https://www.amazon.com/dp/B0CLLV2T1P?tag=eloabder-20&linkCode=osi&th=1&psc=1"><img src="https://m.media-amazon.com/images/I/31ZBa-zgbjL._SL500_.jpg" alt="Product Image"></a><p>Anua 10% Niacinamide+ 4% Tranexamic Acid Serum, Ceramide, Hyaluronic Acid, Vitamin B12 natural color, for Sensitive skin, Korean Glass Skin, Fragrance-Free (30ml /1.01 fl.oz.)</p><p>$19.00 ($18.81 / Fl Oz)</p><a href="https://www.amazon.com/dp/B0CLLV2T1P?tag=eloabder-20&linkCode=osi&th=1&psc=1">View Product</a></div><div class="product"><a href="https://www.amazon.com/dp/B08TM8DLFJ?tag=eloabder-20&linkCode=osi&th=1&psc=1"><img src="https://m.media-amazon.com/images/I/41g0Mg7pRIL._SL500_.jpg" alt="Product Image"></a><p>Good Molecules Hyaluronic Acid Serum - Hydrating, Non-greasy formula to Moisturize, Plump - 1% HA, Anti-aging, Water-Based Skincare for Face</p><p>$6.00 ($6.00 / Fl Oz)</p><a href="https://www.amazon.com/dp/B08TM8DLFJ?tag=eloabder-20&linkCode=osi&th=1&psc=1">View Product</a></div><div class="product"><a href="https://www.amazon.com/dp/B01B5G45R6?tag=eloabder-20&linkCode=osi&th=1&psc=1"><img src="https://m.media-amazon.com/images/I/51JgyVg967L._SL500_.jpg" alt="Product Image"></a><p>artnaturals Anti-Aging-Set with Vitamin-C Retinol and Hyaluronic-Acid - (3 x 1 Fl Oz / 30ml) Serum for Anti Wrinkle and Dark Circle Remover – All Natural and Moisturizing</p><p>$24.95 ($8.32 / Fl Oz)</p><a href="https://www.amazon.com/dp/B01B5G45R6?tag=eloabder-20&linkCode=osi&th=1&psc=1">View Product</a></div><div class="product"><a href="https://www.amazon.com/dp/B086VKZZZY?tag=eloabder-20&linkCode=osi&th=1&psc=1"><img src="https://m.media-amazon.com/images/I/31l7jUL7jOL._SL500_.jpg" alt="Product Image"></a><p>Beauty of Joseon Glow Serum Propolis and Niacinamide Hydrating Facial Soothing Moisturizer for Irritated Uneven Skin Tone, Korean Skin Care 30ml, 1 fl.oz</p><p>$13.60 ($13.47 / Fl Oz)</p><a href="https://www.amazon.com/dp/B086VKZZZY?tag=eloabder-20&linkCode=osi&th=1&psc=1">View Product</a></div>
<div class="product"><a href="https://www.amazon.com/dp/B0CYGT3CR4?tag=eloabder-20&linkCode=osi&th=1&psc=1"><img src="https://m.media-amazon.com/images/I/51LbfzrqiUL._SL500_.jpg" alt="Product Image"></a><p>KONEUK 14 Pack Sheet Face Masks Skincare for All Skin Types, Hydrating Face Masks Suitable for Sensitive Skin, Bulk Facial Mask Set for Women Skin Care, Face Mask Gifts Set for Face Spa</p><p>$8.99 ($0.64 / Count)</p><a href="https://www.amazon.com/dp/B0CYGT3CR4?tag=eloabder-20&linkCode=osi&th=1&psc=1">View Product</a></div><div class="product"><a href="https://www.amazon.com/dp/B01N37AK8V?tag=eloabder-20&linkCode=osi&th=1&psc=1"><img src="https://m.media-amazon.com/images/I/41zyExDkGCL._SL500_.jpg" alt="Product Image"></a><p>Ebanel 10 Pack Collagen Face Mask, Instant Brightening & Hydrating Face Sheet Mask with Aloe Vera, Hyaluronic Acid, Vitamin C and E, Chamomile, Anti Aging Face Mask with Hydrolyzed Collagen, Peptide</p><p>$13.99 ($1.40 / Count)</p><a href="https://www.amazon.com/dp/B01N37AK8V?tag=eloabder-20&linkCode=osi&th=1&psc=1">View Product</a></div><div class="product"><a href="https://www.amazon.com/dp/B07C3NBJ33?tag=eloabder-20&linkCode=osi&th=1&psc=1"><img src="https://m.media-amazon.com/images/I/51DMM9KU+AL._SL500_.jpg" alt="Product Image"></a><p>GLAM UP Premium Facial Sheet Mask 12 Combo (Pack of 12) | Clean Face Masks Skincare, Hydrating Face Masks, Moisturizing, Soothing, Beauty Mask For All Skin Type Variety Beauty Mask Set</p><p>$13.20 ($1.10 / Count)</p><a href="https://www.amazon.com/dp/B07C3NBJ33?tag=eloabder-20&linkCode=osi&th=1&psc=1">View Product</a></div><div class="product"><a href="https://www.amazon.com/dp/B0B5XTMJMJ?tag=eloabder-20&linkCode=osi&th=1&psc=1"><img src="https://m.media-amazon.com/images/I/61voysA0eEL._SL500_.jpg" alt="Product Image"></a><p>Meleell Collagen Sheet Face Masks Skincare Bulk Pack,Hydrating Spa Face Mask For Sensitive Skin,Anti Aging Facial Masks Sets For Women/Teen Girls(40 Combo Pack)</p><p>$25.99 ($0.65 / Count)</p><a href="https://www.amazon.com/dp/B0B5XTMJMJ?tag=eloabder-20&linkCode=osi&th=1&psc=1">View Product</a></div><div class="product"><a href="https://www.amazon.com/dp/B0CR6NHHVL?tag=eloabder-20&linkCode=osi&th=1&psc=1"><img src="https://m.media-amazon.com/images/I/514yWBJNkFL._SL500_.jpg" alt="Product Image"></a><p>Kaely 10 Pack Variety Sheet Masks,Spa Face Masks for Kids Skin Care,Facial Mask Skincare Set Korean,Moisturize,Brighten,Nourish for All Skin Types,Birthday Gifts for Women Men Boys Girls,Set01</p><p>$8.99 ($0.90 / Count)</p><a href="https://www.amazon.com/dp/B0CR6NHHVL?tag=eloabder-20&linkCode=osi&th=1&psc=1">View Product</a></div><div class="product"><a href="https://www.amazon.com/dp/B086V843R8?tag=eloabder-20&linkCode=osi&th=1&psc=1"><img src="https://m.media-amazon.com/images/I/410evC+SQHL._SL500_.jpg" alt="Product Image"></a><p>ANAI RUI Turmeric Clay Mask - Green Tea Clay Mask - Dead Sea Minerals Mud Mask, Spa Facial Mask Set, Face Mask Gift Set 2.5 oz each</p><p>$22.99</p><a href="https://www.amazon.com/dp/B086V843R8?tag=eloabder-20&linkCode=osi&th=1&psc=1">View Product</a></div><div class="product"><a href="https://www.amazon.com/dp/B07JMTMHGS?tag=eloabder-20&linkCode=osi&th=1&psc=1"><img src="https://m.media-amazon.com/images/I/41PeKCZ7NtL._SL500_.jpg" alt="Product Image"></a><p>LAPCOS Aloe Sheet Mask, Daily Face Mask with Cucumber and Aloe Gel to Calm and Moisturize Skin, Korean Beauty Favorite, 5-Pack</p><p>$20.00 ($4.00 / count)</p><a href="https://www.amazon.com/dp/B07JMTMHGS?tag=eloabder-20&linkCode=osi&th=1&psc=1">View Product</a></div><div class="product"><a href="https://www.amazon.com/dp/B0CMQKTJDQ?tag=eloabder-20&linkCode=osi&th=1&psc=1"><img src="https://m.media-amazon.com/images/I/51oosdS4y8L._SL500_.jpg" alt="Product Image"></a><p>VESPRO 100 Pack Collagen Essence Sheet Facial Masks, Bulk Face Masks Skincare, Hydrating Face Masks for All Skin Types, Moisturizing and Soothing, Natural Skin Care Spa Face Mask</p><p>$45.99 ($0.46 / Count)</p><a href="https://www.amazon.com/dp/B0CMQKTJDQ?tag=eloabder-20&linkCode=osi&th=1&psc=1">View Product</a></div><div class="product"><a href="https://www.amazon.com/dp/B0B41LVMJ3?tag=eloabder-20&linkCode=osi&th=1&psc=1"><img src="https://m.media-amazon.com/images/I/51xduFirI6L._SL500_.jpg" alt="Product Image"></a><p>#OOTD Collagen Hydrating Sheet Masks for Face Korean Anti Aging Mask Sheet for Dry Skin & Sensitive Skin, EVE Vegan, Not Tested on Animals, No Parabens, No Sulfates, Hyaluronic Acid, Witch Hazel 10EA</p><p>$18.00 ($1.80 / Count)</p><a href="https://www.amazon.com/dp/B0B41LVMJ3?tag=eloabder-20&linkCode=osi&th=1&psc=1">View Product</a></div>
<div class="product"><a href="https://www.amazon.com/dp/B01N34XW93?tag=eloabder-20&linkCode=osi&th=1&psc=1"><img src="https://m.media-amazon.com/images/I/31OMOTCxlmL._SL500_.jpg" alt="Product Image"></a><p>La Roche-Posay Toleriane Purifying Foaming Facial Cleanser, Oil Free Face Wash for Oily Skin and for Sensitive Skin with Niacinamide, Pore Cleanser Won’t Dry Out Skin, Unscented</p><p>$17.99 ($1.33 / Fl Oz)</p><a href="https://www.amazon.com/dp/B01N34XW93?tag=eloabder-20&linkCode=osi&th=1&psc=1">View Product</a></div><div class="product"><a href="https://www.amazon.com/dp/B01MSSDEPK?tag=eloabder-20&linkCode=osi&th=1&psc=1"><img src="https://m.media-amazon.com/images/I/41YuSwjJUIL._SL500_.jpg" alt="Product Image"></a><p>CeraVe Hydrating Facial Cleanser | Moisturizing Face Wash For Dry Skin | Hyaluronic Acid + Ceramides + Glycerin | Hydrating Cleanser For Normal To Dry Skin | National Eczema Assosiation Certified</p><p>$15.48 ($0.97 / Fl Oz)</p><a href="https://www.amazon.com/dp/B01MSSDEPK?tag=eloabder-20&linkCode=osi&th=1&psc=1">View Product</a></div><div class="product"><a href="https://www.amazon.com/dp/B01N7T7JKJ?tag=eloabder-20&linkCode=osi&th=1&psc=1"><img src="https://m.media-amazon.com/images/I/31VXK3y1KYL._SL500_.jpg" alt="Product Image"></a><p>La Roche-Posay Toleriane Hydrating Gentle Face Cleanser, Daily Facial Cleanser with Niacinamide and Ceramides for Sensitive Skin, Moisturizing Face Wash for Normal to Dry Skin, Fragrance Free</p><p>$17.99 ($1.33 / Fl Oz)</p><a href="https://www.amazon.com/dp/B01N7T7JKJ?tag=eloabder-20&linkCode=osi&th=1&psc=1">View Product</a></div><div class="product"><a href="https://www.amazon.com/dp/B01N1LL62W?tag=eloabder-20&linkCode=osi&th=1&psc=1"><img src="https://m.media-amazon.com/images/I/41kwN8dWWzL._SL500_.jpg" alt="Product Image"></a><p>CeraVe Foaming Facial Cleanser | Daily Face Wash for Oily Skin with Hyaluronic Acid, Ceramides, and Niacinamide| Fragrance Free | 16 Fluid Ounce</p><p>$15.19 ($0.95 / Fl Oz)</p><a href="https://www.amazon.com/dp/B01N1LL62W?tag=eloabder-20&linkCode=osi&th=1&psc=1">View Product</a></div><div class="product"><a href="https://www.amazon.com/dp/B00U1YCRD8?tag=eloabder-20&linkCode=osi&th=1&psc=1"><img src="https://m.media-amazon.com/images/I/31LVb8KvKwL._SL500_.jpg" alt="Product Image"></a><p>CeraVe SA Cleanser | Salicylic Acid Cleanser with Hyaluronic Acid, Niacinamide & Ceramides| BHA Exfoliant for Face | Fragrance Free Non-Comedogenic | 8 Ounce</p><p>$12.37 ($1.55 / Ounce)</p><a href="https://www.amazon.com/dp/B00U1YCRD8?tag=eloabder-20&linkCode=osi&th=1&psc=1">View Product</a></div><div class="product"><a href="https://www.amazon.com/dp/B0BVV8BNYJ?tag=eloabder-20&linkCode=osi&th=1&psc=1"><img src="https://m.media-amazon.com/images/I/31tSZvBReoL._SL500_.jpg" alt="Product Image"></a><p>ANUA Heartleaf Quercetinol Pore Deep Cleansing Foam, Facial Cleanser, for Double Cleansing, BHA, Hyaluronic Acid, Glycerin, Face Wash, Blackhead Remover, Korean Skincare (150ml/5.07 fl.oz.)</p><p>$13.00 ($2.56 / Fl Oz)</p><a href="https://www.amazon.com/dp/B0BVV8BNYJ?tag=eloabder-20&linkCode=osi&th=1&psc=1">View Product</a></div><div class="product"><a href="https://www.amazon.com/dp/B00QY1XZ4W?tag=eloabder-20&linkCode=osi&th=1&psc=1"><img src="https://m.media-amazon.com/images/I/319pG+OQZxL._SL500_.jpg" alt="Product Image"></a><p>Vanicream Gentle Facial Cleanser with Pump Dispenser - 8 fl oz - Formulated Without Common Irritants for Those with Sensitive Skin</p><p>$8.86 ($1.11 / Fl Oz)</p><a href="https://www.amazon.com/dp/B00QY1XZ4W?tag=eloabder-20&linkCode=osi&th=1&psc=1">View Product</a></div><div class="product"><a href="https://www.amazon.com/dp/B016NRXO06?tag=eloabder-20&linkCode=osi&th=1&psc=1"><img src="https://m.media-amazon.com/images/I/31jSFIvh2TS._SL500_.jpg" alt="Product Image"></a><p>COSRX Low pH Good Morning Gel Cleanser, Daily Mild Face Cleanser for Sensitive Skin with BHA & Tea-Tree Oil, PH Balancing, Korean Skincare (5.07fl.oz/150ml)</p><p>$11.49 ($2.27 / Fl Oz)</p><a href="https://www.amazon.com/dp/B016NRXO06?tag=eloabder-20&linkCode=osi&th=1&psc=1">View Product</a></div><div class="product"><a href="https://www.amazon.com/dp/B09Y4HHY1P?tag=eloabder-20&linkCode=osi&th=1&psc=1"><img src="https://m.media-amazon.com/images/I/41Crw80Q3yL._SL500_.jpg" alt="Product Image"></a><p>Cetaphil Face Wash, Daily Facial Cleanser for Sensitive, Combination to Oily Skin, NEW 16 oz, Fragrance Free, Gentle Foaming, Soap Free, Hypoallergenic (Packaging May Vary)</p><p>$11.97 ($0.75 / Fl Oz)</p><a href="https://www.amazon.com/dp/B09Y4HHY1P?tag=eloabder-20&linkCode=osi&th=1&psc=1">View Product</a></div><div class="product"><a href="https://www.amazon.com/dp/B0BN2PX8V3?tag=eloabder-20&linkCode=osi&th=1&psc=1"><img src="https://m.media-amazon.com/images/I/31n4TECLwuL._SL500_.jpg" alt="Product Image"></a><p>ANUA Heartleaf Pore Control Cleansing Oil, Oil Cleanser for Face, Makeup Blackhead Remover, Korean Skin Care 6.76 fl oz(200ml) (original)</p><p>$17.69 ($2.64 / Fl Oz)</p><a href="https://www.amazon.com/dp/B0BN2PX8V3?tag=eloabder-20&linkCode=osi&th=1&psc=1">View Product</a></div>
<div class="product"><a href="https://www.amazon.com/dp/B08CMS8P67?tag=eloabder-20&linkCode=osi&th=1&psc=1"><img src="https://m.media-amazon.com/images/I/31LVyuSsJEL._SL500_.jpg" alt="Product Image"></a><p>Anua Heartleaf 77 Soothing Toner I pH 5.5 Trouble Care, Calming Skin, Refreshing, Hydrating, Purifying, Cruelty Free, Vegan,(250ml / 8.45 fl.oz.)</p><p>$19.69 ($2.33 / Fl Oz)</p><a href="https://www.amazon.com/dp/B08CMS8P67?tag=eloabder-20&linkCode=osi&th=1&psc=1">View Product</a></div><div class="product"><a href="https://www.amazon.com/dp/B09LKXR62L?tag=eloabder-20&linkCode=osi&th=1&psc=1"><img src="https://m.media-amazon.com/images/I/31D6ydy59dL._SL500_.jpg" alt="Product Image"></a><p>CeraVe Hydrating Toner for Face Non-Alcoholic with Hyaluronic Acid, Niacinamide, and Ceramides for Sensitive Dry Skin, Fragrance-Free Non Comedogenic, Full Size, 6.8 Fl Oz</p><p>$9.86 ($1.45 / Ounce)</p><a href="https://www.amazon.com/dp/B09LKXR62L?tag=eloabder-20&linkCode=osi&th=1&psc=1">View Product</a></div><div class="product"><a href="https://www.amazon.com/dp/B0CG1H8YRS?tag=eloabder-20&linkCode=osi&th=1&psc=1"><img src="https://m.media-amazon.com/images/I/31OZES5j9LL._SL500_.jpg" alt="Product Image"></a><p>TIRTIR Milk Skin Rice Toner | Deep Moisturizing, Instant Glow, 2% Niacinamide, Rice Bran Extract, Ceramide, Panthenol, Cruelty-Free, Fungal Acne Friendly, Vegan, 5.07 fl.oz.</p><p>$24.99 ($4.93 / Fl Oz)</p><a href="https://www.amazon.com/dp/B0CG1H8YRS?tag=eloabder-20&linkCode=osi&th=1&psc=1">View Product</a></div><div class="product"><a href="https://www.amazon.com/dp/B007HD570Q?tag=eloabder-20&linkCode=osi&th=1&psc=1"><img src="https://m.media-amazon.com/images/I/31uC8ENEVqL._SL500_.jpg" alt="Product Image"></a><p>Thayers Alcohol-Free, Hydrating Rose Petal Witch Hazel Facial Toner with Aloe Vera Formula, Vegan, Dermatologist Tested and Recommended, 12 Oz</p><p>$10.53 ($0.88 / Fl Oz)</p><a href="https://www.amazon.com/dp/B007HD570Q?tag=eloabder-20&linkCode=osi&th=1&psc=1">View Product</a></div><div class="product"><a href="https://www.amazon.com/dp/B01LZK411L?tag=eloabder-20&linkCode=osi&th=1&psc=1"><img src="https://m.media-amazon.com/images/I/31la+He5vRL._SL500_.jpg" alt="Product Image"></a><p>ACWELL Licorice pH Balancing Korean Toner for Cleansing 5.07 fl.oz. - Alcohol-Free PH5.5 Hydrating Facial Astringent - Skin Clarifying & Hydration Boosting Toner</p><p>$16.00 ($3.14 / Fl Oz)</p><a href="https://www.amazon.com/dp/B01LZK411L?tag=eloabder-20&linkCode=osi&th=1&psc=1">View Product</a></div><div class="product"><a href="https://www.amazon.com/dp/B07BYJF7L7?tag=eloabder-20&linkCode=osi&th=1&psc=1"><img src="https://m.media-amazon.com/images/I/31+G3Xc+J7L._SL500_.jpg" alt="Product Image"></a><p>SOME BY MI AHA BHA PHA 30 Days Miracle Toner - 5.07Oz, 150ml - Made from Tea Tree Water for Sensitive Skin - Mild Exfoliating Daily Face Toner - Skin Wastes, Sebum and Oiliness Care - Korean Skin Care</p><p>$12.00 ($2.37 / Fl Oz)</p><a href="https://www.amazon.com/dp/B07BYJF7L7?tag=eloabder-20&linkCode=osi&th=1&psc=1">View Product</a></div><div class="product"><a href="https://www.amazon.com/dp/B00LO2RO7K?tag=eloabder-20&linkCode=osi&th=1&psc=1"><img src="https://m.media-amazon.com/images/I/31Wb52+KYzL._SL500_.jpg" alt="Product Image"></a><p>La Roche-Posay Effaclar Clarifying Solution Acne Toner with Salicylic Acid and Glycolic Acid, Pore Refining Oily Skin Toner, Gentle Exfoliant to Unclog Pores and Remove Dead Skin Cells</p><p>$16.99 ($2.51 / Fl Oz)</p><a href="https://www.amazon.com/dp/B00LO2RO7K?tag=eloabder-20&linkCode=osi&th=1&psc=1">View Product</a></div><div class="product"><a href="https://www.amazon.com/dp/B008EPPIQ4?tag=eloabder-20&linkCode=osi&th=1&psc=1"><img src="https://m.media-amazon.com/images/I/31-lQL0AkZL._SL500_.jpg" alt="Product Image"></a><p>Paula's Choice Skin Balancing Pore-Reducing Toner for Combination and Oily Skin, Minimizes Large Pores, 6.4 Fluid Ounce Bottle</p><p>$26.00 ($4.06 / Fl Oz)</p><a href="https://www.amazon.com/dp/B008EPPIQ4?tag=eloabder-20&linkCode=osi&th=1&psc=1">View Product</a></div><div class="product"><a href="https://www.amazon.com/dp/B073P6BPF5?tag=eloabder-20&linkCode=osi&th=1&psc=1"><img src="https://m.media-amazon.com/images/I/31hqlVDLizL._SL500_.jpg" alt="Product Image"></a><p>COSRX AHA/BHA Clarifying Treatment Toner, 5.07 fl.oz / 150ml | Exfoliating Facial Spray | Korean Skin Care, Hydrating, Mild Exfoliation, Vegan, Animal Testing Free, Paraben Free</p><p>$10.75 ($2.11 / Fl Oz)</p><a href="https://www.amazon.com/dp/B073P6BPF5?tag=eloabder-20&linkCode=osi&th=1&psc=1">View Product</a></div>
<div class="product"><a href="https://www.amazon.com/dp/B07C5SS6YD?tag=eloabder-20&linkCode=osi&th=1&psc=1"><img src="https://m.media-amazon.com/images/I/31tzIszvgAL._SL500_.jpg" alt="Product Image"></a><p>Paula's Choice Skin Perfecting 2% BHA Liquid Salicylic Acid Exfoliant, Gentle Facial Exfoliator for Blackheads, Large Pores, Wrinkles & Fine Lines, Travel Size, 1 Fluid Ounce</p><p>$14.00</p><a href="https://www.amazon.com/dp/B07C5SS6YD?tag=eloabder-20&linkCode=osi&th=1&psc=1">View Product</a></div><div class="product"><a href="https://www.amazon.com/dp/B07VW3YSWH?tag=eloabder-20&linkCode=osi&th=1&psc=1"><img src="https://m.media-amazon.com/images/I/410j9ZFktHL._SL500_.jpg" alt="Product Image"></a><p>Tree Hut Vitamin C Shea Sugar Scrub, 18 oz, Ultra Hydrating and Exfoliating Scrub for Nourishing Essential Body Care</p><p>$8.94 ($0.50 / Ounce)</p><a href="https://www.amazon.com/dp/B07VW3YSWH?tag=eloabder-20&linkCode=osi&th=1&psc=1">View Product</a></div><div class="product"><a href="https://www.amazon.com/dp/B07NHZP4FW?tag=eloabder-20&linkCode=osi&th=1&psc=1"><img src="https://m.media-amazon.com/images/I/41znKaYV17L._SL500_.jpg" alt="Product Image"></a><p>Seraphic Skincare (Original) Premium Exfoliating Mitt for Body (2pc) – 100% Vegan Viscose Traditional Body Scrub Glove Kessa Korean Washcloth – Body Exfoliator for Self-Tan Removal & Keratosis Pilaris</p><p>$12.99 ($6.50 / Count)</p><a href="https://www.amazon.com/dp/B07NHZP4FW?tag=eloabder-20&linkCode=osi&th=1&psc=1">View Product</a></div><div class="product"><a href="https://www.amazon.com/dp/B001VMJSCW?tag=eloabder-20&linkCode=osi&th=1&psc=1"><img src="https://m.media-amazon.com/images/I/31N7x4-aJAL._SL500_.jpg" alt="Product Image"></a><p>Dermalogica Daily Microfoliant, Face Exfoliator Scrub Powder with Salicylic Acid and Papaya Enzyme, Achieve Brighter, Smoother Skin Daily, 0.45 Oz</p><p>$19.00 ($42.22 / Ounce)</p><a href="https://www.amazon.com/dp/B001VMJSCW?tag=eloabder-20&linkCode=osi&th=1&psc=1">View Product</a></div><div class="product"><a href="https://www.amazon.com/dp/B09Q88TVGJ?tag=eloabder-20&linkCode=osi&th=1&psc=1"><img src="https://m.media-amazon.com/images/I/31jQFJt0t7L._SL500_.jpg" alt="Product Image"></a><p>tingl Face and Body Exfoliator Pads - Anti Aging Acne Treatment with Glycolic Acid, Lactic Acid, and Salicylic Acid - Pore Minimizer, Oil Cleanser, Blackhead Remover and Skin Exfoliator in One</p><p>$38.00 ($38.00 / Count)</p><a href="https://www.amazon.com/dp/B09Q88TVGJ?tag=eloabder-20&linkCode=osi&th=1&psc=1">View Product</a></div><div class="product"><a href="https://www.amazon.com/dp/B0BNWXFH3P?tag=eloabder-20&linkCode=osi&th=1&psc=1"><img src="https://m.media-amazon.com/images/I/51HkdST1FCL._SL500_.jpg" alt="Product Image"></a><p>Dermasuri Deep Exfoliating Glove for Shower - Exfoliating Mitt Body Scrubber - Skin Exfoliator & Dead Skin Remover - Keratosis Pilaris Scrub - Spray Tan Remover - Korean Skincare for Body (2 Pack)</p><p>$19.99 ($10.00 / Count)</p><a href="https://www.amazon.com/dp/B0BNWXFH3P?tag=eloabder-20&linkCode=osi&th=1&psc=1">View Product</a></div><div class="product"><a href="https://www.amazon.com/dp/B076DSRB6B?tag=eloabder-20&linkCode=osi&th=1&psc=1"><img src="https://m.media-amazon.com/images/I/51lTK55c5UL._SL500_.jpg" alt="Product Image"></a><p>Himalayan Salt Scrub Face Foot & Body Exfoliator Infused with Collagen and Stem Cell Natural Exfoliating Salt Body Scrub for Toning Cellulite Skin Care by M3 Naturals</p><p>$25.81 ($2.15 / Ounce)</p><a href="https://www.amazon.com/dp/B076DSRB6B?tag=eloabder-20&linkCode=osi&th=1&psc=1">View Product</a></div><div class="product"><a href="https://www.amazon.com/dp/B004GEV9JW?tag=eloabder-20&linkCode=osi&th=1&psc=1"><img src="https://m.media-amazon.com/images/I/41MgyDfHXfL._SL500_.jpg" alt="Product Image"></a><p>Buf-Puf Gentle Facial Sponge, Dermatologist Developed, Removes Deep Down Dirt & Makeup That Causes Breakouts and Blackheads, Reusable, Exfoliating, 1 Count</p><p>$8.71</p><a href="https://www.amazon.com/dp/B004GEV9JW?tag=eloabder-20&linkCode=osi&th=1&psc=1">View Product</a></div><div class="product"><a href="https://www.amazon.com/dp/B0000632EN?tag=eloabder-20&linkCode=osi&th=1&psc=1"><img src="https://m.media-amazon.com/images/I/314AH1Zo0lL._SL500_.jpg" alt="Product Image"></a><p>Aveeno Positively Radiant Exfoliating Facial Scrub, Brightening Face Scrub with Soy Extract to Visibly Improve Skin Tone and Texture, Oil-Free, Soap-Free, Hypoallergenic Formula, 5 FL OZ</p><p>$7.97 ($1.59 / Ounce)</p><a href="https://www.amazon.com/dp/B0000632EN?tag=eloabder-20&linkCode=osi&th=1&psc=1">View Product</a></div>
<div class="product"><a href="https://www.amazon.com/dp/B005IHT94S?tag=eloabder-20&linkCode=osi&th=1&psc=1"><img src="https://m.media-amazon.com/images/I/31YAXVCRMAL._SL500_.jpg" alt="Product Image"></a><p>Neutrogena Ultra Sheer Dry-Touch Water Resistant and Non-Greasy Sunscreen Lotion with Broad Spectrum SPF 70, 3 Fl Oz (Pack of 1)</p><p>$9.88 ($3.29 / Fl Oz)</p><a href="https://www.amazon.com/dp/B005IHT94S?tag=eloabder-20&linkCode=osi&th=1&psc=1">View Product</a></div><div class="product"><a href="https://www.amazon.com/dp/B078BC1NJ6?tag=eloabder-20&linkCode=osi&th=1&psc=1"><img src="https://m.media-amazon.com/images/I/51V4LMN2zEL._SL500_.jpg" alt="Product Image"></a><p>Coppertone Sport Sunscreen Spray SPF 50, Water Resistant Spray Sunscreen, Broad Spectrum SPF 50 Sunscreen, Bulk Sunscreen Pack, 5.5 Oz Bottle, Pack of 3</p><p>$20.63 ($1.25 / Ounce)</p><a href="https://www.amazon.com/dp/B078BC1NJ6?tag=eloabder-20&linkCode=osi&th=1&psc=1">View Product</a></div><div class="product"><a href="https://www.amazon.com/dp/B01MQXX9US?tag=eloabder-20&linkCode=osi&th=1&psc=1"><img src="https://m.media-amazon.com/images/I/41Zi7BP15NL._SL500_.jpg" alt="Product Image"></a><p>Banana Boat Sport Ultra SPF 50 Sunscreen Spray Twin Pack | Banana Boat Sunscreen Spray SPF 50, Spray On Sunscreen, Water Resistant Sunscreen, Oxybenzone Free Sunscreen Pack, 6oz each</p><p>$13.97 ($1.16 / Ounce)</p><a href="https://www.amazon.com/dp/B01MQXX9US?tag=eloabder-20&linkCode=osi&th=1&psc=1">View Product</a></div><div class="product"><a href="https://www.amazon.com/dp/B00AEN4QZ8?tag=eloabder-20&linkCode=osi&th=1&psc=1"><img src="https://m.media-amazon.com/images/I/31QMrCJPoeL._SL500_.jpg" alt="Product Image"></a><p>Neutrogena Beach Defense Water-Resistant Face & Body SPF 70 Sunscreen Lotion with Broad Spectrum UVA/UVB Protection, Oil-Free Fast-Absorbing Sunscreen Lotion, Oxybenzone-Free, 6.7 oz</p><p>$9.60 ($1.43 / Fl Oz)</p><a href="https://www.amazon.com/dp/B00AEN4QZ8?tag=eloabder-20&linkCode=osi&th=1&psc=1">View Product</a></div><div class="product"><a href="https://www.amazon.com/dp/B076GZX3KL?tag=eloabder-20&linkCode=osi&th=1&psc=1"><img src="https://m.media-amazon.com/images/I/41BQoEZMuTL._SL500_.jpg" alt="Product Image"></a><p>Neutrogena Sunscreen Spray, Ultra Sheer ® Body Mist, Broad Spectrum SPF 70, Non-Greasy Water Resistant Body Sunscreen Mist, Non-Comedogenic, 5 oz (Pack of 3)</p><p>$22.60 ($1.51 / Ounce)</p><a href="https://www.amazon.com/dp/B076GZX3KL?tag=eloabder-20&linkCode=osi&th=1&psc=1">View Product</a></div><div class="product"><a href="https://www.amazon.com/dp/B004D2DR0Q?tag=eloabder-20&linkCode=osi&th=1&psc=1"><img src="https://m.media-amazon.com/images/I/41QwzCWNnFL._SL500_.jpg" alt="Product Image"></a><p>Neutrogena Ultra Sheer Dry-Touch Water Resistant and Non-Greasy Sunscreen Lotion with Broad Spectrum SPF 45, TSA-Compliant travel Size, 3 Fl Oz, Pack of 2, 6 Fl Oz</p><p>$13.99 ($2.33 / Fl Oz)</p><a href="https://www.amazon.com/dp/B004D2DR0Q?tag=eloabder-20&linkCode=osi&th=1&psc=1">View Product</a></div><div class="product"><a href="https://www.amazon.com/dp/B002CML1VG?tag=eloabder-20&linkCode=osi&th=1&psc=1"><img src="https://m.media-amazon.com/images/I/41ufC4L5QQL._SL500_.jpg" alt="Product Image"></a><p>La Roche-Posay Anthelios Melt-In Milk Sunscreen SPF 60 | Sunscreen For Body & Face | Broad Spectrum SPF + Antioxidants | Oil Free Sunscreen Lotion | Lightweight & Fast Absorbing | Oxybenzone Free</p><p>$37.99 ($7.60 / Fl Oz)</p><a href="https://www.amazon.com/dp/B002CML1VG?tag=eloabder-20&linkCode=osi&th=1&psc=1">View Product</a></div><div class="product"><a href="https://www.amazon.com/dp/B00B81XR1Y?tag=eloabder-20&linkCode=osi&th=1&psc=1"><img src="https://m.media-amazon.com/images/I/41NtDXr-dML._SL500_.jpg" alt="Product Image"></a><p>Banana Boat Sport Ultra SPF 30 Sunscreen Spray Twin Pack | Banana Boat Sunscreen Spray SPF 30, Spray On Sunscreen, Water Resistant Sunscreen, Oxybenzone Free Sunscreen Pack, 6oz each</p><p>$13.47 ($1.12 / Ounce)</p><a href="https://www.amazon.com/dp/B00B81XR1Y?tag=eloabder-20&linkCode=osi&th=1&psc=1">View Product</a></div><div class="product"><a href="https://www.amazon.com/dp/B07X1YDGSF?tag=eloabder-20&linkCode=osi&th=1&psc=1"><img src="https://m.media-amazon.com/images/I/31PSmI7nKIL._SL500_.jpg" alt="Product Image"></a><p>Neutrogena Beach Defense Sunscreen Spray SPF 50 Water-Resistant Body Spray with Broad Spectrum , PABA-Free, Oxybenzone-Free & Fast-Drying, Superior Sun Protection, 6.5 oz, Transparent</p><p>$9.88 ($1.52 / Ounce)</p><a href="https://www.amazon.com/dp/B07X1YDGSF?tag=eloabder-20&linkCode=osi&th=1&psc=1">View Product</a></div>
<div class="product"><a href="https://www.amazon.com/dp/B00JJPMXDO?tag=eloabder-20&linkCode=osi&th=1&psc=1"><img src="https://m.media-amazon.com/images/I/41xUbY21ojL._SL500_.jpg" alt="Product Image"></a><p>CeraVe Eye Repair Cream | Under Eye Cream For Puffiness And Bags Under Eyes | Hyaluronic Acid + Niacinamide + Marine Botanical Complex | Hydrating Eye Cream | Oil Free & Opthalmologist Tested</p><p>$13.43 ($26.86 / Ounce)</p><a href="https://www.amazon.com/dp/B00JJPMXDO?tag=eloabder-20&linkCode=osi&th=1&psc=1">View Product</a></div><div class="product"><a href="https://www.amazon.com/dp/B0B3GCCRVH?tag=eloabder-20&linkCode=osi&th=1&psc=1"><img src="https://m.media-amazon.com/images/I/41EdCdrw-AL._SL500_.jpg" alt="Product Image"></a><p>CeraVe Skin Renewing Eye Cream For Wrinkles | Under Eye Cream With Peptides + Caffeine + Niacinamide | Anti Aging Eye Cream For Wrinkles & Crows Feet | Paraben Free & Opthalmologist Tested</p><p>$18.49 ($36.98 / Ounce)</p><a href="https://www.amazon.com/dp/B0B3GCCRVH?tag=eloabder-20&linkCode=osi&th=1&psc=1">View Product</a></div><div class="product"><a href="https://www.amazon.com/dp/B00005333I?tag=eloabder-20&linkCode=osi&th=1&psc=1"><img src="https://m.media-amazon.com/images/I/31webfO63dL._SL500_.jpg" alt="Product Image"></a><p>L'Oreal Paris Dermo-Expertise Eye Defense Eye Cream with Caffeine and Hyaluronic Acid 0.5 oz</p><p>$12.27 ($24.54 / Ounce)</p><a href="https://www.amazon.com/dp/B00005333I?tag=eloabder-20&linkCode=osi&th=1&psc=1">View Product</a></div><div class="product"><a href="https://www.amazon.com/dp/B0CZJ8N83D?tag=eloabder-20&linkCode=osi&th=1&psc=1"><img src="https://m.media-amazon.com/images/I/31fQO3OHiML._SL500_.jpg" alt="Product Image"></a><p>PRIME PROMETICS PrimeEyes Hydrate Under Eye Cream for Mature Women – Hydrating Eye Cream for Dark Circles and Wrinkle Repair – Soft, Glowing & Healthy Under Eyes</p><p>$62.00</p><a href="https://www.amazon.com/dp/B0CZJ8N83D?tag=eloabder-20&linkCode=osi&th=1&psc=1">View Product</a></div><div class="product"><a href="https://www.amazon.com/dp/B0009RFB76?tag=eloabder-20&linkCode=osi&th=1&psc=1"><img src="https://m.media-amazon.com/images/I/31M2iQDNDOL._SL500_.jpg" alt="Product Image"></a><p>RoC Retinol Correxion Under Eye Cream for Dark Circles & Puffiness, Daily Wrinkle Cream, Anti Aging Line Smoothing Skin Care Treatment for Women and Men, 0.5 oz (Packaging May Vary)</p><p>$19.77 ($39.54 / Fl Oz)</p><a href="https://www.amazon.com/dp/B0009RFB76?tag=eloabder-20&linkCode=osi&th=1&psc=1">View Product</a></div><div class="product"><a href="https://www.amazon.com/dp/B0D3TG6MN3?tag=eloabder-20&linkCode=osi&th=1&psc=1"><img src="https://m.media-amazon.com/images/I/21-DQIJf5xL._SL500_.jpg" alt="Product Image"></a><p>Dr.Melaxin Eyephalt Eyebag Cream for Puffiness, Dark Circles&Fine Lines | EGF Anti-Aging Under Eye Moisturizer with Niacinamide&Ceramide 0.33 fl.oz.</p><p>$59.00 ($178.79 / Fl Oz)</p><a href="https://www.amazon.com/dp/B0D3TG6MN3?tag=eloabder-20&linkCode=osi&th=1&psc=1">View Product</a></div><div class="product"><a href="https://www.amazon.com/dp/B07CKJRJXB?tag=eloabder-20&linkCode=osi&th=1&psc=1"><img src="https://m.media-amazon.com/images/I/31pJCzbhXrL._SL500_.jpg" alt="Product Image"></a><p>No7 Lift & Luminate Triple Action Eye Cream - Anti-Aging Under Eye Cream for Dark Circles, Puffiness & Wrinkles - Formulated with Vitamin C to Brighten and Refresh Tired Eyes (0.5 Fl Oz)</p><p>$15.99</p><a href="https://www.amazon.com/dp/B07CKJRJXB?tag=eloabder-20&linkCode=osi&th=1&psc=1">View Product</a></div>
<div class="product"><a href="https://www.amazon.com/dp/B0BBSP2JNQ?tag=eloabder-20&linkCode=osi&th=1&psc=1"><img src="https://m.media-amazon.com/images/I/51qb7tiAJgL._SL500_.jpg" alt="Product Image"></a><p>SimplyVital Face Moisturizer Collagen Cream - Anti Aging Neck and Décolleté - Made in USA Day & Night Face Cream - Moisturizing, Lifting & Recovery – 1.7oz</p><p>$22.89 ($13.46 / Fl Oz)</p><a href="https://www.amazon.com/dp/B0BBSP2JNQ?tag=eloabder-20&linkCode=osi&th=1&psc=1">View Product</a></div><div class="product"><a href="https://www.amazon.com/dp/B008EKY8VK?tag=eloabder-20&linkCode=osi&th=1&psc=1"><img src="https://m.media-amazon.com/images/I/419EZkaOOIL._SL500_.jpg" alt="Product Image"></a><p>L'Oreal Paris Revitalift Triple Power Anti-Aging Face Moisturizer, Pro Retinol, Hyaluronic Acid & Vitamin C to Reduce Wrinkles, Firm & Brighten Skin, 1.7 Oz</p><p>$17.86 ($10.51 / Ounce)</p><a href="https://www.amazon.com/dp/B008EKY8VK?tag=eloabder-20&linkCode=osi&th=1&psc=1">View Product</a></div><div class="product"><a href="https://www.amazon.com/dp/B00HNSSPDG?tag=eloabder-20&linkCode=osi&th=1&psc=1"><img src="https://m.media-amazon.com/images/I/41zARcUorbL._SL500_.jpg" alt="Product Image"></a><p>Neutrogena Triple Age Repair Anti-Aging Night Cream with Vitamin C; Fights Wrinkles & Evens Tone, Firming Anti-Wrinkle Face & Neck Cream; Glycerin & Shea Butter, 1.7 oz</p><p>$19.19 ($11.29 / Ounce)</p><a href="https://www.amazon.com/dp/B00HNSSPDG?tag=eloabder-20&linkCode=osi&th=1&psc=1">View Product</a></div><div class="product"><a href="https://www.amazon.com/dp/B0C9H6PD9B?tag=eloabder-20&linkCode=osi&th=1&psc=1"><img src="https://m.media-amazon.com/images/I/51MQp9qtYZL._SL500_.jpg" alt="Product Image"></a><p>Collagen Face Moisturizer with Airless Pump - Collagen Botanical Stem Cells Cream for Skin with Retinol, Niacinamide, Hyaluronic Acid - Anti-Aging Day & Night Cream - Made in USA (1.7 Oz)</p><p>$14.99 ($8.82 / Ounce)</p><a href="https://www.amazon.com/dp/B0C9H6PD9B?tag=eloabder-20&linkCode=osi&th=1&psc=1">View Product</a></div><div class="product"><a href="https://www.amazon.com/dp/B01ES349CY?tag=eloabder-20&linkCode=osi&th=1&psc=1"><img src="https://m.media-amazon.com/images/I/51C9olHbYgL._SL500_.jpg" alt="Product Image"></a><p>LilyAna Naturals Retinol Cream - Made in USA, Anti Aging Moisturizer for Face and Neck,Wrinkle, Retinol Complex - 1.7oz</p><p>$18.16 ($10.68 / Ounce)</p><a href="https://www.amazon.com/dp/B01ES349CY?tag=eloabder-20&linkCode=osi&th=1&psc=1">View Product</a></div><div class="product"><a href="https://www.amazon.com/dp/B00QSHEN0M?tag=eloabder-20&linkCode=osi&th=1&psc=1"><img src="https://m.media-amazon.com/images/I/41XiN2SLyrL._SL500_.jpg" alt="Product Image"></a><p>Burt's Bees Renewal Firming Face Cream, Anti-Aging Retinol Alternative, Moisturizing Natural Origin Skin Care, 1.8 Ounce (Packaging May Vary)</p><p>$9.75 ($5.42 / Ounce)</p><a href="https://www.amazon.com/dp/B00QSHEN0M?tag=eloabder-20&linkCode=osi&th=1&psc=1">View Product</a></div><div class="product"><a href="https://www.amazon.com/dp/B0744JV661?tag=eloabder-20&linkCode=osi&th=1&psc=1"><img src="https://m.media-amazon.com/images/I/41uJ0OhvRuL._SL500_.jpg" alt="Product Image"></a><p>RoC Retinol Correxion Max Daily Hydration Anti-Aging Face Moisturizer with Hyaluronic Acid, Oil Free Skin Care Cream for Fine Lines, Dark Spots, Post-Acne Scars, 1.7 Ounces (Packaging May Vary)</p><p>$21.53 ($12.66 / Ounce)</p><a href="https://www.amazon.com/dp/B0744JV661?tag=eloabder-20&linkCode=osi&th=1&psc=1">View Product</a></div><div class="product"><a href="https://www.amazon.com/dp/B004D2C57M?tag=eloabder-20&linkCode=osi&th=1&psc=1"><img src="https://m.media-amazon.com/images/I/4106jzuxtsL._SL500_.jpg" alt="Product Image"></a><p>Neutrogena Retinol Face Moisturizer, Rapid Wrinkle Repair with SPF 30 Sunscreen, Daily Anti-Aging Face Cream with Retinol & Hyaluronic Acid to Fight Fine Lines, Wrinkles, & Dark Spots, 1 fl. oz</p><p>$17.14</p><a href="https://www.amazon.com/dp/B004D2C57M?tag=eloabder-20&linkCode=osi&th=1&psc=1">View Product</a></div><div class="product"><a href="https://www.amazon.com/dp/B0B5TBVX6C?tag=eloabder-20&linkCode=osi&th=1&psc=1"><img src="https://m.media-amazon.com/images/I/51nRJsctWHL._SL500_.jpg" alt="Product Image"></a><p>Retinol Cream for Face - Facial Moisturizer with Collagen and Hyaluronic Acid, Anti-Wrinkle Reduce Fine Lines Vitamin C+E Natural-Ingredient Day Night Anti-Aging For Women Men</p><p>$14.99 ($8.82 / Fl Oz)</p><a href="https://www.amazon.com/dp/B0B5TBVX6C?tag=eloabder-20&linkCode=osi&th=1&psc=1">View Product</a></div>
<div class="product"><a href="https://www.amazon.com/dp/B00DG8F02Q?tag=eloabder-20&linkCode=osi&th=1&psc=1"><img src="https://m.media-amazon.com/images/I/31+WLRw2Y6L._SL500_.jpg" alt="Product Image"></a><p>NIVEA Shea Nourish Body Lotion, 48-Hour Moisturizing Shea Butter Lotion for Dry Skin with Deep Nourishing Serum, 16.9 Fl Oz Pump Bottle</p><p>$6.29 ($0.37 / Fl Oz)</p><a href="https://www.amazon.com/dp/B00DG8F02Q?tag=eloabder-20&linkCode=osi&th=1&psc=1">View Product</a></div><div class="product"><a href="https://www.amazon.com/dp/B076G2XGY3?tag=eloabder-20&linkCode=osi&th=1&psc=1"><img src="https://m.media-amazon.com/images/I/41jIXvha20L._SL500_.jpg" alt="Product Image"></a><p>NIVEA Essentially Enriched Body Lotion for Dry Skin, Pack of 2, 16.9 Fl Oz Pump Bottles</p><p>$10.98 ($0.32 / Fl Oz)</p><a href="https://www.amazon.com/dp/B076G2XGY3?tag=eloabder-20&linkCode=osi&th=1&psc=1">View Product</a></div><div class="product"><a href="https://www.amazon.com/dp/B00DG8EZKO?tag=eloabder-20&linkCode=osi&th=1&psc=1"><img src="https://m.media-amazon.com/images/I/31DT3ghuyXL._SL500_.jpg" alt="Product Image"></a><p>NIVEA Intense Healing Body Lotion for Dry Skin, 72-Hour Moisturizing Lotion with Deep Nourishing Serum and Provitamin B5, 16.9 Fl Oz Pump Bottle</p><p>$6.29 ($0.37 / Fl Oz)</p><a href="https://www.amazon.com/dp/B00DG8EZKO?tag=eloabder-20&linkCode=osi&th=1&psc=1">View Product</a></div><div class="product"><a href="https://www.amazon.com/dp/B08KT5HM98?tag=eloabder-20&linkCode=osi&th=1&psc=1"><img src="https://m.media-amazon.com/images/I/311EVJ1x7tL._SL500_.jpg" alt="Product Image"></a><p>eos Shea Better Body Lotion- Coconut Waters, 24-Hour Moisture Skin Care, Lightweight & Non-Greasy, Made with Natural Shea, Vegan, 16 fl oz</p><p>$8.98 ($0.56 / Fl Oz)</p><a href="https://www.amazon.com/dp/B08KT5HM98?tag=eloabder-20&linkCode=osi&th=1&psc=1">View Product</a></div><div class="product"><a href="https://www.amazon.com/dp/B0034F9K36?tag=eloabder-20&linkCode=osi&th=1&psc=1"><img src="https://m.media-amazon.com/images/I/319i3EFVPvL._SL500_.jpg" alt="Product Image"></a><p>Jergens Ultra Healing Dry Skin Moisturizer, Body and Hand Lotion for Dry Skin, for Quick Absorption into Extra Dry Skin, with HYDRALUCENCE blend, Vitamins C, E, and B5, 32 Ounce</p><p>$8.17 ($0.26 / Fl Oz)</p><a href="https://www.amazon.com/dp/B0034F9K36?tag=eloabder-20&linkCode=osi&th=1&psc=1">View Product</a></div><div class="product"><a href="https://www.amazon.com/dp/B003JT8PKQ?tag=eloabder-20&linkCode=osi&th=1&psc=1"><img src="https://m.media-amazon.com/images/I/31TFisQDpKL._SL500_.jpg" alt="Product Image"></a><p>Lubriderm Daily Moisture Lotion + Pro-Ceramide with Shea Butter & Glycerin Helps Moisturize Dry Skin, Hydrating Face, Hand & Body Lotion is Lightly Scented & Non-Greasy, 24 fl. oz</p><p>$10.12 ($0.42 / Fl Oz)</p><a href="https://www.amazon.com/dp/B003JT8PKQ?tag=eloabder-20&linkCode=osi&th=1&psc=1">View Product</a></div><div class="product"><a href="https://www.amazon.com/dp/B07RK4HST7?tag=eloabder-20&linkCode=osi&th=1&psc=1"><img src="https://m.media-amazon.com/images/I/412DGoW35mL._SL500_.jpg" alt="Product Image"></a><p>CeraVe Daily Moisturizing Lotion for Dry Skin | Body Lotion & Face Moisturizer with Hyaluronic Acid and Ceramides | Daily Moisturizer | Fragrance Free | Oil-Free | 19 Ounce</p><p>$18.50 ($0.97 / Fl Oz)</p><a href="https://www.amazon.com/dp/B07RK4HST7?tag=eloabder-20&linkCode=osi&th=1&psc=1">View Product</a></div><div class="product"><a href="https://www.amazon.com/dp/B0D484X4RL?tag=eloabder-20&linkCode=osi&th=1&psc=1"><img src="https://m.media-amazon.com/images/I/31rZLOx+KEL._SL500_.jpg" alt="Product Image"></a><p>Native Body Lotion Contains Naturally Derived Plant-Based Moisturizers for Women and Men | Restores Dry Skin, Coconut & Vanilla, 16.5 fl oz</p><p>$13.97 ($0.85 / Fl Oz)</p><a href="https://www.amazon.com/dp/B0D484X4RL?tag=eloabder-20&linkCode=osi&th=1&psc=1">View Product</a></div><div class="product"><a href="https://www.amazon.com/dp/B073CXZ8KR?tag=eloabder-20&linkCode=osi&th=1&psc=1"><img src="https://m.media-amazon.com/images/I/31r1ImnqoOL._SL500_.jpg" alt="Product Image"></a><p>Nivea Oil Infused Cherry Blossom and Jojoba Oil Body Lotion, Non-Greasy Cherry Blossom Scented Lotion Moisturizes for 24+ Hours, 16.9 Fl Oz Pump Bottle</p><p>$6.29 ($0.37 / Fl Oz)</p><a href="https://www.amazon.com/dp/B073CXZ8KR?tag=eloabder-20&linkCode=osi&th=1&psc=1">View Product</a></div><div class="product"><a href="https://www.amazon.com/dp/B09HHBKK15?tag=eloabder-20&linkCode=osi&th=1&psc=1"><img src="https://m.media-amazon.com/images/I/31gFI+hSGmL._SL500_.jpg" alt="Product Image"></a><p>Amazon Basics Cocoa Butter Body Lotion, Lightly scented, 20.3 fl oz</p><p>$4.89 ($0.24 / Fl Oz)</p><a href="https://www.amazon.com/dp/B09HHBKK15?tag=eloabder-20&linkCode=osi&th=1&psc=1">View Product</a></div>
<div class="product"><a href="https://www.amazon.com/dp/B0BVBZPX9B?tag=eloabder-20&linkCode=osi&th=1&psc=1"><img src="https://m.media-amazon.com/images/I/61Y09jlKZkL._SL500_.jpg" alt="Product Image"></a><p>Dove Deep Moisture Body Wash 30.6 Fl Oz Pack of 3 with Pump, Luxurious Hydration for Dry Skin, Cleanser with 24hr Renewing MicroMoisture</p><p>$23.22 ($0.25 / Fl Oz)</p><a href="https://www.amazon.com/dp/B0BVBZPX9B?tag=eloabder-20&linkCode=osi&th=1&psc=1">View Product</a></div><div class="product"><a href="https://www.amazon.com/dp/B0BT1VXDGD?tag=eloabder-20&linkCode=osi&th=1&psc=1"><img src="https://m.media-amazon.com/images/I/217eAv7yKyL._SL500_.jpg" alt="Product Image"></a><p>Method Body Wash, Pure Peace, Paraben and Phthalate Free, Biodegradable Formula, 28 oz (Pack of 1)</p><p>$11.48 ($0.41 / Fl Oz)</p><a href="https://www.amazon.com/dp/B0BT1VXDGD?tag=eloabder-20&linkCode=osi&th=1&psc=1">View Product</a></div><div class="product"><a href="https://www.amazon.com/dp/B0BVBYQGTW?tag=eloabder-20&linkCode=osi&th=1&psc=1"><img src="https://m.media-amazon.com/images/I/61En44WjwPL._SL500_.jpg" alt="Product Image"></a><p>Dove Body Wash with Pump Sensitive Skin 3 Count Hypoallergenic, Paraben-Free, Sulfate-Free, Cruelty-Free, Moisturizing Skin Cleanser Effectively Washes Away Bacteria While Nourishing Skin 30.6 oz</p><p>$23.22 ($0.25 / Fl Oz)</p><a href="https://www.amazon.com/dp/B0BVBYQGTW?tag=eloabder-20&linkCode=osi&th=1&psc=1">View Product</a></div><div class="product"><a href="https://www.amazon.com/dp/B0CGY5BLBW?tag=eloabder-20&linkCode=osi&th=1&psc=1"><img src="https://m.media-amazon.com/images/I/61X7MjVU6uL._SL500_.jpg" alt="Product Image"></a><p>Dove Exfoliating Body Wash Glow Recharge Energizes & illuminates skin 3% brightening serum with vitamin C 18.5 oz</p><p>$9.79 ($0.53 / Fl Oz)</p><a href="https://www.amazon.com/dp/B0CGY5BLBW?tag=eloabder-20&linkCode=osi&th=1&psc=1">View Product</a></div><div class="product"><a href="https://www.amazon.com/dp/B082QB23YG?tag=eloabder-20&linkCode=osi&th=1&psc=1"><img src="https://m.media-amazon.com/images/I/31QPAuuaLwL._SL500_.jpg" alt="Product Image"></a><p>NIVEA Refreshing White Peach and Jasmine Body Wash, Scented Body Wash with Nourishing Serum, Plant-Derived Oils, Essential Skin Lipids and Vitamins, 20 Fl Oz Bottle</p><p>$4.89 ($0.24 / Fl Oz)</p><a href="https://www.amazon.com/dp/B082QB23YG?tag=eloabder-20&linkCode=osi&th=1&psc=1">View Product</a></div><div class="product"><a href="https://www.amazon.com/dp/B0BHH1LBX2?tag=eloabder-20&linkCode=osi&th=1&psc=1"><img src="https://m.media-amazon.com/images/I/41aG-jLyOqL._SL500_.jpg" alt="Product Image"></a><p>Olay Ultra Rich Moisture Body Wash for Women, Deeply Nourishes, Vitamin B3 Complex, Clinically Proven, Shea Butter Scent, 22 fl oz (Pack of 4)</p><p>$27.96 ($0.32 / Fl Oz)</p><a href="https://www.amazon.com/dp/B0BHH1LBX2?tag=eloabder-20&linkCode=osi&th=1&psc=1">View Product</a></div><div class="product"><a href="https://www.amazon.com/dp/B07FD24RTR?tag=eloabder-20&linkCode=osi&th=1&psc=1"><img src="https://m.media-amazon.com/images/I/31klAgInvXL._SL500_.jpg" alt="Product Image"></a><p>Aveeno Stress Relief Body Wash with Soothing Oat for Sensitive Skin, Lavender Body Wash to help you feel Calm and Relaxed, Sulfate-Free, 33 FL OZ</p><p>$13.48 ($0.41 / Fl Oz)</p><a href="https://www.amazon.com/dp/B07FD24RTR?tag=eloabder-20&linkCode=osi&th=1&psc=1">View Product</a></div><div class="product"><a href="https://www.amazon.com/dp/B082QC2MCX?tag=eloabder-20&linkCode=osi&th=1&psc=1"><img src="https://m.media-amazon.com/images/I/31ohT5XH1TS._SL500_.jpg" alt="Product Image"></a><p>NIVEA Shea Butter Nourishing Body Wash, Moisturizing Body Wash with Nourishing Serum, Plant-Derived Oils, Essential Skin Lipids and Vitamins, 20 Fl Oz Bottle</p><p>$5.29 ($0.26 / Fl Oz)</p><a href="https://www.amazon.com/dp/B082QC2MCX?tag=eloabder-20&linkCode=osi&th=1&psc=1">View Product</a></div><div class="product"><a href="https://www.amazon.com/dp/B0BVBYDTZ6?tag=eloabder-20&linkCode=osi&th=1&psc=1"><img src="https://m.media-amazon.com/images/I/61UbJzK8yIL._SL500_.jpg" alt="Product Image"></a><p>Dove Body Wash with Pump Refreshing Cucumber and Green Tea 3 Count Refreshes Skin Cleanser That Effectively Washes Away Bacteria While Nourishing Your Skin 30.6 oz</p><p>$29.91 ($0.33 / Fl Oz)</p><a href="https://www.amazon.com/dp/B0BVBYDTZ6?tag=eloabder-20&linkCode=osi&th=1&psc=1">View Product</a></div><div class="product"><a href="https://www.amazon.com/dp/B082QBPDJC?tag=eloabder-20&linkCode=osi&th=1&psc=1"><img src="https://m.media-amazon.com/images/I/31tC4JDwHQL._SL500_.jpg" alt="Product Image"></a><p>NIVEA Coconut and Almond Milk Pampering Body Wash, Moisturizing Body Wash with Nourishing Serum, Plant-Derived Oils, Essential Skin Lipids and Vitamins, 20 Fl Oz Bottle</p><p>$4.99 ($0.25 / Fl Oz)</p><a href="https://www.amazon.com/dp/B082QBPDJC?tag=eloabder-20&linkCode=osi&th=1&psc=1">View Product</a></div>
<div class="product"><a href="https://www.amazon.com/dp/B07N7MWX72?tag=eloabder-20&linkCode=osi&th=1&psc=1"><img src="https://m.media-amazon.com/images/I/414aNTDFuRL._SL500_.jpg" alt="Product Image"></a><p>Mielle Organics Rosemary Mint Strengthening Shampoo Infused with Biotin, Cleanses and Helps Strengthen Weak and Brittle Hair, 12 Ounces</p><p>$9.97 ($0.83 / Fl Oz)</p><a href="https://www.amazon.com/dp/B07N7MWX72?tag=eloabder-20&linkCode=osi&th=1&psc=1">View Product</a></div><div class="product"><a href="https://www.amazon.com/dp/B01N97PCBH?tag=eloabder-20&linkCode=osi&th=1&psc=1"><img src="https://m.media-amazon.com/images/I/41KYNMCTIPL._SL500_.jpg" alt="Product Image"></a><p>Garnier Fructis Pure Clean Purifying Shampoo, Silicone-Free, 12.5 Fl Oz, 1 Count (Packaging May Vary)</p><p>$3.97 ($0.32 / Fl Oz)</p><a href="https://www.amazon.com/dp/B01N97PCBH?tag=eloabder-20&linkCode=osi&th=1&psc=1">View Product</a></div><div class="product"><a href="https://www.amazon.com/dp/B07D37PQGL?tag=eloabder-20&linkCode=osi&th=1&psc=1"><img src="https://m.media-amazon.com/images/I/31+tZhs5TNL._SL500_.jpg" alt="Product Image"></a><p>Olaplex No. 4 Bond Maintenance Shampoo, Repairs, Strengthens, & Nourishes All Hair Types, Adds Shine & Leaves Hair Feeling Soft, 8.5 fl oz</p><p>$30.00 ($3.53 / Fl Oz)</p><a href="https://www.amazon.com/dp/B07D37PQGL?tag=eloabder-20&linkCode=osi&th=1&psc=1">View Product</a></div><div class="product"><a href="https://www.amazon.com/dp/B084LHV2M1?tag=eloabder-20&linkCode=osi&th=1&psc=1"><img src="https://m.media-amazon.com/images/I/4174ry43L0L._SL500_.jpg" alt="Product Image"></a><p>Herbal Essences Hello hydration shampoo shampooing for hair 29.2 FL OZ</p><p>$7.97 ($0.27 / Fl Oz)</p><a href="https://www.amazon.com/dp/B084LHV2M1?tag=eloabder-20&linkCode=osi&th=1&psc=1">View Product</a></div><div class="product"><a href="https://www.amazon.com/dp/B08SSM21R4?tag=eloabder-20&linkCode=osi&th=1&psc=1"><img src="https://m.media-amazon.com/images/I/31WbRm+ZKEL._SL500_.jpg" alt="Product Image"></a><p>Redken All Soft Shampoo | Deeply Moisturizes and Hydrates | Softens, Smooths, and Adds Shine | Safe for Color-Treated Hair | Nourishing Shampoo for Dry Hair | With Argan Oil</p><p>$26.00 ($2.57 / Fl Oz)</p><a href="https://www.amazon.com/dp/B08SSM21R4?tag=eloabder-20&linkCode=osi&th=1&psc=1">View Product</a></div><div class="product"><a href="https://www.amazon.com/dp/B0D4SBLLRJ?tag=eloabder-20&linkCode=osi&th=1&psc=1"><img src="https://m.media-amazon.com/images/I/41uWwx+mKwL._SL500_.jpg" alt="Product Image"></a><p>Olaplex Wash and Shine Kit</p><p>$57.00</p><a href="https://www.amazon.com/dp/B0D4SBLLRJ?tag=eloabder-20&linkCode=osi&th=1&psc=1">View Product</a></div><div class="product"><a href="https://www.amazon.com/dp/B086S4Q7JH?tag=eloabder-20&linkCode=osi&th=1&psc=1"><img src="https://m.media-amazon.com/images/I/51i3YLQncNL._SL500_.jpg" alt="Product Image"></a><p>Herbal Essences Shampoo and Conditioner Set, Vitamin E, Rose Hips and Jojoba Extract, Smooth Collection, Bundle</p><p>$13.81 ($0.24 / Fl Oz)</p><a href="https://www.amazon.com/dp/B086S4Q7JH?tag=eloabder-20&linkCode=osi&th=1&psc=1">View Product</a></div><div class="product"><a href="https://www.amazon.com/dp/B01ENCBOA0?tag=eloabder-20&linkCode=osi&th=1&psc=1"><img src="https://m.media-amazon.com/images/I/41wcbs9bSAL._SL500_.jpg" alt="Product Image"></a><p>Rosemary and Biotin Shampoo for Thinning Hair - Vegan Volumizing Shampoo for Fine Hair with Argan and Tea Tree Oil - Paraben Silicone and Sulfate Free Shampoo for Dry Damaged Weak and Thin Hair Care</p><p>$12.95 ($1.62 / Fl Oz)</p><a href="https://www.amazon.com/dp/B01ENCBOA0?tag=eloabder-20&linkCode=osi&th=1&psc=1">View Product</a></div><div class="product"><a href="https://www.amazon.com/dp/B07NQ69L7P?tag=eloabder-20&linkCode=osi&th=1&psc=1"><img src="https://m.media-amazon.com/images/I/51c83KZZLJL._SL500_.jpg" alt="Product Image"></a><p>Herbal Essences Argan Oil of Morocco Shampoo & Conditioner Set, Repair & Smooth, Kew Endorsed, Fizzy Citrus Scent, Paraben-Free, Safe for Color-Treated Hair, pH-Balanced, 20.2 Fl Oz Each, 2 Pack</p><p>$24.99</p><a href="https://www.amazon.com/dp/B07NQ69L7P?tag=eloabder-20&linkCode=osi&th=1&psc=1">View Product</a></div>
<div class="product"><a href="https://www.amazon.com/dp/B0891BBRHW?tag=eloabder-20&linkCode=osi&th=1&psc=1"><img src="https://m.media-amazon.com/images/I/31ndDwe7VSL._SL500_.jpg" alt="Product Image"></a><p>Pureology Hydrate Moisturizing Conditioner | Softens and Deeply Hydrates Dry Hair | For Medium to Thick Color Treated or Natural Hair | Sulfate Free Conditioner | Vegan</p><p>$37.00 ($4.11 / Fl Oz)</p><a href="https://www.amazon.com/dp/B0891BBRHW?tag=eloabder-20&linkCode=osi&th=1&psc=1">View Product</a></div><div class="product"><a href="https://www.amazon.com/dp/B07D37SBHF?tag=eloabder-20&linkCode=osi&th=1&psc=1"><img src="https://m.media-amazon.com/images/I/31ivDW-ouZL._SL500_.jpg" alt="Product Image"></a><p>Olaplex No. 5 Bond Maintenance Conditioner, Repairs, Strengthens, & Nourishes All Hair Types, Leaving Hair Feeling Soft & Adds Shine, 8.5 fl oz"</p><p>$30.00 ($3.53 / Fl Oz)</p><a href="https://www.amazon.com/dp/B07D37SBHF?tag=eloabder-20&linkCode=osi&th=1&psc=1">View Product</a></div><div class="product"><a href="https://www.amazon.com/dp/B07CLD17F5?tag=eloabder-20&linkCode=osi&th=1&psc=1"><img src="https://m.media-amazon.com/images/I/61hTHQjDOkL._SL500_.jpg" alt="Product Image"></a><p>Dove Ultra Care Conditioner Coconut & Hydration for Dry Hair Conditioner with Coconut Oil, Jojoba Oil & Sweet Almond Oil 25.4 oz</p><p>$7.49 ($0.29 / Fl Oz)</p><a href="https://www.amazon.com/dp/B07CLD17F5?tag=eloabder-20&linkCode=osi&th=1&psc=1">View Product</a></div><div class="product"><a href="https://www.amazon.com/dp/B0752CBW5T?tag=eloabder-20&linkCode=osi&th=1&psc=1"><img src="https://m.media-amazon.com/images/I/31-KMa7LAlS._SL500_.jpg" alt="Product Image"></a><p>L'Oreal Paris Elvive Total Repair 5 Repairing Conditioner for Damaged Hair Conditioner with Protein and Ceramide for Strong Silky Shiny Healthy Renewed Hair 28 Fl Oz</p><p>$8.49 ($0.30 / Fl Oz)</p><a href="https://www.amazon.com/dp/B0752CBW5T?tag=eloabder-20&linkCode=osi&th=1&psc=1">View Product</a></div><div class="product"><a href="https://www.amazon.com/dp/B00L01DEII?tag=eloabder-20&linkCode=osi&th=1&psc=1"><img src="https://m.media-amazon.com/images/I/31EJqWmmSNL._SL500_.jpg" alt="Product Image"></a><p>Biolage Ultra Hydra Source Conditioning Balm | Deep Hydrating Conditioner | Renews Hair's Moisture | For Very Dry Hair | Silicone-Free | Vegan | Salon Conditioner | 33.8 Fl. Oz</p><p>$42.00 ($1.24 / Fl Oz)</p><a href="https://www.amazon.com/dp/B00L01DEII?tag=eloabder-20&linkCode=osi&th=1&psc=1">View Product</a></div><div class="product"><a href="https://www.amazon.com/dp/B08SSCQH77?tag=eloabder-20&linkCode=osi&th=1&psc=1"><img src="https://m.media-amazon.com/images/I/31P8RgJeqwL._SL500_.jpg" alt="Product Image"></a><p>Redken All Soft Conditioner | For Dry / Brittle Hair | Moisturizes & Provides Intense Softness | With Argan Oil | 10.1 Fl Oz</p><p>$26.00 ($2.57 / Fl Oz)</p><a href="https://www.amazon.com/dp/B08SSCQH77?tag=eloabder-20&linkCode=osi&th=1&psc=1">View Product</a></div><div class="product"><a href="https://www.amazon.com/dp/B074VLNPSG?tag=eloabder-20&linkCode=osi&th=1&psc=1"><img src="https://m.media-amazon.com/images/I/319FOowuSkL._SL500_.jpg" alt="Product Image"></a><p>Garnier Fructis Grow Strong Conditioner, 33.8 Fl Oz, 1 Count (Packaging May Vary)</p><p>$8.49 ($0.25 / Fl Oz)</p><a href="https://www.amazon.com/dp/B074VLNPSG?tag=eloabder-20&linkCode=osi&th=1&psc=1">View Product</a></div><div class="product"><a href="https://www.amazon.com/dp/B00JAI4FGI?tag=eloabder-20&linkCode=osi&th=1&psc=1"><img src="https://m.media-amazon.com/images/I/212rXWGPu1L._SL500_.jpg" alt="Product Image"></a><p>Biolage Color Last Conditioner | Helps Protect Hair & Maintain Vibrant Color | For Color-Treated and Natural Hair | Paraben & Silicone-Free | Vegan | Cruelty Free | Color Protecting Salon Conditioner</p><p>$24.00 ($1.78 / Fl Oz)</p><a href="https://www.amazon.com/dp/B00JAI4FGI?tag=eloabder-20&linkCode=osi&th=1&psc=1">View Product</a></div>
<div class="product"><a href="https://www.amazon.com/dp/B00I32AN4K?tag=eloabder-20&linkCode=osi&th=1&psc=1"><img src="https://m.media-amazon.com/images/I/51KpmxinYYL._SL500_.jpg" alt="Product Image"></a><p>Arvazallia Hydrating Argan Oil Hair Mask and Deep Conditioner for Dry or Damaged Hair - 8.45 Oz</p><p>$12.95 ($1.53 / Fl Oz)</p><a href="https://www.amazon.com/dp/B00I32AN4K?tag=eloabder-20&linkCode=osi&th=1&psc=1">View Product</a></div><div class="product"><a href="https://www.amazon.com/dp/B07H3GBSC3?tag=eloabder-20&linkCode=osi&th=1&psc=1"><img src="https://m.media-amazon.com/images/I/41I862UzKRL._SL500_.jpg" alt="Product Image"></a><p>amika soulfood nourishing Mask, 8 Fl oz</p><p>$34.00 ($4.25 / Fl Oz)</p><a href="https://www.amazon.com/dp/B07H3GBSC3?tag=eloabder-20&linkCode=osi&th=1&psc=1">View Product</a></div><div class="product"><a href="https://www.amazon.com/dp/B075L6BL61?tag=eloabder-20&linkCode=osi&th=1&psc=1"><img src="https://m.media-amazon.com/images/I/41zCFV7oGTL._SL500_.jpg" alt="Product Image"></a><p>Karseell Collagen Hair Treatment Deep Repair Conditioning Argan Oil Collagen Hair Mask Essence for Dry Damaged Hair All Hair Types 16.90 oz 500ml</p><p>$23.33 ($1.38 / Fl Oz)</p><a href="https://www.amazon.com/dp/B075L6BL61?tag=eloabder-20&linkCode=osi&th=1&psc=1">View Product</a></div><div class="product"><a href="https://www.amazon.com/dp/B0BQ54DQNM?tag=eloabder-20&linkCode=osi&th=1&psc=1"><img src="https://m.media-amazon.com/images/I/41uhtWPJeuL._SL500_.jpg" alt="Product Image"></a><p>Eva NYC Therapy Session Hair Mask, Deep Conditioning Hair Mask Infused with Argan Oil and Plant Protein, 16.9 fl oz</p><p>$19.00 ($1.12 / Fl Oz)</p><a href="https://www.amazon.com/dp/B0BQ54DQNM?tag=eloabder-20&linkCode=osi&th=1&psc=1">View Product</a></div><div class="product"><a href="https://www.amazon.com/dp/B01I2ZQJSG?tag=eloabder-20&linkCode=osi&th=1&psc=1"><img src="https://m.media-amazon.com/images/I/41ctrFUeQAL._SL500_.jpg" alt="Product Image"></a><p>Elizavecca cer-100 collagen coating hair protein treatment 100ml</p><p>$7.40 ($2.19 / Fl Oz)</p><a href="https://www.amazon.com/dp/B01I2ZQJSG?tag=eloabder-20&linkCode=osi&th=1&psc=1">View Product</a></div><div class="product"><a href="https://www.amazon.com/dp/B07N7NBYSP?tag=eloabder-20&linkCode=osi&th=1&psc=1"><img src="https://m.media-amazon.com/images/I/515lD0OXQ+L._SL500_.jpg" alt="Product Image"></a><p>Mielle Organics Rosemary Mint Strengthening Hair Masque, Essential Oil & Biotin Deep Treatment, Miracle Repair for Dry, Damaged, & Frizzy Hair, 12 Ounces</p><p>$9.97 ($0.83 / Ounce)</p><a href="https://www.amazon.com/dp/B07N7NBYSP?tag=eloabder-20&linkCode=osi&th=1&psc=1">View Product</a></div><div class="product"><a href="https://www.amazon.com/dp/B002N5MKMG?tag=eloabder-20&linkCode=osi&th=1&psc=1"><img src="https://m.media-amazon.com/images/I/41NxqnExYnL._SL500_.jpg" alt="Product Image"></a><p>Moroccanoil Intense Hydrating Mask, 8.5 Fl. Oz.</p><p>$42.00 ($4.94 / Fl Oz)</p><a href="https://www.amazon.com/dp/B002N5MKMG?tag=eloabder-20&linkCode=osi&th=1&psc=1">View Product</a></div><div class="product"><a href="https://www.amazon.com/dp/B07M7PP9KX?tag=eloabder-20&linkCode=osi&th=1&psc=1"><img src="https://m.media-amazon.com/images/I/41Mpv3wIxEL._SL500_.jpg" alt="Product Image"></a><p>Marc Anthony Grow Long Hair Anti-Breakage Mask, 10.4 OZ</p><p>$8.99 ($0.90 / Fl Oz)</p><a href="https://www.amazon.com/dp/B07M7PP9KX?tag=eloabder-20&linkCode=osi&th=1&psc=1">View Product</a></div><div class="product"><a href="https://www.amazon.com/dp/B09HR5KSR8?tag=eloabder-20&linkCode=osi&th=1&psc=1"><img src="https://m.media-amazon.com/images/I/51aIw6AhsXL._SL500_.jpg" alt="Product Image"></a><p>K18 Mini Leave-In Molecular Hair Mask, Repairs Dry or Damaged Hair, Reverse Hair Damage from Bleach, Color, Chemical Services & Heat, 0.51 Fl Oz</p><p>$29.00 ($56.86 / Fl Oz)</p><a href="https://www.amazon.com/dp/B09HR5KSR8?tag=eloabder-20&linkCode=osi&th=1&psc=1">View Product</a></div>
<div class="product"><a href="https://www.amazon.com/dp/B004J1MNII?tag=eloabder-20&linkCode=osi&th=1&psc=1"><img src="https://m.media-amazon.com/images/I/31nFgivW0gL._SL500_.jpg" alt="Product Image"></a><p>Moroccanoil Hydrating Styling Cream, Travel Size, 2.53 Fl Oz</p><p>$16.00 ($6.40 / Fl Oz)</p><a href="https://www.amazon.com/dp/B004J1MNII?tag=eloabder-20&linkCode=osi&th=1&psc=1">View Product</a></div><div class="product"><a href="https://www.amazon.com/dp/B00G187CP6?tag=eloabder-20&linkCode=osi&th=1&psc=1"><img src="https://m.media-amazon.com/images/I/31belqXvyyL._SL500_.jpg" alt="Product Image"></a><p>COLOR WOW One Minute Transformation – Instant frizz fix| Nourishing styling cream smooths, tames + defrizzes on the spot| Avocado oil + Omega 3’s hydrate, repair for silkier, smoother texture</p><p>$24.00</p><a href="https://www.amazon.com/dp/B00G187CP6?tag=eloabder-20&linkCode=osi&th=1&psc=1">View Product</a></div><div class="product"><a href="https://www.amazon.com/dp/B073CWSQ51?tag=eloabder-20&linkCode=osi&th=1&psc=1"><img src="https://m.media-amazon.com/images/I/41lIHxirIkL._SL500_.jpg" alt="Product Image"></a><p>COLOR WOW Dream Coat Supernatural Spray, 6.7 Fl Oz – Keep Your Hair Frizz-Free and Shiny No Matter the Weather with Award-Winning Anti-Humidity Treatment</p><p>$28.00 ($4.18 / Fl Oz)</p><a href="https://www.amazon.com/dp/B073CWSQ51?tag=eloabder-20&linkCode=osi&th=1&psc=1">View Product</a></div><div class="product"><a href="https://www.amazon.com/dp/B075RGHQVF?tag=eloabder-20&linkCode=osi&th=1&psc=1"><img src="https://m.media-amazon.com/images/I/21TgD3HaqbL._SL500_.jpg" alt="Product Image"></a><p>American Crew Men's Fiber Cream, Like Hair Gel with Medium Hold & Natural Shine, 3.3 Fl Oz</p><p>$9.94 ($3.01 / Ounce)</p><a href="https://www.amazon.com/dp/B075RGHQVF?tag=eloabder-20&linkCode=osi&th=1&psc=1">View Product</a></div><div class="product"><a href="https://www.amazon.com/dp/B0BLWTQ7JC?tag=eloabder-20&linkCode=osi&th=1&psc=1"><img src="https://m.media-amazon.com/images/I/31jMkcol7VL._SL500_.jpg" alt="Product Image"></a><p>DAE Cactus Fruit 3-In-1 Styling Cream - Smooth Styles, Prep Shiny Blowouts, Defines Curls (5 oz.)</p><p>$30.00 ($6.00 / Ounce)</p><a href="https://www.amazon.com/dp/B0BLWTQ7JC?tag=eloabder-20&linkCode=osi&th=1&psc=1">View Product</a></div><div class="product"><a href="https://www.amazon.com/dp/B00H3DOSPU?tag=eloabder-20&linkCode=osi&th=1&psc=1"><img src="https://m.media-amazon.com/images/I/317clPmAyiL._SL500_.jpg" alt="Product Image"></a><p>Biolage Styling Gelée | Firm Hold That Adds Body, Shine & Control | For All Hair Types | Paraben-Free | Vegan | 16.9 fl. oz. | 16.9 Fl. Oz</p><p>$24.00 ($1.42 / Fl Oz)</p><a href="https://www.amazon.com/dp/B00H3DOSPU?tag=eloabder-20&linkCode=osi&th=1&psc=1">View Product</a></div><div class="product"><a href="https://www.amazon.com/dp/B08SNSSTPZ?tag=eloabder-20&linkCode=osi&th=1&psc=1"><img src="https://m.media-amazon.com/images/I/31KrkpMat6L._SL500_.jpg" alt="Product Image"></a><p>L3 Level 3 Styling Powder - Natural Look Mens Powder - Easy to Apply with No Oil or Greasy Residue (Small - 30 Grams)</p><p>$9.99 ($9.51 / Fl Oz)</p><a href="https://www.amazon.com/dp/B08SNSSTPZ?tag=eloabder-20&linkCode=osi&th=1&psc=1">View Product</a></div><div class="product"><a href="https://www.amazon.com/dp/B09MZS3D3K?tag=eloabder-20&linkCode=osi&th=1&psc=1"><img src="https://m.media-amazon.com/images/I/31CADZzpR7L._SL500_.jpg" alt="Product Image"></a><p>Marc Anthony Biotin Styling Hair Cream, Instantly Thick - Biotin & Vitamin E Hair Thickening Cream, Lightweight Hold for Thicker & Fuller Hair - Volumizing Hair Product for Thin, Flat Hair</p><p>$8.99 ($1.82 / Ounce)</p><a href="https://www.amazon.com/dp/B09MZS3D3K?tag=eloabder-20&linkCode=osi&th=1&psc=1">View Product</a></div><div class="product"><a href="https://www.amazon.com/dp/B0009OMNQQ?tag=eloabder-20&linkCode=osi&th=1&psc=1"><img src="https://m.media-amazon.com/images/I/21BMUFOie3L._SL500_.jpg" alt="Product Image"></a><p>Paul Mitchell Extra-Body Sculpting Foam, Thickens + Builds Body, For Fine Hair, 6.7 oz.</p><p>$16.50 ($2.46 / Fl Oz)</p><a href="https://www.amazon.com/dp/B0009OMNQQ?tag=eloabder-20&linkCode=osi&th=1&psc=1">View Product</a></div>
<div class="product"><a href="https://www.amazon.com/dp/B09LXMXSMN?tag=eloabder-20&linkCode=osi&th=1&psc=1"><img src="https://m.media-amazon.com/images/I/51Sly6w-y7L._SL500_.jpg" alt="Product Image"></a><p>Revlon ColorSilk Beautiful Color Permanent Hair Color, Long-Lasting High-Definition Color, Shine & Silky Softness with 100% Gray Coverage, Ammonia Free, 41 Medium Brown, 3 Pack</p><p>$11.91 ($0.90 / Fl Oz)</p><a href="https://www.amazon.com/dp/B09LXMXSMN?tag=eloabder-20&linkCode=osi&th=1&psc=1">View Product</a></div><div class="product"><a href="https://www.amazon.com/dp/B004INIW1Y?tag=eloabder-20&linkCode=osi&th=1&psc=1"><img src="https://m.media-amazon.com/images/I/51QXVxOgEkL._SL500_.jpg" alt="Product Image"></a><p>L'Oreal Paris Excellence Creme Permanent Hair Color, 4 Dark Brown, 100 percent Gray Coverage Hair Dye, Pack of 1</p><p>$10.97</p><a href="https://www.amazon.com/dp/B004INIW1Y?tag=eloabder-20&linkCode=osi&th=1&psc=1">View Product</a></div><div class="product"><a href="https://www.amazon.com/dp/B00TUM6QUC?tag=eloabder-20&linkCode=osi&th=1&psc=1"><img src="https://m.media-amazon.com/images/I/511vRRkzayL._SL500_.jpg" alt="Product Image"></a><p>Schwarzkopf Keratin Color Permanent Hair Color, 6.0 Delicate Praline, 1 Application - Salon Inspired Permanent Hair Dye, for up to 80% Less Breakage vs Untreated Hair and up to 100% Gray Coverage</p><p>$11.97</p><a href="https://www.amazon.com/dp/B00TUM6QUC?tag=eloabder-20&linkCode=osi&th=1&psc=1">View Product</a></div><div class="product"><a href="https://www.amazon.com/dp/B00006JN4M?tag=eloabder-20&linkCode=osi&th=1&psc=1"><img src="https://m.media-amazon.com/images/I/41YBT6aEgWL._SL500_.jpg" alt="Product Image"></a><p>L'Oreal Paris Superior Preference Fade-Defying + Shine Permanent Hair Color, 6 Light Brown, Pack of 1, Hair Dye</p><p>$11.97</p><a href="https://www.amazon.com/dp/B00006JN4M?tag=eloabder-20&linkCode=osi&th=1&psc=1">View Product</a></div><div class="product"><a href="https://www.amazon.com/dp/B07HXH48TF?tag=eloabder-20&linkCode=osi&th=1&psc=1"><img src="https://m.media-amazon.com/images/I/51VP1hHWq9L._SL500_.jpg" alt="Product Image"></a><p>Garnier Hair Color Nutrisse Nourishing Creme, 50 Medium Natural Brown (Truffle) Permanent Hair Dye, 2 Count (Packaging May Vary)</p><p>$16.98 ($8.49 / Count)</p><a href="https://www.amazon.com/dp/B07HXH48TF?tag=eloabder-20&linkCode=osi&th=1&psc=1">View Product</a></div><div class="product"><a href="https://www.amazon.com/dp/B001UMV18M?tag=eloabder-20&linkCode=osi&th=1&psc=1"><img src="https://m.media-amazon.com/images/I/51h21IlxAhL._SL500_.jpg" alt="Product Image"></a><p>Garnier Hair Color Nutrisse Nourishing Creme, 415 Soft Mahogany Brown (Raspberry Truffle) Permanent Hair Dye, 1 Count (Packaging May Vary)</p><p>$8.47</p><a href="https://www.amazon.com/dp/B001UMV18M?tag=eloabder-20&linkCode=osi&th=1&psc=1">View Product</a></div><div class="product"><a href="https://www.amazon.com/dp/B0B3KWJ242?tag=eloabder-20&linkCode=osi&th=1&psc=1"><img src="https://m.media-amazon.com/images/I/41fqsQmb0VL._SL500_.jpg" alt="Product Image"></a><p>COLORCHARM Demi Permanent Hair Color, 3N Medium Neutral Brown 2 oz</p><p>$9.99 ($5.00 / Fl Oz)</p><a href="https://www.amazon.com/dp/B0B3KWJ242?tag=eloabder-20&linkCode=osi&th=1&psc=1">View Product</a></div>
<div class="product"><a href="https://www.amazon.com/dp/B01ACPW1SG?tag=eloabder-20&linkCode=osi&th=1&psc=1"><img src="https://m.media-amazon.com/images/I/41aIRzbHxNL._SL500_.jpg" alt="Product Image"></a><p>CoverGirl & Olay Simply Ageless 3-in-1 Liquid Foundation, Matte Finish, Hyaluronic & Vitamin C Formula, Cruelty Free, Classic Ivory, 1 Count</p><p>$10.49</p><a href="https://www.amazon.com/dp/B01ACPW1SG?tag=eloabder-20&linkCode=osi&th=1&psc=1">View Product</a></div><div class="product"><a href="https://www.amazon.com/dp/B07MWSP8SG?tag=eloabder-20&linkCode=osi&th=1&psc=1"><img src="https://m.media-amazon.com/images/I/31B37fmqI7L._SL500_.jpg" alt="Product Image"></a><p>e.l.f. Flawless Finish Foundation, Improves Uneven Skin Tone, Lightweight, Medium Coverage & Semi-Matte, Vegan & Cruelty-Free, Beige 0.67 Fl Oz</p><p>$6.00</p><a href="https://www.amazon.com/dp/B07MWSP8SG?tag=eloabder-20&linkCode=osi&th=1&psc=1">View Product</a></div><div class="product"><a href="https://www.amazon.com/dp/B00PFCSUNC?tag=eloabder-20&linkCode=osi&th=1&psc=1"><img src="https://m.media-amazon.com/images/I/41FK6ukLnvL._SL500_.jpg" alt="Product Image"></a><p>Maybelline Fit Me Matte + Poreless Liquid Oil-Free Foundation Makeup, Natural Ivory, 1 Count (Packaging May Vary)</p><p>$7.10</p><a href="https://www.amazon.com/dp/B00PFCSUNC?tag=eloabder-20&linkCode=osi&th=1&psc=1">View Product</a></div><div class="product"><a href="https://www.amazon.com/dp/B0BCGZMTSY?tag=eloabder-20&linkCode=osi&th=1&psc=1"><img src="https://m.media-amazon.com/images/I/31Qa6QbmaiL._SL500_.jpg" alt="Product Image"></a><p>L'Oreal Paris True Match Super-Blendable Foundation, Medium Coverage Liquid Foundation Makeup, N3, Light Medium, 1 Fl Oz</p><p>$9.97</p><a href="https://www.amazon.com/dp/B0BCGZMTSY?tag=eloabder-20&linkCode=osi&th=1&psc=1">View Product</a></div><div class="product"><a href="https://www.amazon.com/dp/B000IEMGGE?tag=eloabder-20&linkCode=osi&th=1&psc=1"><img src="https://m.media-amazon.com/images/I/41RtSkNmHSL._SL500_.jpg" alt="Product Image"></a><p>LAURA GELLER NEW YORK Award-Winning Baked Balance-n-Brighten Color Correcting Powder Foundation - Fair - Buildable Light to Medium Coverage - Demi-Matte Natural Finish</p><p>$22.13</p><a href="https://www.amazon.com/dp/B000IEMGGE?tag=eloabder-20&linkCode=osi&th=1&psc=1">View Product</a></div><div class="product"><a href="https://www.amazon.com/dp/B01LMMZY6O?tag=eloabder-20&linkCode=osi&th=1&psc=1"><img src="https://m.media-amazon.com/images/I/41WWjJXCsFL._SL500_.jpg" alt="Product Image"></a><p>IT Cosmetics Your Skin But Better CC+ Cream, Medium (W) - Color Correcting Cream, Full-Coverage Foundation, Hydrating Serum & SPF 50+ Sunscreen - Natural Finish - 1.08 fl oz</p><p>$47.00 ($43.52 / Fl Oz)</p><a href="https://www.amazon.com/dp/B01LMMZY6O?tag=eloabder-20&linkCode=osi&th=1&psc=1">View Product</a></div><div class="product"><a href="https://www.amazon.com/dp/B07CVFY5PQ?tag=eloabder-20&linkCode=osi&th=1&psc=1"><img src="https://m.media-amazon.com/images/I/416VSGy4SKL._SL500_.jpg" alt="Product Image"></a><p>MagicMinerals AirBrush Foundation by Jerome Alexander – 2pc Set with Airbrush Foundation and Kabuki Brush - Spray Makeup with Anti-aging Ingredients for Smooth Radiant Skin - Medium</p><p>$19.99 ($11.11 / Fl Oz)</p><a href="https://www.amazon.com/dp/B07CVFY5PQ?tag=eloabder-20&linkCode=osi&th=1&psc=1">View Product</a></div><div class="product"><a href="https://www.amazon.com/dp/B0039UTUZE?tag=eloabder-20&linkCode=osi&th=1&psc=1"><img src="https://m.media-amazon.com/images/I/41eXDpZ835L._SL500_.jpg" alt="Product Image"></a><p>Revlon Liquid Foundation, ColorStay Face Makeup for Combination & Oily Skin, SPF 15, Medium-Full Coverage with Matte Finish, Natural Beige ((220), 1.0 oz</p><p>$9.70</p><a href="https://www.amazon.com/dp/B0039UTUZE?tag=eloabder-20&linkCode=osi&th=1&psc=1">View Product</a></div><div class="product"><a href="https://www.amazon.com/dp/B00I52QPAE?tag=eloabder-20&linkCode=osi&th=1&psc=1"><img src="https://m.media-amazon.com/images/I/317EDqzSg+L._SL500_.jpg" alt="Product Image"></a><p>Revlon Liquid Foundation, Age Defying 3XFace Makeup, Anti-Aging and Firming Formula, SPF 30, Longwear Medium Buildable Coverage with Natural Finish, 035 Natural Beige, 1 Fl Oz</p><p>$13.48</p><a href="https://www.amazon.com/dp/B00I52QPAE?tag=eloabder-20&linkCode=osi&th=1&psc=1">View Product</a></div><div class="product"><a href="https://www.amazon.com/dp/B07H621Q3H?tag=eloabder-20&linkCode=osi&th=1&psc=1"><img src="https://m.media-amazon.com/images/I/31JtVpLZ4FL._SL500_.jpg" alt="Product Image"></a><p>L'Oreal Paris Makeup Infallible Up to 32 Hour Fresh Wear Lightweight Foundation, 420 True Beige, 1 Fl Oz, Packaging May Vary</p><p>$11.98</p><a href="https://www.amazon.com/dp/B07H621Q3H?tag=eloabder-20&linkCode=osi&th=1&psc=1">View Product</a></div>
<div class="product"><a href="https://www.amazon.com/dp/B07Q9V4KMJ?tag=eloabder-20&linkCode=osi&th=1&psc=1"><img src="https://m.media-amazon.com/images/I/31pro1JWTCL._SL500_.jpg" alt="Product Image"></a><p>Maybelline Instant Age Rewind Eraser Dark Circles Treatment Multi-Use Concealer, 115, 1 Count (Packaging May Vary)</p><p>$8.42</p><a href="https://www.amazon.com/dp/B07Q9V4KMJ?tag=eloabder-20&linkCode=osi&th=1&psc=1">View Product</a></div><div class="product"><a href="https://www.amazon.com/dp/B07ZR14WBZ?tag=eloabder-20&linkCode=osi&th=1&psc=1"><img src="https://m.media-amazon.com/images/I/313ljymBVaL._SL500_.jpg" alt="Product Image"></a><p>e.l.f. Hydrating Camo Concealer, Lightweight, Full Coverage, Long Lasting, Conceals, Corrects, Covers, Hydrates, Highlights, Light Sand, Satin Finish, 25 Shades, All-Day Wear, 0.20 Fl Oz</p><p>$7.00</p><a href="https://www.amazon.com/dp/B07ZR14WBZ?tag=eloabder-20&linkCode=osi&th=1&psc=1">View Product</a></div><div class="product"><a href="https://www.amazon.com/dp/B0046VJV36?tag=eloabder-20&linkCode=osi&th=1&psc=1"><img src="https://m.media-amazon.com/images/I/31-ZFCLgLcL._SL500_.jpg" alt="Product Image"></a><p>Maybelline New York Fit Me Liquid Concealer Makeup, Natural Coverage, Lightweight, Conceals, Covers Oil-Free, Fair, 1 Count (Packaging May Vary)</p><p>$6.31</p><a href="https://www.amazon.com/dp/B0046VJV36?tag=eloabder-20&linkCode=osi&th=1&psc=1">View Product</a></div><div class="product"><a href="https://www.amazon.com/dp/B07ZR1CQHS?tag=eloabder-20&linkCode=osi&th=1&psc=1"><img src="https://m.media-amazon.com/images/I/31s0zWRX+4L._SL500_.jpg" alt="Product Image"></a><p>e.l.f. 16HR Camo Concealer, Full Coverage, Highly Pigmented Concealer With Matte Finish, Crease-proof, Vegan & Cruelty-Free, Light Ivory, 0.203 Fl Oz</p><p>$7.00</p><a href="https://www.amazon.com/dp/B07ZR1CQHS?tag=eloabder-20&linkCode=osi&th=1&psc=1">View Product</a></div><div class="product"><a href="https://www.amazon.com/dp/B009WI05BU?tag=eloabder-20&linkCode=osi&th=1&psc=1"><img src="https://m.media-amazon.com/images/I/312BFbzGKlL._SL500_.jpg" alt="Product Image"></a><p>L.A. Girl Pro Concealer, Fawn, 0.28 Oz (LAX-GC983-A)</p><p>$4.99</p><a href="https://www.amazon.com/dp/B009WI05BU?tag=eloabder-20&linkCode=osi&th=1&psc=1">View Product</a></div><div class="product"><a href="https://www.amazon.com/dp/B0814SLHQH?tag=eloabder-20&linkCode=osi&th=1&psc=1"><img src="https://m.media-amazon.com/images/I/312GW4aGnRL._SL500_.jpg" alt="Product Image"></a><p>Neutrogena Healthy Skin Radiant Brightening Cream Concealer with Peptides & Vitamin E Antioxidant,Lightweight Perfecting Concealer,Non-Comedogenic,Bisque Light/Medium 02 neutral undertones,0.24 oz</p><p>$5.62</p><a href="https://www.amazon.com/dp/B0814SLHQH?tag=eloabder-20&linkCode=osi&th=1&psc=1">View Product</a></div><div class="product"><a href="https://www.amazon.com/dp/B06XQWS1N9?tag=eloabder-20&linkCode=osi&th=1&psc=1"><img src="https://m.media-amazon.com/images/I/31rKumTg1GL._SL500_.jpg" alt="Product Image"></a><p>COVERGIRL Smoothers Concealer, Medium 715, 0.14 ounce (packaging may vary)</p><p>$7.28</p><a href="https://www.amazon.com/dp/B06XQWS1N9?tag=eloabder-20&linkCode=osi&th=1&psc=1">View Product</a></div><div class="product"><a href="https://www.amazon.com/dp/B07GWH2GDP?tag=eloabder-20&linkCode=osi&th=1&psc=1"><img src="https://m.media-amazon.com/images/I/41U+lbOEtuL._SL500_.jpg" alt="Product Image"></a><p>IT Cosmetics Bye Bye Under Eye Full Coverage Concealer - for Dark Circles, Fine Lines, Redness & Discoloration – Waterproof - Anti-Aging - Natural Finish – 0.4 fl oz</p><p>$17.40 ($43.50 / Fl Oz)</p><a href="https://www.amazon.com/dp/B07GWH2GDP?tag=eloabder-20&linkCode=osi&th=1&psc=1">View Product</a></div><div class="product"><a href="https://www.amazon.com/dp/B07H67H5LH?tag=eloabder-20&linkCode=osi&th=1&psc=1"><img src="https://m.media-amazon.com/images/I/31bWoYCj-nL._SL500_.jpg" alt="Product Image"></a><p>L'Oreal Paris Makeup Infallible Full Wear Waterproof Matte Concealer, Full Coverage, Ivory, 0.33 fl. oz.</p><p>$10.82</p><a href="https://www.amazon.com/dp/B07H67H5LH?tag=eloabder-20&linkCode=osi&th=1&psc=1">View Product</a></div><div class="product"><a href="https://www.amazon.com/dp/B0B51NLJWQ?tag=eloabder-20&linkCode=osi&th=1&psc=1"><img src="https://m.media-amazon.com/images/I/31GXqccxM0L._SL500_.jpg" alt="Product Image"></a><p>Fièra Luxury Concealer with Anti-Aging - All Day Coverage for Dark Circles, Fine Lines, Wrinkles & Spots - Neutral Beige, 0.5 Ounce</p><p>$27.00</p><a href="https://www.amazon.com/dp/B0B51NLJWQ?tag=eloabder-20&linkCode=osi&th=1&psc=1">View Product</a></div>
<div class="product"><a href="https://www.amazon.com/dp/B092JQ23N5?tag=eloabder-20&linkCode=osi&th=1&psc=1"><img src="https://m.media-amazon.com/images/I/51OUufwItlL._SL500_.jpg" alt="Product Image"></a><p>URBAN DECAY 24/7 Longwear Eyeshadow Single (Sin - Champagne Shimmer), High-Pigment Eye Shadow Compact, Smooth & Blendable Colors, Crease-free, Vegan - 0.06 oz</p><p>$22.00</p><a href="https://www.amazon.com/dp/B092JQ23N5?tag=eloabder-20&linkCode=osi&th=1&psc=1">View Product</a></div><div class="product"><a href="https://www.amazon.com/dp/B01IW02HX2?tag=eloabder-20&linkCode=osi&th=1&psc=1"><img src="https://m.media-amazon.com/images/I/510F-WOAL4L._SL500_.jpg" alt="Product Image"></a><p>NYX PROFESSIONAL MAKEUP Ultimate Shadow Palette, Eyeshadow Palette - Warm Neutrals</p><p>$12.40</p><a href="https://www.amazon.com/dp/B01IW02HX2?tag=eloabder-20&linkCode=osi&th=1&psc=1">View Product</a></div><div class="product"><a href="https://www.amazon.com/dp/B085WR3YDT?tag=eloabder-20&linkCode=osi&th=1&psc=1"><img src="https://m.media-amazon.com/images/I/41cuO8PyoTL._SL500_.jpg" alt="Product Image"></a><p>wet n wild Color Icon Cream Eyeshadow Multi-Stick, Moisturizing, Nourishing Velvety Cream-to-Powder Buildable & Blendable Formula, Cruelty-Free & Vegan - Champagne Room</p><p>$3.28</p><a href="https://www.amazon.com/dp/B085WR3YDT?tag=eloabder-20&linkCode=osi&th=1&psc=1">View Product</a></div><div class="product"><a href="https://www.amazon.com/dp/B00L5SMFJU?tag=eloabder-20&linkCode=osi&th=1&psc=1"><img src="https://m.media-amazon.com/images/I/41-WaM3A3tL._SL500_.jpg" alt="Product Image"></a><p>Covergirl Eye Enhancers Eye Shadow Palette, Natural Nudes, 0.19 Ounce</p><p>$4.97</p><a href="https://www.amazon.com/dp/B00L5SMFJU?tag=eloabder-20&linkCode=osi&th=1&psc=1">View Product</a></div><div class="product"><a href="https://www.amazon.com/dp/B01LW1983J?tag=eloabder-20&linkCode=osi&th=1&psc=1"><img src="https://m.media-amazon.com/images/I/51EsPf59XBL._SL500_.jpg" alt="Product Image"></a><p>Julep Eyeshadow 101 Crème to Powder Waterproof Eyeshadow Stick, Champagne Shimmer</p><p>$18.00</p><a href="https://www.amazon.com/dp/B01LW1983J?tag=eloabder-20&linkCode=osi&th=1&psc=1">View Product</a></div><div class="product"><a href="https://www.amazon.com/dp/B00UKP1M2K?tag=eloabder-20&linkCode=osi&th=1&psc=1"><img src="https://m.media-amazon.com/images/I/41hSsvPHKxL._SL500_.jpg" alt="Product Image"></a><p>Maybelline The Blushed Nudes Eyeshadow Palette Makeup, 12 Pigmented Matte & Shimmer Shades, Blendable Powder, 1 Count</p><p>$9.32</p><a href="https://www.amazon.com/dp/B00UKP1M2K?tag=eloabder-20&linkCode=osi&th=1&psc=1">View Product</a></div><div class="product"><a href="https://www.amazon.com/dp/B073ZBGLJF?tag=eloabder-20&linkCode=osi&th=1&psc=1"><img src="https://m.media-amazon.com/images/I/41go9Ug8AOL._SL500_.jpg" alt="Product Image"></a><p>BestLand 2 Pack 12 Colors Makeup Nude Colors Eyeshadow Palette Natural Nude Matte Shimmer Glitter Pigment Eye Shadow Pallete Set Waterproof Smokey Professional Beauty Makeup Kit (2 PCS)</p><p>$9.99</p><a href="https://www.amazon.com/dp/B073ZBGLJF?tag=eloabder-20&linkCode=osi&th=1&psc=1">View Product</a></div><div class="product"><a href="https://www.amazon.com/dp/B08RS6WNX7?tag=eloabder-20&linkCode=osi&th=1&psc=1"><img src="https://m.media-amazon.com/images/I/51qCii788PL._SL500_.jpg" alt="Product Image"></a><p>wet n wild Color Icon 5-Pan Palette Brown Walking On Eggshells</p><p>$3.19</p><a href="https://www.amazon.com/dp/B08RS6WNX7?tag=eloabder-20&linkCode=osi&th=1&psc=1">View Product</a></div><div class="product"><a href="https://www.amazon.com/dp/B0CV5ZTFCR?tag=eloabder-20&linkCode=osi&th=1&psc=1"><img src="https://m.media-amazon.com/images/I/21inptU-eJL._SL500_.jpg" alt="Product Image"></a><p>Covergirl Clean Eye Color, French Violet, Eyeshadow Sticks, Ultra Creamy Formula, Lightweight, Buildable Formula, Lasts All Day, Smudge-Proof, 0.05oz</p><p>$8.98</p><a href="https://www.amazon.com/dp/B0CV5ZTFCR?tag=eloabder-20&linkCode=osi&th=1&psc=1">View Product</a></div><div class="product"><a href="https://www.amazon.com/dp/B0CXF99TNQ?tag=eloabder-20&linkCode=osi&th=1&psc=1"><img src="https://m.media-amazon.com/images/I/31kCYsLvwwL._SL500_.jpg" alt="Product Image"></a><p>L'Oreal Paris Makeup Paradise Le Shadow Stick Eyeshadow, Blendable, Smudge-Resistant, Cream Eyeshadow, 120 Magnetic Mauve (Shimmering Lavender Mauve), 0.05 Oz</p><p>$9.98</p><a href="https://www.amazon.com/dp/B0CXF99TNQ?tag=eloabder-20&linkCode=osi&th=1&psc=1">View Product</a></div>
<div class="product"><a href="https://www.amazon.com/dp/B0BG7MWNNN?tag=eloabder-20&linkCode=osi&th=1&psc=1"><img src="https://m.media-amazon.com/images/I/41E8W4N+FkL._SL500_.jpg" alt="Product Image"></a><p>Prime Prometics PrimeLash Mascara for Older Women – Volumizing, Incredible Length in 2 Coats – Long-Stay, Zero Clumps, Hypoallergenic (Brown)</p><p>$28.00</p><a href="https://www.amazon.com/dp/B0BG7MWNNN?tag=eloabder-20&linkCode=osi&th=1&psc=1">View Product</a></div><div class="product"><a href="https://www.amazon.com/dp/B00T0C9XRK?tag=eloabder-20&linkCode=osi&th=1&psc=1"><img src="https://m.media-amazon.com/images/I/41IP2ZEXFNL._SL500_.jpg" alt="Product Image"></a><p>essence | Lash Princess False Lash Effect Mascara | Volumizing & Lengthening | Cruelty Free & Paraben Free</p><p>$4.99 ($12.17 / Fl Oz )</p><a href="https://www.amazon.com/dp/B00T0C9XRK?tag=eloabder-20&linkCode=osi&th=1&psc=1">View Product</a></div><div class="product"><a href="https://www.amazon.com/dp/B01DPA6OHO?tag=eloabder-20&linkCode=osi&th=1&psc=1"><img src="https://m.media-amazon.com/images/I/31xGLWu4IKL._SL500_.jpg" alt="Product Image"></a><p>L'Oreal Paris Makeup Voluminous Lash Boosting Conditioning Primer Mascara, White Primer, 0.24 fl; oz.</p><p>$8.98</p><a href="https://www.amazon.com/dp/B01DPA6OHO?tag=eloabder-20&linkCode=osi&th=1&psc=1">View Product</a></div><div class="product"><a href="https://www.amazon.com/dp/B004BD107O?tag=eloabder-20&linkCode=osi&th=1&psc=1"><img src="https://m.media-amazon.com/images/I/31OWqsdljyL._SL500_.jpg" alt="Product Image"></a><p>L'Oreal Paris Makeup Telescopic Original Lengthening Mascara, Blackest Black, 0.27 Fl Oz (1 Count)</p><p>$10.99</p><a href="https://www.amazon.com/dp/B004BD107O?tag=eloabder-20&linkCode=osi&th=1&psc=1">View Product</a></div><div class="product"><a href="https://www.amazon.com/dp/B06XF2TR11?tag=eloabder-20&linkCode=osi&th=1&psc=1"><img src="https://m.media-amazon.com/images/I/31B6RR270IL._SL500_.jpg" alt="Product Image"></a><p>L'Oreal Paris Voluminous Makeup Lash Paradise Mascara, Voluptuous Volume, Intense Length, Feathery Soft Full Lashes, No Flaking, No Smudging, No Clumping, Blackest Black, 1 Count</p><p>$9.97</p><a href="https://www.amazon.com/dp/B06XF2TR11?tag=eloabder-20&linkCode=osi&th=1&psc=1">View Product</a></div><div class="product"><a href="https://www.amazon.com/dp/B00PFCT2R0?tag=eloabder-20&linkCode=osi&th=1&psc=1"><img src="https://m.media-amazon.com/images/I/31RyE6ZtDIL._SL500_.jpg" alt="Product Image"></a><p>Maybelline Lash Sensational Washable Mascara, Lengthening and Volumizing for a Full Fan Effect, Blackest Black, 1 Count</p><p>$9.09</p><a href="https://www.amazon.com/dp/B00PFCT2R0?tag=eloabder-20&linkCode=osi&th=1&psc=1">View Product</a></div><div class="product"><a href="https://www.amazon.com/dp/B08TPCHYLW?tag=eloabder-20&linkCode=osi&th=1&psc=1"><img src="https://m.media-amazon.com/images/I/31EWIaihEwL._SL500_.jpg" alt="Product Image"></a><p>Lancôme Lash Idôle Lash-Lifting & Volumizing Mascara - Black Mascara for Instant Volume, Length & Lift - Smudge Proof & Up To 24H Wear - Black</p><p>$30.00 ($111.11 / Fl Oz)</p><a href="https://www.amazon.com/dp/B08TPCHYLW?tag=eloabder-20&linkCode=osi&th=1&psc=1">View Product</a></div><div class="product"><a href="https://www.amazon.com/dp/B08M96YZN1?tag=eloabder-20&linkCode=osi&th=1&psc=1"><img src="https://m.media-amazon.com/images/I/31ByMmFi-qL._SL500_.jpg" alt="Product Image"></a><p>CoverGirl Lash Blast Clean Volume Mascara, Vegan Formula, Volumizing, Smudge-Proof, Cruelty Free, Very Black, 1 Count</p><p>$9.37</p><a href="https://www.amazon.com/dp/B08M96YZN1?tag=eloabder-20&linkCode=osi&th=1&psc=1">View Product</a></div>
<div class="product"><a href="https://www.amazon.com/dp/B0C9TXLWLY?tag=eloabder-20&linkCode=osi&th=1&psc=1"><img src="https://m.media-amazon.com/images/I/31-5KVw5KDL._SL500_.jpg" alt="Product Image"></a><p>PRIME PROMETICS PrimeEyes Glide Eyeliner for Mature Women – Water-Resistant, Long-Stay and Mess-Proof – Gel Cream Texture, Discreet Sharpener and Effective Smudger (Black)</p><p>$28.00 ($28.00 / Count)</p><a href="https://www.amazon.com/dp/B0C9TXLWLY?tag=eloabder-20&linkCode=osi&th=1&psc=1">View Product</a></div><div class="product"><a href="https://www.amazon.com/dp/B07MWSXPT1?tag=eloabder-20&linkCode=osi&th=1&psc=1"><img src="https://m.media-amazon.com/images/I/315xthaPi6L._SL500_.jpg" alt="Product Image"></a><p>e.l.f. No Budge Retractable Eyeliner, Creamy, Ultra-Pigmented & Waterproof, Creates Bold & Defined Lines, Vegan & Cruelty-Free, Black 0.006 Oz</p><p>$4.00</p><a href="https://www.amazon.com/dp/B07MWSXPT1?tag=eloabder-20&linkCode=osi&th=1&psc=1">View Product</a></div><div class="product"><a href="https://www.amazon.com/dp/B074Y8LM6T?tag=eloabder-20&linkCode=osi&th=1&psc=1"><img src="https://m.media-amazon.com/images/I/316blXt1KxL._SL500_.jpg" alt="Product Image"></a><p>NYX PROFESSIONAL MAKEUP Epic Ink Liner, Waterproof Liquid Eyeliner - Black, Vegan Formula</p><p>$8.06</p><a href="https://www.amazon.com/dp/B074Y8LM6T?tag=eloabder-20&linkCode=osi&th=1&psc=1">View Product</a></div><div class="product"><a href="https://www.amazon.com/dp/B01J1A3TFW?tag=eloabder-20&linkCode=osi&th=1&psc=1"><img src="https://m.media-amazon.com/images/I/51z42sdOArL._SL500_.jpg" alt="Product Image"></a><p>Revlon Pencil Eyeliner, ColorStay Eye Makeup with Built-in Sharpener, Waterproof, Smudge-proof, Longwearing with Ultra-Fine Tip, 201 Black, 2 count (Pack of 1)</p><p>$11.38</p><a href="https://www.amazon.com/dp/B01J1A3TFW?tag=eloabder-20&linkCode=osi&th=1&psc=1">View Product</a></div><div class="product"><a href="https://www.amazon.com/dp/B07W8JJ61X?tag=eloabder-20&linkCode=osi&th=1&psc=1"><img src="https://m.media-amazon.com/images/I/31wj5vRROwL._SL500_.jpg" alt="Product Image"></a><p>Maybelline Hyper Easy Liquid Pen No-Skip Eyeliner, Satin Finish, Waterproof Formula, Pitch Black, 0.018 Fl Oz</p><p>$8.38</p><a href="https://www.amazon.com/dp/B07W8JJ61X?tag=eloabder-20&linkCode=osi&th=1&psc=1">View Product</a></div><div class="product"><a href="https://www.amazon.com/dp/B005G9E9FW?tag=eloabder-20&linkCode=osi&th=1&psc=1"><img src="https://m.media-amazon.com/images/I/51poZdEojrL._SL500_.jpg" alt="Product Image"></a><p>NYX PROFESSIONAL MAKEUP Vivid Rich Mechanical Eye Pencil, Vivid Rich Mechanical, Creamy Retractable Eyeliner - Smokin Topaz, Brown Eyeliner</p><p>$6.00</p><a href="https://www.amazon.com/dp/B005G9E9FW?tag=eloabder-20&linkCode=osi&th=1&psc=1">View Product</a></div><div class="product"><a href="https://www.amazon.com/dp/B07NX61ZHN?tag=eloabder-20&linkCode=osi&th=1&psc=1"><img src="https://m.media-amazon.com/images/I/31kQNTwJazL._SL500_.jpg" alt="Product Image"></a><p>Rimmel London exaggerate auto waterproof eye definer in blackest black, 2 Count</p><p>$6.97</p><a href="https://www.amazon.com/dp/B07NX61ZHN?tag=eloabder-20&linkCode=osi&th=1&psc=1">View Product</a></div><div class="product"><a href="https://www.amazon.com/dp/B0BQWT8R9K?tag=eloabder-20&linkCode=osi&th=1&psc=1"><img src="https://m.media-amazon.com/images/I/31F1asQuosL._SL500_.jpg" alt="Product Image"></a><p>wet n wild Breakup Proof Liquid Eyeliner - Ultra-Fine Brush, Waterproof, Long-Lasting - Cruelty-Free & Vegan - Ultra Black</p><p>$4.04</p><a href="https://www.amazon.com/dp/B0BQWT8R9K?tag=eloabder-20&linkCode=osi&th=1&psc=1">View Product</a></div><div class="product"><a href="https://www.amazon.com/dp/B082YPRCMM?tag=eloabder-20&linkCode=osi&th=1&psc=1"><img src="https://m.media-amazon.com/images/I/317ubI9GTBL._SL500_.jpg" alt="Product Image"></a><p>wet n wild Mega Last Breakup Proof Eyeliner, Quick Drying, Waterproof, 16-Hour Wear - Cruelty-Free & Vegan - Blackest Black</p><p>$2.28</p><a href="https://www.amazon.com/dp/B082YPRCMM?tag=eloabder-20&linkCode=osi&th=1&psc=1">View Product</a></div><div class="product"><a href="https://www.amazon.com/dp/B07GX832KD?tag=eloabder-20&linkCode=osi&th=1&psc=1"><img src="https://m.media-amazon.com/images/I/315wR2F58-L._SL500_.jpg" alt="Product Image"></a><p>Maybelline TattooStudio Long-Lasting Sharpenable Eyeliner Pencil, Glide on Smooth Gel Pigments with 36 Hour Wear, Waterproof, Deep Onyx, 1 Count</p><p>$6.66</p><a href="https://www.amazon.com/dp/B07GX832KD?tag=eloabder-20&linkCode=osi&th=1&psc=1">View Product</a></div>
<div class="product"><a href="https://www.amazon.com/dp/B09T8DQ1SG?tag=eloabder-20&linkCode=osi&th=1&psc=1"><img src="https://m.media-amazon.com/images/I/41gpuwrIhOL._SL500_.jpg" alt="Product Image"></a><p>Maybelline Super Stay Vinyl Ink Longwear No-Budge Liquid Lipcolor Makeup, Highly Pigmented Color and Instant Shine, Royal, Deep Wine Red Lipstick, 0.14 fl oz, 1 Count</p><p>$9.82</p><a href="https://www.amazon.com/dp/B09T8DQ1SG?tag=eloabder-20&linkCode=osi&th=1&psc=1">View Product</a></div><div class="product"><a href="https://www.amazon.com/dp/B004BCTEF0?tag=eloabder-20&linkCode=osi&th=1&psc=1"><img src="https://m.media-amazon.com/images/I/31G9f-P8tML._SL500_.jpg" alt="Product Image"></a><p>L’Oréal Paris Colour Riche Original Creamy, Hydrating Satin Lipstick with Argan Oil and Vitamin E, Saucy Mauve , 1 Count</p><p>$6.71</p><a href="https://www.amazon.com/dp/B004BCTEF0?tag=eloabder-20&linkCode=osi&th=1&psc=1">View Product</a></div><div class="product"><a href="https://www.amazon.com/dp/B08H4FSGDX?tag=eloabder-20&linkCode=osi&th=1&psc=1"><img src="https://m.media-amazon.com/images/I/31OAiyoloML._SL500_.jpg" alt="Product Image"></a><p>Maybelline Super Stay Matte Ink Liquid Lipstick Makeup, Long Lasting High Impact Color, Up to 16H Wear, Exhilarator, Ruby Red, 1 Count</p><p>$9.18</p><a href="https://www.amazon.com/dp/B08H4FSGDX?tag=eloabder-20&linkCode=osi&th=1&psc=1">View Product</a></div><div class="product"><a href="https://www.amazon.com/dp/B07XTTDTWR?tag=eloabder-20&linkCode=osi&th=1&psc=1"><img src="https://m.media-amazon.com/images/I/31M4QldCq3L._SL500_.jpg" alt="Product Image"></a><p>REVLON Lipstick, Super Lustrous Lipstick, Creamy Formula For Soft, Fuller-Looking Lips, Moisturized Feel in Nudes & Browns, Bare It All (755) 0.15 oz</p><p>$6.48</p><a href="https://www.amazon.com/dp/B07XTTDTWR?tag=eloabder-20&linkCode=osi&th=1&psc=1">View Product</a></div><div class="product"><a href="https://www.amazon.com/dp/B079KFP7NT?tag=eloabder-20&linkCode=osi&th=1&psc=1"><img src="https://m.media-amazon.com/images/I/41Ih8G0FSmL._SL500_.jpg" alt="Product Image"></a><p>wet n wild Silk Finish Lipstick, Hydrating Rich Buildable Lip Color, Formulated with Vitamins A,E, & Macadamia for Ultimate Hydration, Cruelty-Free & Vegan - Raging Red</p><p>$1.29</p><a href="https://www.amazon.com/dp/B079KFP7NT?tag=eloabder-20&linkCode=osi&th=1&psc=1">View Product</a></div><div class="product"><a href="https://www.amazon.com/dp/B002F3R44K?tag=eloabder-20&linkCode=osi&th=1&psc=1"><img src="https://m.media-amazon.com/images/I/41-gXIE96GL._SL500_.jpg" alt="Product Image"></a><p>Revlon Lipstick, Super Lustrous Lipstick, Creamy Formula For Soft, Fuller-Looking Lips, Moisturized Feel in Pinks, Pink In The Afternoon (415) 0.15 oz</p><p>$6.48</p><a href="https://www.amazon.com/dp/B002F3R44K?tag=eloabder-20&linkCode=osi&th=1&psc=1">View Product</a></div><div class="product"><a href="https://www.amazon.com/dp/B001LFER98?tag=eloabder-20&linkCode=osi&th=1&psc=1"><img src="https://m.media-amazon.com/images/I/41wezVKuIoL._SL500_.jpg" alt="Product Image"></a><p>REVLON Lipstick, Super Lustrous Lipstick, Creamy Formula For Soft, Fuller-Looking Lips, Moisturized Feel in Reds & Corals, Peach Me (628) 0.15 oz</p><p>$4.99</p><a href="https://www.amazon.com/dp/B001LFER98?tag=eloabder-20&linkCode=osi&th=1&psc=1">View Product</a></div><div class="product"><a href="https://www.amazon.com/dp/B082YQ2978?tag=eloabder-20&linkCode=osi&th=1&psc=1"><img src="https://m.media-amazon.com/images/I/31QsMhXUSeL._SL500_.jpg" alt="Product Image"></a><p>wet n wild Mega Last High-Shine Lipstick Lip Color, Infused with Seed Oils For a Nourishing High-Shine, Buildable & Blendable Creamy Color, Cruelty-Free & Vegan - Mad for Mauve</p><p>$2.28</p><a href="https://www.amazon.com/dp/B082YQ2978?tag=eloabder-20&linkCode=osi&th=1&psc=1">View Product</a></div>
<div class="product"><a href="https://www.amazon.com/dp/B09SP2XHKT?tag=eloabder-20&linkCode=osi&th=1&psc=1"><img src="https://m.media-amazon.com/images/I/31KGrScgA8L._SL500_.jpg" alt="Product Image"></a><p>NYX PROFESSIONAL MAKEUP Butter Gloss, Non-Sticky Lip Gloss - Sugar Glass (Clear)</p><p>$5.99</p><a href="https://www.amazon.com/dp/B09SP2XHKT?tag=eloabder-20&linkCode=osi&th=1&psc=1">View Product</a></div><div class="product"><a href="https://www.amazon.com/dp/B08GSTZ7ZW?tag=eloabder-20&linkCode=osi&th=1&psc=1"><img src="https://m.media-amazon.com/images/I/41nPuTtXVgL._SL500_.jpg" alt="Product Image"></a><p>Ruby Kisses Broadway Vita-Lip Clear Lip Gloss - Moisturizing, Hydrating, Nourishing with Mint, Rosehip, Coconut, Mango, Argan, Honey & Shea</p><p>$7.99 ($2.12 / Ounce)</p><a href="https://www.amazon.com/dp/B08GSTZ7ZW?tag=eloabder-20&linkCode=osi&th=1&psc=1">View Product</a></div><div class="product"><a href="https://www.amazon.com/dp/B015RPE14S?tag=eloabder-20&linkCode=osi&th=1&psc=1"><img src="https://m.media-amazon.com/images/I/31FRC3fz7EL._SL500_.jpg" alt="Product Image"></a><p>L.A. Colors High Shine Shea Butter Lip Gloss, Clear, 0.14 Ounce</p><p>$1.98</p><a href="https://www.amazon.com/dp/B015RPE14S?tag=eloabder-20&linkCode=osi&th=1&psc=1">View Product</a></div><div class="product"><a href="https://www.amazon.com/dp/B00Q26VWZI?tag=eloabder-20&linkCode=osi&th=1&psc=1"><img src="https://m.media-amazon.com/images/I/31Bqig96T0L._SL500_.jpg" alt="Product Image"></a><p>Rimmel Stay Glossy Lip Gloss - Non-Sticky and Lightweight Formula for Lip Color and Shine - 130 Blushing Belgraves, .18oz</p><p>$4.32</p><a href="https://www.amazon.com/dp/B00Q26VWZI?tag=eloabder-20&linkCode=osi&th=1&psc=1">View Product</a></div><div class="product"><a href="https://www.amazon.com/dp/B0C1MH8R2M?tag=eloabder-20&linkCode=osi&th=1&psc=1"><img src="https://m.media-amazon.com/images/I/31adT7DtBYL._SL500_.jpg" alt="Product Image"></a><p>Maybelline New York Lifter Gloss Hydrating Lip Gloss with Hyaluronic Acid, Gummy Bear, Sheer Light Pink, 1 Count</p><p>$8.98</p><a href="https://www.amazon.com/dp/B0C1MH8R2M?tag=eloabder-20&linkCode=osi&th=1&psc=1">View Product</a></div><div class="product"><a href="https://www.amazon.com/dp/B01N1ZC8JZ?tag=eloabder-20&linkCode=osi&th=1&psc=1"><img src="https://m.media-amazon.com/images/I/41fsaqWz6SL._SL500_.jpg" alt="Product Image"></a><p>Broadway Vita-Lip Clear Lip Gloss 0.47oz/14ml (5PCS Mint & Coconut & Rosehip & Mango Butter & Argan Oil) (5 PCS SET)</p><p>$5.99</p><a href="https://www.amazon.com/dp/B01N1ZC8JZ?tag=eloabder-20&linkCode=osi&th=1&psc=1">View Product</a></div><div class="product"><a href="https://www.amazon.com/dp/B07DY2QRF6?tag=eloabder-20&linkCode=osi&th=1&psc=1"><img src="https://m.media-amazon.com/images/I/31qXrVfhvCL._SL500_.jpg" alt="Product Image"></a><p>LANEIGE Lip Glowy Balm Berry: Hydrate, Glossy, Lightweight, Moisturize & Tint with Shea Butter</p><p>$19.00 ($54.29 / Ounce)</p><a href="https://www.amazon.com/dp/B07DY2QRF6?tag=eloabder-20&linkCode=osi&th=1&psc=1">View Product</a></div><div class="product"><a href="https://www.amazon.com/dp/B09DMGWJKY?tag=eloabder-20&linkCode=osi&th=1&psc=1"><img src="https://m.media-amazon.com/images/I/41nIFmIKHRL._SL500_.jpg" alt="Product Image"></a><p>Broadway Vita-Lip Clear Lip Gloss Moisturizing Hydrating Nourishing Long Lasting High Shine Glossy Lip Care Gloss 0.47oz/14ml (10 PCS SET)</p><p>$9.99</p><a href="https://www.amazon.com/dp/B09DMGWJKY?tag=eloabder-20&linkCode=osi&th=1&psc=1">View Product</a></div><div class="product"><a href="https://www.amazon.com/dp/B0BSR85M24?tag=eloabder-20&linkCode=osi&th=1&psc=1"><img src="https://m.media-amazon.com/images/I/31eKHNoE3KL._SL500_.jpg" alt="Product Image"></a><p>e.l.f. Lip Lacquer, Nourishing, Non-Sticky Ultra-Shine Lip Gloss With Sheer Color, Infused With Vitamins A & E, Vegan & Cruelty-Free, Whisper Pink</p><p>$3.00</p><a href="https://www.amazon.com/dp/B0BSR85M24?tag=eloabder-20&linkCode=osi&th=1&psc=1">View Product</a></div><div class="product"><a href="https://www.amazon.com/dp/B081C6PXZJ?tag=eloabder-20&linkCode=osi&th=1&psc=1"><img src="https://m.media-amazon.com/images/I/51+emO79aqL._SL500_.jpg" alt="Product Image"></a><p>NICKA K NEW YORK VARIETY SET OF 5 NK Hydrating Lip Gel - Vitamin E (Clear, Rosehip Oil, Bubble Gum, Cherry, Strawberry)</p><p>$5.43</p><a href="https://www.amazon.com/dp/B081C6PXZJ?tag=eloabder-20&linkCode=osi&th=1&psc=1">View Product</a></div>
<div class="product"><a href="https://www.amazon.com/dp/B07PNCB73M?tag=eloabder-20&linkCode=osi&th=1&psc=1"><img src="https://m.media-amazon.com/images/I/41+KYSFOLML._SL500_.jpg" alt="Product Image"></a><p>Milani Baked Blush - Petal Primavera (0.12 Ounce) Cruelty-Free Powder Blush - Shape, Contour & Highlight Face for a Shimmery or Matte Finish</p><p>$8.97</p><a href="https://www.amazon.com/dp/B07PNCB73M?tag=eloabder-20&linkCode=osi&th=1&psc=1">View Product</a></div><div class="product"><a href="https://www.amazon.com/dp/B0CZ5HLDK9?tag=eloabder-20&linkCode=osi&th=1&psc=1"><img src="https://m.media-amazon.com/images/I/41rZu1cS8QL._SL500_.jpg" alt="Product Image"></a><p>NYX PROFESSIONAL MAKEUP Buttermelt Powder Blush, Fade and Transfer-Resistant Blush, Up to 12HR Make Up Wear, Vegan Formula - For The Butta</p><p>$9.97</p><a href="https://www.amazon.com/dp/B0CZ5HLDK9?tag=eloabder-20&linkCode=osi&th=1&psc=1">View Product</a></div><div class="product"><a href="https://www.amazon.com/dp/B0CPFYGNR7?tag=eloabder-20&linkCode=osi&th=1&psc=1"><img src="https://m.media-amazon.com/images/I/31EJvMa7jyL._SL500_.jpg" alt="Product Image"></a><p>e.l.f. Camo Liquid Blush, Long-lasting Liquid Blush For High-pigment Color, Creates A Soft, Dewy Finish, Vegan & Cruelty-free, Dusty Rosé</p><p>$7.00</p><a href="https://www.amazon.com/dp/B0CPFYGNR7?tag=eloabder-20&linkCode=osi&th=1&psc=1">View Product</a></div><div class="product"><a href="https://www.amazon.com/dp/B06XDNPXD1?tag=eloabder-20&linkCode=osi&th=1&psc=1"><img src="https://m.media-amazon.com/images/I/41IryPTf51L._SL500_.jpg" alt="Product Image"></a><p>Maybelline Fit Me Powder Blush, Lightweight, Smooth, Blendable, Long-lasting All-Day Face Enhancing Makeup Color, Mauve, 1 Count</p><p>$4.62</p><a href="https://www.amazon.com/dp/B06XDNPXD1?tag=eloabder-20&linkCode=osi&th=1&psc=1">View Product</a></div><div class="product"><a href="https://www.amazon.com/dp/B082YPNTZ4?tag=eloabder-20&linkCode=osi&th=1&psc=1"><img src="https://m.media-amazon.com/images/I/41vtXkWXs8L._SL500_.jpg" alt="Product Image"></a><p>wet n wild Color Icon Blush, Effortless Glow & Seamless Blend infused with Luxuriously Smooth Jojoba Oil, Sheer Finish with a Matte Natural Glow, Cruelty-Free & Vegan - Pinch Me Pink</p><p>$3.28</p><a href="https://www.amazon.com/dp/B082YPNTZ4?tag=eloabder-20&linkCode=osi&th=1&psc=1">View Product</a></div><div class="product"><a href="https://www.amazon.com/dp/B0CPFWJJQJ?tag=eloabder-20&linkCode=osi&th=1&psc=1"><img src="https://m.media-amazon.com/images/I/41+GdEwyGqL._SL500_.jpg" alt="Product Image"></a><p>e.l.f. Primer-Infused Matte Blush, Long-Lasting, Lightweight & Buildable Powder Blush, Delivers A Matte Finish, Vegan & Cruelty-Free, Always Crushing</p><p>$7.00</p><a href="https://www.amazon.com/dp/B0CPFWJJQJ?tag=eloabder-20&linkCode=osi&th=1&psc=1">View Product</a></div><div class="product"><a href="https://www.amazon.com/dp/B0B64GX5LN?tag=eloabder-20&linkCode=osi&th=1&psc=1"><img src="https://m.media-amazon.com/images/I/31aZBeyUSsL._SL500_.jpg" alt="Product Image"></a><p>LAURA GELLER NEW YORK Serum Blush Tint, Lightweight Liquid Blush for Cheeks, Weightless Watercolor Sheer Finish, Practical Pink</p><p>$15.74</p><a href="https://www.amazon.com/dp/B0B64GX5LN?tag=eloabder-20&linkCode=osi&th=1&psc=1">View Product</a></div><div class="product"><a href="https://www.amazon.com/dp/B00J56D0G6?tag=eloabder-20&linkCode=osi&th=1&psc=1"><img src="https://m.media-amazon.com/images/I/31MVN0QAhfL._SL500_.jpg" alt="Product Image"></a><p>e.l.f. Cosmetics Powder Blush Palette, Four Blush Shades for Beautiful, Long-Lasting Pigment, Light</p><p>$6.00</p><a href="https://www.amazon.com/dp/B00J56D0G6?tag=eloabder-20&linkCode=osi&th=1&psc=1">View Product</a></div><div class="product"><a href="https://www.amazon.com/dp/B0BHFBBH25?tag=eloabder-20&linkCode=osi&th=1&psc=1"><img src="https://m.media-amazon.com/images/I/31uqOuPPf5L._SL500_.jpg" alt="Product Image"></a><p>SHEGLAM Color Bloom Liquid Blush Makeup for Cheeks Matte Finish - Love Cake</p><p>$6.99</p><a href="https://www.amazon.com/dp/B0BHFBBH25?tag=eloabder-20&linkCode=osi&th=1&psc=1">View Product</a></div><div class="product"><a href="https://www.amazon.com/dp/B07J47FHR1?tag=eloabder-20&linkCode=osi&th=1&psc=1"><img src="https://m.media-amazon.com/images/I/41Xyor9x2SL._SL500_.jpg" alt="Product Image"></a><p>Nars Blush in ORGASM Full Size 0.16 oz. / 4.8 g in Retail Box New Edition</p><p>$22.00</p><a href="https://www.amazon.com/dp/B07J47FHR1?tag=eloabder-20&linkCode=osi&th=1&psc=1">View Product</a></div>
<div class="product"><a href="https://www.amazon.com/dp/B018B8Q5Z6?tag=eloabder-20&linkCode=osi&th=1&psc=1"><img src="https://m.media-amazon.com/images/I/41D9ZHQRaSL._SL500_.jpg" alt="Product Image"></a><p>Physicians Formula Murumuru Butter Bronzer, Moisturizing, Nourishing Murumuru Butter Blend for Silky All-Day Luminous Glow, Dermatologist Tested, Hypoallergenic, Vegan & Cruelty-Free -Bronzer</p><p>$12.15</p><a href="https://www.amazon.com/dp/B018B8Q5Z6?tag=eloabder-20&linkCode=osi&th=1&psc=1">View Product</a></div><div class="product"><a href="https://www.amazon.com/dp/B001B0H82Q?tag=eloabder-20&linkCode=osi&th=1&psc=1"><img src="https://m.media-amazon.com/images/I/41I3B-YoLkL._SL500_.jpg" alt="Product Image"></a><p>Rimmel London Natural - 022 Sun Bronze - Bronzer, Matte Finish, 0.49oz</p><p>$3.97</p><a href="https://www.amazon.com/dp/B001B0H82Q?tag=eloabder-20&linkCode=osi&th=1&psc=1">View Product</a></div><div class="product"><a href="https://www.amazon.com/dp/B0BM5HX7DN?tag=eloabder-20&linkCode=osi&th=1&psc=1"><img src="https://m.media-amazon.com/images/I/41DwoHQgzsL._SL500_.jpg" alt="Product Image"></a><p>Benefit Hoola Matte Bronzer Mini 0.08 Ounce</p><p>$17.92</p><a href="https://www.amazon.com/dp/B0BM5HX7DN?tag=eloabder-20&linkCode=osi&th=1&psc=1">View Product</a></div><div class="product"><a href="https://www.amazon.com/dp/B07M7NGVW7?tag=eloabder-20&linkCode=osi&th=1&psc=1"><img src="https://m.media-amazon.com/images/I/51dvod9PjTL._SL500_.jpg" alt="Product Image"></a><p>wet n wild Color Icon Bronzer What Shady Beaches</p><p>$2.96</p><a href="https://www.amazon.com/dp/B07M7NGVW7?tag=eloabder-20&linkCode=osi&th=1&psc=1">View Product</a></div><div class="product"><a href="https://www.amazon.com/dp/B0CPFVTY7M?tag=eloabder-20&linkCode=osi&th=1&psc=1"><img src="https://m.media-amazon.com/images/I/41rO68Q0mlL._SL500_.jpg" alt="Product Image"></a><p>e.l.f. Primer-Infused Bronzer, Long-Lasting, Lightweight & Buildable Powder Bronzer, Delivers A Matte Finish, Vegan & Cruelty-Free, Fresh Tan</p><p>$7.00</p><a href="https://www.amazon.com/dp/B0CPFVTY7M?tag=eloabder-20&linkCode=osi&th=1&psc=1">View Product</a></div><div class="product"><a href="https://www.amazon.com/dp/B07ZR187P5?tag=eloabder-20&linkCode=osi&th=1&psc=1"><img src="https://m.media-amazon.com/images/I/410nkMFZLYL._SL500_.jpg" alt="Product Image"></a><p>e.l.f. Primer-infused Bronzer, Long-Wear, Matte, Bold, Lightweight, Blends Easily, Contours Cheeks, Forever Sun Kissed, All-Day Wear, 0.35 Oz</p><p>$7.00 ($20.00 / Ounce)</p><a href="https://www.amazon.com/dp/B07ZR187P5?tag=eloabder-20&linkCode=osi&th=1&psc=1">View Product</a></div><div class="product"><a href="https://www.amazon.com/dp/B00518N3VE?tag=eloabder-20&linkCode=osi&th=1&psc=1"><img src="https://m.media-amazon.com/images/I/41SzIseWK6L._SL500_.jpg" alt="Product Image"></a><p>Milani Baked Bronzer - Glow, Cruelty-Free Shimmer Bronzing Powder to Use For Contour Makeup, Highlighters Makeup, Bronzer Makeup, 0.25 Ounce</p><p>$9.97 ($39.88 / Ounce)</p><a href="https://www.amazon.com/dp/B00518N3VE?tag=eloabder-20&linkCode=osi&th=1&psc=1">View Product</a></div><div class="product"><a href="https://www.amazon.com/dp/B0CNTYPSSZ?tag=eloabder-20&linkCode=osi&th=1&psc=1"><img src="https://m.media-amazon.com/images/I/416D4Z7hQ8L._SL500_.jpg" alt="Product Image"></a><p>Milani Cheek Kiss Cream Bronzer-110 Hey Honey</p><p>$9.97</p><a href="https://www.amazon.com/dp/B0CNTYPSSZ?tag=eloabder-20&linkCode=osi&th=1&psc=1">View Product</a></div><div class="product"><a href="https://www.amazon.com/dp/B006WZ9O72?tag=eloabder-20&linkCode=osi&th=1&psc=1"><img src="https://m.media-amazon.com/images/I/51rDNo9JnqL._SL500_.jpg" alt="Product Image"></a><p>Physicians Formula Bronze Booster Glow-Boosting Season-to-Season, Customizable Seasonal Glow Glow, Lasting Tan Boost, Hypoallergenic Powder, Cruelty-Free & Hypoallergenic- Light-to-Medium</p><p>$12.98</p><a href="https://www.amazon.com/dp/B006WZ9O72?tag=eloabder-20&linkCode=osi&th=1&psc=1">View Product</a></div>
<div class="product"><a href="https://www.amazon.com/dp/B09288DSSX?tag=eloabder-20&linkCode=osi&th=1&psc=1"><img src="https://m.media-amazon.com/images/I/417z6evbmhL._SL500_.jpg" alt="Product Image"></a><p>KYDA Face Highlighter Palette, High Glossy Face Illuminator Palette, Narutal Glow Finish, Pearl Shimmer Smooth Baked Powder, Lasting Sparkling Highlighter Makeup-SUN GLOW</p><p>$9.99</p><a href="https://www.amazon.com/dp/B09288DSSX?tag=eloabder-20&linkCode=osi&th=1&psc=1">View Product</a></div><div class="product"><a href="https://www.amazon.com/dp/B082YPL2SV?tag=eloabder-20&linkCode=osi&th=1&psc=1"><img src="https://m.media-amazon.com/images/I/51Y+MCkwArL._SL500_.jpg" alt="Product Image"></a><p>Wet n Wild MegaGlo Blushlighter, Blendable Blush & Highlighter Set, Shimmery Metallic Finish, Highlight Bling</p><p>$5.47</p><a href="https://www.amazon.com/dp/B082YPL2SV?tag=eloabder-20&linkCode=osi&th=1&psc=1">View Product</a></div><div class="product"><a href="https://www.amazon.com/dp/B0C41PSDZF?tag=eloabder-20&linkCode=osi&th=1&psc=1"><img src="https://m.media-amazon.com/images/I/41FLNU-tL-L._SL500_.jpg" alt="Product Image"></a><p>NYX PROFESSIONAL MAKEUP, Jumbo Multi-Use Face Highlighter Stick - Vanilla Ice Cream</p><p>$7.97</p><a href="https://www.amazon.com/dp/B0C41PSDZF?tag=eloabder-20&linkCode=osi&th=1&psc=1">View Product</a></div><div class="product"><a href="https://www.amazon.com/dp/B0C6V67KJW?tag=eloabder-20&linkCode=osi&th=1&psc=1"><img src="https://m.media-amazon.com/images/I/31Yh8b8JEjL._SL500_.jpg" alt="Product Image"></a><p>e.l.f. Halo Glow Highlight Beauty Wand, Liquid Highlighter Wand For Luminous, Glowing Skin, Buildable Formula, Vegan & Cruelty-free,Champagne Campaign</p><p>$9.00</p><a href="https://www.amazon.com/dp/B0C6V67KJW?tag=eloabder-20&linkCode=osi&th=1&psc=1">View Product</a></div><div class="product"><a href="https://www.amazon.com/dp/B073WMG59J?tag=eloabder-20&linkCode=osi&th=1&psc=1"><img src="https://m.media-amazon.com/images/I/51fz8bpJNNL._SL500_.jpg" alt="Product Image"></a><p>wet n wild MegaGlo Highlighting Powder, Highlighter Makeup, Shimmer Glow, Pink Rose Gold Blossom Glow</p><p>$5.41</p><a href="https://www.amazon.com/dp/B073WMG59J?tag=eloabder-20&linkCode=osi&th=1&psc=1">View Product</a></div><div class="product"><a href="https://www.amazon.com/dp/B07QPY11KY?tag=eloabder-20&linkCode=osi&th=1&psc=1"><img src="https://m.media-amazon.com/images/I/312T7p8cW6L._SL500_.jpg" alt="Product Image"></a><p>Revolution Beauty, Reloaded Pressed Powder Highlighter, Intensely Pigmented for a High Impact Dewy Finish, Dare To Divulge, 0.22 Oz.</p><p>$6.91</p><a href="https://www.amazon.com/dp/B07QPY11KY?tag=eloabder-20&linkCode=osi&th=1&psc=1">View Product</a></div><div class="product"><a href="https://www.amazon.com/dp/B074PTZCNW?tag=eloabder-20&linkCode=osi&th=1&psc=1"><img src="https://m.media-amazon.com/images/I/31btEAGukiL._SL500_.jpg" alt="Product Image"></a><p>L'Oreal Paris Makeup True Match Lumi Glotion, Natural Glow Enhancer, Illuminator Highlighter Skin Tint, for an All Day Radiant Glow, Light, 1.35 Ounces</p><p>$12.81</p><a href="https://www.amazon.com/dp/B074PTZCNW?tag=eloabder-20&linkCode=osi&th=1&psc=1">View Product</a></div><div class="product"><a href="https://www.amazon.com/dp/B075K784FK?tag=eloabder-20&linkCode=osi&th=1&psc=1"><img src="https://m.media-amazon.com/images/I/51q6Nf009iL._SL500_.jpg" alt="Product Image"></a><p>Physicians Formula Murumuru Butter Highlighter Makeup Face Powder Make Up, Pearl, Dermatologist Approved</p><p>$10.00</p><a href="https://www.amazon.com/dp/B075K784FK?tag=eloabder-20&linkCode=osi&th=1&psc=1">View Product</a></div><div class="product"><a href="https://www.amazon.com/dp/B0BD9HYBKD?tag=eloabder-20&linkCode=osi&th=1&psc=1"><img src="https://m.media-amazon.com/images/I/319tXl8nMUL._SL500_.jpg" alt="Product Image"></a><p>LAURA GELLER NEW YORK Baked Natural Glow Highlighter Radiance Enhancing Makeup, French Vanilla</p><p>$18.99</p><a href="https://www.amazon.com/dp/B0BD9HYBKD?tag=eloabder-20&linkCode=osi&th=1&psc=1">View Product</a></div><div class="product"><a href="https://www.amazon.com/dp/B083574V27?tag=eloabder-20&linkCode=osi&th=1&psc=1"><img src="https://m.media-amazon.com/images/I/41fyFVpDrXL._SL500_.jpg" alt="Product Image"></a><p>Milani Baked Highlighter (Dolce Perla) - Cruelty-Free Powder Highlighter, Highlight Face for a Shimmery or Matte Finish</p><p>$10.97 ($39.18 / Ounce)</p><a href="https://www.amazon.com/dp/B083574V27?tag=eloabder-20&linkCode=osi&th=1&psc=1">View Product</a></div>
<div class="product"><a href="https://www.amazon.com/dp/B0CMHSNYG8?tag=eloabder-20&linkCode=osi&th=1&psc=1"><img src="https://m.media-amazon.com/images/I/51iVcKQ6eIL._SL500_.jpg" alt="Product Image"></a><p>JODSONE Gel Nail Set 20 Colors High Shine Gorgeous Gel Polish Base Top Matte Coat Nice Gifts Show Charm</p><p>$19.99</p><a href="https://www.amazon.com/dp/B0CMHSNYG8?tag=eloabder-20&linkCode=osi&th=1&psc=1">View Product</a></div><div class="product"><a href="https://www.amazon.com/dp/B09KC56289?tag=eloabder-20&linkCode=osi&th=1&psc=1"><img src="https://m.media-amazon.com/images/I/51M-P1nM7QL._SL500_.jpg" alt="Product Image"></a><p>JODSONE 36 PCS Gel Nail Polish Set-32 Colors Gel Polish Kit Base Coat Glossy Matte and Glitter Top Coat Nail Polish Set Green Blue Red Pink Collection Gifts for Women</p><p>$25.99</p><a href="https://www.amazon.com/dp/B09KC56289?tag=eloabder-20&linkCode=osi&th=1&psc=1">View Product</a></div><div class="product"><a href="https://www.amazon.com/dp/B00GXVVDG0?tag=eloabder-20&linkCode=osi&th=1&psc=1"><img src="https://m.media-amazon.com/images/I/21vF-y2FfJL._SL500_.jpg" alt="Product Image"></a><p>Essie Nail Polish, Salon-Quality, 8-free Vegan, Finish, Mademoiselle, 0.46 Ounces (Packaging May Vary) Sheer Pink</p><p>$8.99</p><a href="https://www.amazon.com/dp/B00GXVVDG0?tag=eloabder-20&linkCode=osi&th=1&psc=1">View Product</a></div><div class="product"><a href="https://www.amazon.com/dp/B0987JZSP8?tag=eloabder-20&linkCode=osi&th=1&psc=1"><img src="https://m.media-amazon.com/images/I/31VZYZfCKbL._SL500_.jpg" alt="Product Image"></a><p>OPI Nature Strong Vegan Nail Polish, Knowledge is Flower, Pink Nail Polish, Natural Origin, Cruelty-Free Nail Lacquer, 0.5 fl oz.</p><p>$12.99 ($25.98 / Fl Oz)</p><a href="https://www.amazon.com/dp/B0987JZSP8?tag=eloabder-20&linkCode=osi&th=1&psc=1">View Product</a></div><div class="product"><a href="https://www.amazon.com/dp/B0CYLRWVVF?tag=eloabder-20&linkCode=osi&th=1&psc=1"><img src="https://m.media-amazon.com/images/I/51G1EY8ny6L._SL500_.jpg" alt="Product Image"></a><p>modelones Pearl Nail Polish 6 Colors Shimmer Pearl White Pink Mermaid Purple Nail Polish Set Summer Quick Dry Nail Polish Finger Nail Polish Bulk Manicure Diy Nail Art Salon Home Gift For Women Girl</p><p>$12.99</p><a href="https://www.amazon.com/dp/B0CYLRWVVF?tag=eloabder-20&linkCode=osi&th=1&psc=1">View Product</a></div>
<div class="product"><a href="https://www.amazon.com/dp/B005HGWGVS?tag=eloabder-20&linkCode=osi&th=1&psc=1"><img src="https://m.media-amazon.com/images/I/41NVfMcQBQL._SL500_.jpg" alt="Product Image"></a><p>Hard As Hoof Nail Strengthening Cream with Coconut Scent, Nail Growth & Conditioning Cuticle Cream Stops Splits, Chips, Cracks & Strengthens Nails, 1 oz</p><p>$8.88</p><a href="https://www.amazon.com/dp/B005HGWGVS?tag=eloabder-20&linkCode=osi&th=1&psc=1">View Product</a></div><div class="product"><a href="https://www.amazon.com/dp/B08YMJ4X4B?tag=eloabder-20&linkCode=osi&th=1&psc=1"><img src="https://m.media-amazon.com/images/I/41JNcOM8lBL._SL500_.jpg" alt="Product Image"></a><p>C CARE Sweet Almond Cuticle Oil For Nails - Repairs Cuticles Overnight - Moisturizes and Strengthens Nails and Cuticles - Dropper & Brush included - 2.5oz</p><p>$5.97 ($2.39 / Fl Oz)</p><a href="https://www.amazon.com/dp/B08YMJ4X4B?tag=eloabder-20&linkCode=osi&th=1&psc=1">View Product</a></div><div class="product"><a href="https://www.amazon.com/dp/B0046MK34G?tag=eloabder-20&linkCode=osi&th=1&psc=1"><img src="https://m.media-amazon.com/images/I/41PPyJFVAlL._SL500_.jpg" alt="Product Image"></a><p>Sally Hansen Instant Cuticle Remover™, Nail Treatment, Fast Drying, Contains Aloe and Chamomile</p><p>$4.97</p><a href="https://www.amazon.com/dp/B0046MK34G?tag=eloabder-20&linkCode=osi&th=1&psc=1">View Product</a></div><div class="product"><a href="https://www.amazon.com/dp/B00F644LTQ?tag=eloabder-20&linkCode=osi&th=1&psc=1"><img src="https://m.media-amazon.com/images/I/31+v2SZDagL._SL500_.jpg" alt="Product Image"></a><p>Cuccio Naturale Revitalizing- Hydrating Oil For Repaired Cuticles Overnight - Remedy For Damaged Skin And Thin Nails - Paraben /Cruelty-Free Formula - Milk And Honey - 2.5 Oz</p><p>$9.48 ($3.79 / Fl Oz)</p><a href="https://www.amazon.com/dp/B00F644LTQ?tag=eloabder-20&linkCode=osi&th=1&psc=1">View Product</a></div><div class="product"><a href="https://www.amazon.com/dp/B007QBKX08?tag=eloabder-20&linkCode=osi&th=1&psc=1"><img src="https://m.media-amazon.com/images/I/51BgkFaTnpL._SL500_.jpg" alt="Product Image"></a><p>Nail Tek Repairs Damaged Nails kit.Intensive Therapy(.5OZ),Foundation(.5OZ)& Renew(.48OZ)</p><p>$14.95</p><a href="https://www.amazon.com/dp/B007QBKX08?tag=eloabder-20&linkCode=osi&th=1&psc=1">View Product</a></div>
<div class="product"><a href="https://www.amazon.com/dp/B017PCGAXQ?tag=eloabder-20&linkCode=osi&th=1&psc=1"><img src="https://m.media-amazon.com/images/I/31-daQlUgGL._SL500_.jpg" alt="Product Image"></a><p>Garnier Micellar Water For Waterproof Makeup, Hydrating Facial Cleanser & Makeup Remover, Suitable for Sensitive Skin, Vegan, Cruelty Free, 13.5 Fl Oz (400mL), 1 Count</p><p>$8.97 ($0.66 / Fl Oz)</p><a href="https://www.amazon.com/dp/B017PCGAXQ?tag=eloabder-20&linkCode=osi&th=1&psc=1">View Product</a></div><div class="product"><a href="https://www.amazon.com/dp/B017PCGABI?tag=eloabder-20&linkCode=osi&th=1&psc=1"><img src="https://m.media-amazon.com/images/I/3106WC85aAL._SL500_.jpg" alt="Product Image"></a><p>Garnier Micellar Water, Hydrating Facial Cleanser & Makeup Remover, Suitable for Sensitive Skin, Vegan, Cruelty Free, 13.5 Fl Oz (400mL), 1 Count</p><p>$8.97 ($0.66 / Fl Oz)</p><a href="https://www.amazon.com/dp/B017PCGABI?tag=eloabder-20&linkCode=osi&th=1&psc=1">View Product</a></div><div class="product"><a href="https://www.amazon.com/dp/B00U2VQZDS?tag=eloabder-20&linkCode=osi&th=1&psc=1"><img src="https://m.media-amazon.com/images/I/41VzZfHAKpL._SL500_.jpg" alt="Product Image"></a><p>Neutrogena Makeup Remover Wipes, Ultra-Soft Cleansing Facial Towelettes for Waterproof Makeup, Alcohol-Free, Plant-Based, Twin Pack, 25 Count (Pack of 2)</p><p>$9.16 ($0.18 / Count)</p><a href="https://www.amazon.com/dp/B00U2VQZDS?tag=eloabder-20&linkCode=osi&th=1&psc=1">View Product</a></div><div class="product"><a href="https://www.amazon.com/dp/B07T9JV956?tag=eloabder-20&linkCode=osi&th=1&psc=1"><img src="https://m.media-amazon.com/images/I/310x+0QrxsL._SL500_.jpg" alt="Product Image"></a><p>Neutrogena Gentle Oil-Free Eye Makeup Remover & Cleanser for Sensitive Eyes, Non-Greasy Makeup Remover, Removes Waterproof Mascara, Dermatologist & Ophthalmologist Tested, 8.0 fl. oz</p><p>$9.39 ($1.17 / Fl Oz)</p><a href="https://www.amazon.com/dp/B07T9JV956?tag=eloabder-20&linkCode=osi&th=1&psc=1">View Product</a></div><div class="product"><a href="https://www.amazon.com/dp/B01M31HY3S?tag=eloabder-20&linkCode=osi&th=1&psc=1"><img src="https://m.media-amazon.com/images/I/319i79e7f4L._SL500_.jpg" alt="Product Image"></a><p>Cetaphil Gentle Waterproof Makeup Remover, Mother's Day Gifts, Oil-Free Formula Suitable for Sensitive Skin, 6.0 Fluid Ounce</p><p>$9.87 ($1.64 / Fl Oz)</p><a href="https://www.amazon.com/dp/B01M31HY3S?tag=eloabder-20&linkCode=osi&th=1&psc=1">View Product</a></div><div class="product"><a href="https://www.amazon.com/dp/B07SS6LFRG?tag=eloabder-20&linkCode=osi&th=1&psc=1"><img src="https://m.media-amazon.com/images/I/31Mwa89HfCL._SL500_.jpg" alt="Product Image"></a><p>Amazon Basics Eye Makeup Remover, Removes Waterproof Mascara, Dermatologist Tested, Fragrance Free, 5.5 Fl Oz (Pack of 1)</p><p>$5.99 ($1.09 / Fl Oz)</p><a href="https://www.amazon.com/dp/B07SS6LFRG?tag=eloabder-20&linkCode=osi&th=1&psc=1">View Product</a></div><div class="product"><a href="https://www.amazon.com/dp/B08TQTT8LK?tag=eloabder-20&linkCode=osi&th=1&psc=1"><img src="https://m.media-amazon.com/images/I/31R-Y-dhjEL._SL500_.jpg" alt="Product Image"></a><p>e.l.f. Holy Hydration! Makeup Melting Cleansing Balm, Face Cleanser & Makeup Remover, Infused with Hyaluronic Acid to Hydrate Skin, 2 Oz</p><p>$11.00 ($5.50 / Ounce)</p><a href="https://www.amazon.com/dp/B08TQTT8LK?tag=eloabder-20&linkCode=osi&th=1&psc=1">View Product</a></div><div class="product"><a href="https://www.amazon.com/dp/B08Q3CQM7X?tag=eloabder-20&linkCode=osi&th=1&psc=1"><img src="https://m.media-amazon.com/images/I/31edyzkByfL._SL500_.jpg" alt="Product Image"></a><p>JUNO & Co. Clean 10 Cleansing Balm 10 Ingredients Makeup Remover 85g / 3.0oz</p><p>$14.99 ($5.00 / Ounce)</p><a href="https://www.amazon.com/dp/B08Q3CQM7X?tag=eloabder-20&linkCode=osi&th=1&psc=1">View Product</a></div><div class="product"><a href="https://www.amazon.com/dp/B0B1PP1XCM?tag=eloabder-20&linkCode=osi&th=1&psc=1"><img src="https://m.media-amazon.com/images/I/31kOCqV2+BL._SL500_.jpg" alt="Product Image"></a><p>CeraVe Cleansing Balm for Sensitive Skin | Hydrating Makeup Remover with Ceramides and Plant-based Jojoba Oil for Face | Non-Comedogenic Fragrance Free Non-Greasy |1.3 Ounces</p><p>$9.97 ($7.67 / Ounce)</p><a href="https://www.amazon.com/dp/B0B1PP1XCM?tag=eloabder-20&linkCode=osi&th=1&psc=1">View Product</a></div><div class="product"><a href="https://www.amazon.com/dp/B0BX65V1BZ?tag=eloabder-20&linkCode=osi&th=1&psc=1"><img src="https://m.media-amazon.com/images/I/31t6WiWvdDL._SL500_.jpg" alt="Product Image"></a><p>Prime Prometics PrimeSkin Beauty Water – Deeply Hydrating Pro-Age Make-Up Remover for Mature Women – Clean, One Swipe – for All Skin Types – pH balanced, Hypoallergenic</p><p>$27.00 ($5.29 / Fl Oz)</p><a href="https://www.amazon.com/dp/B0BX65V1BZ?tag=eloabder-20&linkCode=osi&th=1&psc=1">View Product</a></div>
<div class="product"><a href="https://www.amazon.com/dp/B07XC569XF?tag=eloabder-20&linkCode=osi&th=1&psc=1"><img src="https://m.media-amazon.com/images/I/4109uyzn-sL._SL500_.jpg" alt="Product Image"></a><p>Neutrogena Hydro Boost Facial Cleansing Towelettes + Hyaluronic Acid, Hydrating Makeup Remover Face Wipes Remove Dirt & Waterproof Makeup, Hypoallergenic, 100% Plant-Based Cloth, 2 x 25 ct</p><p>$13.20 ($0.26 / Count)</p><a href="https://www.amazon.com/dp/B07XC569XF?tag=eloabder-20&linkCode=osi&th=1&psc=1">View Product</a></div><div class="product"><a href="https://www.amazon.com/dp/B00479FP4Q?tag=eloabder-20&linkCode=osi&th=1&psc=1"><img src="https://m.media-amazon.com/images/I/41L2wro-FlL._SL500_.jpg" alt="Product Image"></a><p>Olay Daily Facials, Daily Clean Makeup Removing Facial Cleansing Wipes, 5-in-1 Water Activated Cloths, Exfoliates, Tones and Hydrates Skin, 66 count</p><p>$9.74 ($0.15 / Count)</p><a href="https://www.amazon.com/dp/B00479FP4Q?tag=eloabder-20&linkCode=osi&th=1&psc=1">View Product</a></div><div class="product"><a href="https://www.amazon.com/dp/B0864VDH6F?tag=eloabder-20&linkCode=osi&th=1&psc=1"><img src="https://m.media-amazon.com/images/I/418baEPkUdL._SL500_.jpg" alt="Product Image"></a><p>Amazon Basics Make Up Remover Wipes, Night Calming, 50 Count (2 Packs of 25) (Previously Solimo)</p><p>$7.93 ($0.16 / Count)</p><a href="https://www.amazon.com/dp/B0864VDH6F?tag=eloabder-20&linkCode=osi&th=1&psc=1">View Product</a></div><div class="product"><a href="https://www.amazon.com/dp/B093T3LQPP?tag=eloabder-20&linkCode=osi&th=1&psc=1"><img src="https://m.media-amazon.com/images/I/51mLU+qr6tL._SL500_.jpg" alt="Product Image"></a><p>Burt's Bees Rose Water Face Wipes, for All Skin Types, Hydrating Micellar Makeup Remover & Facial Cleansing Towelettes, 30 Ct (3-Pack)</p><p>$16.47 ($0.18 / Count)</p><a href="https://www.amazon.com/dp/B093T3LQPP?tag=eloabder-20&linkCode=osi&th=1&psc=1">View Product</a></div><div class="product"><a href="https://www.amazon.com/dp/B00NUJQG7Y?tag=eloabder-20&linkCode=osi&th=1&psc=1"><img src="https://m.media-amazon.com/images/I/51apu8FIluL._SL500_.jpg" alt="Product Image"></a><p>Burt's Bees Aloe Vera Face Wipes, for Sensitive Skin, Soothing Makeup Remover & Facial Cleansing Towelettes, 30 Ct. (3-Pack)</p><p>$16.41 ($0.18 / Count)</p><a href="https://www.amazon.com/dp/B00NUJQG7Y?tag=eloabder-20&linkCode=osi&th=1&psc=1">View Product</a></div><div class="product"><a href="https://www.amazon.com/dp/B09LXWPB1V?tag=eloabder-20&linkCode=osi&th=1&psc=1"><img src="https://m.media-amazon.com/images/I/4117i-jJMKL._SL500_.jpg" alt="Product Image"></a><p>CeraVe Hydrating Facial Cleansing Makeup Remover Wipes| Plant Based Face Biodegradable in Home Compost| Wash Cloth| Suitable for Sensitive Skin| Fragrance-free Non-comedogenic| 25 Count</p><p>$9.97 ($0.40 / Count)</p><a href="https://www.amazon.com/dp/B09LXWPB1V?tag=eloabder-20&linkCode=osi&th=1&psc=1">View Product</a></div><div class="product"><a href="https://www.amazon.com/dp/B006RFZ9IK?tag=eloabder-20&linkCode=osi&th=1&psc=1"><img src="https://m.media-amazon.com/images/I/41c4Ogejt9L._SL500_.jpg" alt="Product Image"></a><p>Bioré Daily Make Up Removing Cloths, Facial Cleansing Wipes with Dirt-grabbing Fibers for Deep Pore Cleansing without Oily Residue, 60 Count</p><p>$11.99 ($0.20 / Count)</p><a href="https://www.amazon.com/dp/B006RFZ9IK?tag=eloabder-20&linkCode=osi&th=1&psc=1">View Product</a></div><div class="product"><a href="https://www.amazon.com/dp/B01M4NFD2N?tag=eloabder-20&linkCode=osi&th=1&psc=1"><img src="https://m.media-amazon.com/images/I/41-iPdzYWDL._SL500_.jpg" alt="Product Image"></a><p>Cetaphil Gentle Makeup Removing Face Wipes, Daily Cleansing Facial Towelettes Gently Remove Makeup, Fragrance and Alcohol Free, 25 Count</p><p>$6.85 ($0.27 / Count)</p><a href="https://www.amazon.com/dp/B01M4NFD2N?tag=eloabder-20&linkCode=osi&th=1&psc=1">View Product</a></div><div class="product"><a href="https://www.amazon.com/dp/B0B644ZQLV?tag=eloabder-20&linkCode=osi&th=1&psc=1"><img src="https://m.media-amazon.com/images/I/41E5FGVZrnL._SL500_.jpg" alt="Product Image"></a><p>Cetaphil Face and Body Wipes, Gentle Skin Cleansing Cloths, 25 Count (Pack of 3), for Dry, Sensitive Skin, Flip Top Closure, Great for the Gym, Hypoallergenic, Fragrance Free</p><p>$20.91 ($0.28 / Count)</p><a href="https://www.amazon.com/dp/B0B644ZQLV?tag=eloabder-20&linkCode=osi&th=1&psc=1">View Product</a></div>
<div class="product"><a href="https://www.amazon.com/dp/B08RD6S5HF?tag=eloabder-20&linkCode=osi&th=1&psc=1"><img src="https://m.media-amazon.com/images/I/41uDw-xQNuL._SL500_.jpg" alt="Product Image"></a><p>BAIMEI IcyMe Gua Sha & Jade Roller Facial Tools Face Roller and Gua Sha Set for Puffiness and Redness Reducing Skin Care Routine, Self Care Gift for Men Women - Green</p><p>$9.99</p><a href="https://www.amazon.com/dp/B08RD6S5HF?tag=eloabder-20&linkCode=osi&th=1&psc=1">View Product</a></div><div class="product"><a href="https://www.amazon.com/dp/B09961TCV4?tag=eloabder-20&linkCode=osi&th=1&psc=1"><img src="https://m.media-amazon.com/images/I/41cLCDErk6L._SL500_.jpg" alt="Product Image"></a><p>huefull Gua Sha Facial Tools & Jade Roller Set for Skin Care, Reduce Puffiness and Improve Wrinkles, Guasha Tool for Face, Gua Sha Stone Self Care Gift for Woman Man</p><p>$7.99 ($4.00 / Count)</p><a href="https://www.amazon.com/dp/B09961TCV4?tag=eloabder-20&linkCode=osi&th=1&psc=1">View Product</a></div><div class="product"><a href="https://www.amazon.com/dp/B09P88YNZZ?tag=eloabder-20&linkCode=osi&th=1&psc=1"><img src="https://m.media-amazon.com/images/I/31gv5dz1KML._SL500_.jpg" alt="Product Image"></a><p>Ice Roller for Face and Eye, Ice Face Roller,Facial Beauty Ice Roller Skin Care Tools, Ice Facial Cube, Gua Sha Face Massage, Silicone Ice Mold for Face Beauty (Pink)</p><p>$5.99 ($1.20 / Ounce)</p><a href="https://www.amazon.com/dp/B09P88YNZZ?tag=eloabder-20&linkCode=osi&th=1&psc=1">View Product</a></div><div class="product"><a href="https://www.amazon.com/dp/B09V5TRZTS?tag=eloabder-20&linkCode=osi&th=1&psc=1"><img src="https://m.media-amazon.com/images/I/31NWpXealIL._SL500_.jpg" alt="Product Image"></a><p>ROSELYNBOUTIQUE Ice Roller for Face Wrinkles Fine Lines Puffiness Stick Massager Facial Skin Care Tools Self Care Gifts for Men Women (Green)</p><p>$6.39</p><a href="https://www.amazon.com/dp/B09V5TRZTS?tag=eloabder-20&linkCode=osi&th=1&psc=1">View Product</a></div><div class="product"><a href="https://www.amazon.com/dp/B0BR7YG7QH?tag=eloabder-20&linkCode=osi&th=1&psc=1"><img src="https://m.media-amazon.com/images/I/41gFogNe+dL._SL500_.jpg" alt="Product Image"></a><p>8 Pieces Triangle Powder Puff Face Soft Triangle Makeup Puff Velour Cosmetic Foundation Blender Sponge Beauty Makeup Tools</p><p>$3.99 ($0.50 / Count)</p><a href="https://www.amazon.com/dp/B0BR7YG7QH?tag=eloabder-20&linkCode=osi&th=1&psc=1">View Product</a></div><div class="product"><a href="https://www.amazon.com/dp/B09XJYZDVG?tag=eloabder-20&linkCode=osi&th=1&psc=1"><img src="https://m.media-amazon.com/images/I/41jMEmTiSQL._SL500_.jpg" alt="Product Image"></a><p>Aaiffey Eyeliner Applicator Kit, Eyeliner Tool with Eyeliner Cream Black Eyeliner Gel Reusable Silicone Eye Liner Applicator Waterproof Eyeliner Easy No-Skip (eyeliner tool +black eyeliner creams)</p><p>$9.98</p><a href="https://www.amazon.com/dp/B09XJYZDVG?tag=eloabder-20&linkCode=osi&th=1&psc=1">View Product</a></div>
<div class="product"><a href="https://www.amazon.com/dp/B075S543DR?tag=eloabder-20&linkCode=osi&th=1&psc=1"><img src="https://m.media-amazon.com/images/I/418N6a3fvaL._SL500_.jpg" alt="Product Image"></a><p>EcoTools Start The Day Beautifully 6 Piece Makeup Brush Set, Makeup Brushes For Eyeshadow, Blush, Concealer, & Foundation Application, Eco-Friendly, Gift Set, Synthetic Hair, Vegan & Cruelty-Free</p><p>$9.98</p><a href="https://www.amazon.com/dp/B075S543DR?tag=eloabder-20&linkCode=osi&th=1&psc=1">View Product</a></div><div class="product"><a href="https://www.amazon.com/dp/B07FTXBNVL?tag=eloabder-20&linkCode=osi&th=1&psc=1"><img src="https://m.media-amazon.com/images/I/41O4pc78hYL._SL500_.jpg" alt="Product Image"></a><p>Real Techniques 5 Piece Everyday Essentials Makeup Brush Set, Includes 4 Brushes & Makeup Sponge, For Foundation, Blush, Bronzer, Contour, Eyeshadow, & Powder, Travel Gift Set, Cruelty-Free & Vegan</p><p>$13.99</p><a href="https://www.amazon.com/dp/B07FTXBNVL?tag=eloabder-20&linkCode=osi&th=1&psc=1">View Product</a></div>
<div class="product"><a href="https://www.amazon.com/dp/B00WZQTCS8?tag=eloabder-20&linkCode=osi&th=1&psc=1"><img src="https://m.media-amazon.com/images/I/41iVoW5QboL._SL500_.jpg" alt="Product Image"></a><p>NYX PROFESSIONAL MAKEUP Micro Brow Pencil, Eyebrow Pencil - Espresso</p><p>$7.50</p><a href="https://www.amazon.com/dp/B00WZQTCS8?tag=eloabder-20&linkCode=osi&th=1&psc=1">View Product</a></div><div class="product"><a href="https://www.amazon.com/dp/B01643FI0I?tag=eloabder-20&linkCode=osi&th=1&psc=1"><img src="https://m.media-amazon.com/images/I/21w1DpgxRoL._SL500_.jpg" alt="Product Image"></a><p>L'Oreal Paris Makeup Brow Stylist Definer Waterproof Eyebrow Pencil, Ultra-Fine Mechanical Pencil, Draws Tiny Brow Hairs and Fills in Sparse Areas and Gaps, Dark Brunette, 0.003 Ounce (Pack of 1)</p><p>$8.98</p><a href="https://www.amazon.com/dp/B01643FI0I?tag=eloabder-20&linkCode=osi&th=1&psc=1">View Product</a></div><div class="product"><a href="https://www.amazon.com/dp/B0B52KG7YP?tag=eloabder-20&linkCode=osi&th=1&psc=1"><img src="https://m.media-amazon.com/images/I/31Mi4FEPxYL._SL500_.jpg" alt="Product Image"></a><p>e.l.f. Instant Lift Brow Pencil, Dual-Ended Precision Brow Pencils For Shaping & Defining Eyebrows, Vegan & Cruelty-Free, Neutral Brown, 2-Pack</p><p>$5.00</p><a href="https://www.amazon.com/dp/B0B52KG7YP?tag=eloabder-20&linkCode=osi&th=1&psc=1">View Product</a></div><div class="product"><a href="https://www.amazon.com/dp/B078KB7L4G?tag=eloabder-20&linkCode=osi&th=1&psc=1"><img src="https://m.media-amazon.com/images/I/31QF5SK3tzL._SL500_.jpg" alt="Product Image"></a><p>wet n wild Ultimate Eyebrow Retractable Definer Pencil, Medium Brown, Dual-Sided Brow Brush, Fine Tip, Shapes, Defines, Fills Brow Makeup</p><p>$2.74</p><a href="https://www.amazon.com/dp/B078KB7L4G?tag=eloabder-20&linkCode=osi&th=1&psc=1">View Product</a></div><div class="product"><a href="https://www.amazon.com/dp/B074VD4X7W?tag=eloabder-20&linkCode=osi&th=1&psc=1"><img src="https://m.media-amazon.com/images/I/41eK8J1W2rL._SL500_.jpg" alt="Product Image"></a><p>Maybelline Total Temptation Eyebrow Definer Pencil, Soft Brown, 1 Count</p><p>$8.99</p><a href="https://www.amazon.com/dp/B074VD4X7W?tag=eloabder-20&linkCode=osi&th=1&psc=1">View Product</a></div><div class="product"><a href="https://www.amazon.com/dp/B001ESKLZQ?tag=eloabder-20&linkCode=osi&th=1&psc=1"><img src="https://m.media-amazon.com/images/I/31bw47frHzS._SL500_.jpg" alt="Product Image"></a><p>COVERGIRL - Easy Breezy Brow Fill + Define Brow Pencil, Sharpener Included, Long-Lasting, Deeply Pigmented, Blendable Formula, 100% Cruelty-Free</p><p>$4.47</p><a href="https://www.amazon.com/dp/B001ESKLZQ?tag=eloabder-20&linkCode=osi&th=1&psc=1">View Product</a></div><div class="product"><a href="https://www.amazon.com/dp/B0D12PWNK6?tag=eloabder-20&linkCode=osi&th=1&psc=1"><img src="https://m.media-amazon.com/images/I/51u7eOlEtFL._SL500_.jpg" alt="Product Image"></a><p>iMethod Microblading Eyebrow Pen - Eyebrow Pencil Magical 2-in-1 Dual-Ended Eye Brow Pencils for Women with 4-Fork-Tip & Precise Brush-Tip Create Natural Hair-Like Brows, Last All-Day, Dark Brown</p><p>$14.97 ($14.97 / Count)</p><a href="https://www.amazon.com/dp/B0D12PWNK6?tag=eloabder-20&linkCode=osi&th=1&psc=1">View Product</a></div><div class="product"><a href="https://www.amazon.com/dp/B0CPFY8K8W?tag=eloabder-20&linkCode=osi&th=1&psc=1"><img src="https://m.media-amazon.com/images/I/21SmXiqZZYL._SL500_.jpg" alt="Product Image"></a><p>e.l.f. Instant Lift Waterproof Brow Pencil, Long-Lasting Eyebrow Pencil For Grooming & Shaping Brows, Vegan & Cruelty-free, Deep Brown</p><p>$4.00</p><a href="https://www.amazon.com/dp/B0CPFY8K8W?tag=eloabder-20&linkCode=osi&th=1&psc=1">View Product</a></div>
<div class="product"><a href="https://www.amazon.com/dp/B079B8BFR3?tag=eloabder-20&linkCode=osi&th=1&psc=1"><img src="https://m.media-amazon.com/images/I/41DSmndr3KL._SL500_.jpg" alt="Product Image"></a><p>KISS Looks So Natural, False Eyelashes, Shy', 12 mm, Includes 5 Pairs Of Lashes, Contact Lens Friendly, Easy to Apply, Reusable Strip Lashes, Glue On</p><p>$7.09</p><a href="https://www.amazon.com/dp/B079B8BFR3?tag=eloabder-20&linkCode=osi&th=1&psc=1">View Product</a></div><div class="product"><a href="https://www.amazon.com/dp/B09MQCDVM7?tag=eloabder-20&linkCode=osi&th=1&psc=1"><img src="https://m.media-amazon.com/images/I/510lQqrrVtL._SL500_.jpg" alt="Product Image"></a><p>False Eyelashes 14mm Faux 3D Mink Lashes Natural Look Fluffy Cat Eye Wispy Lashes Pack by Kiromiro, 14 Pairs</p><p>$8.89</p><a href="https://www.amazon.com/dp/B09MQCDVM7?tag=eloabder-20&linkCode=osi&th=1&psc=1">View Product</a></div><div class="product"><a href="https://www.amazon.com/dp/B00DS4EIEE?tag=eloabder-20&linkCode=osi&th=1&psc=1"><img src="https://m.media-amazon.com/images/I/415k4JSKxOL._SL500_.jpg" alt="Product Image"></a><p>KISS So Wispy, False Eyelashes, Style #11', 12 mm, Includes 5 Pairs Of Lashes, Contact Lens Friendly, Easy to Apply, Reusable Strip Lashes, Glue On, Mulitpack</p><p>$8.97 ($1.79 / Count)</p><a href="https://www.amazon.com/dp/B00DS4EIEE?tag=eloabder-20&linkCode=osi&th=1&psc=1">View Product</a></div><div class="product"><a href="https://www.amazon.com/dp/B0C5QK1QHP?tag=eloabder-20&linkCode=osi&th=1&psc=1"><img src="https://m.media-amazon.com/images/I/51eSQ4cj35L._SL500_.jpg" alt="Product Image"></a><p>Veleasha Lashes 5D Faux Mink Lashes 100% Handmade Luxurious Fake Eyelashes Lightweight Fluffy False Eyelashes 5 Pairs Pack (G2)</p><p>$6.98 ($1.40 / Count)</p><a href="https://www.amazon.com/dp/B0C5QK1QHP?tag=eloabder-20&linkCode=osi&th=1&psc=1">View Product</a></div><div class="product"><a href="https://www.amazon.com/dp/B0B1LRRTCH?tag=eloabder-20&linkCode=osi&th=1&psc=1"><img src="https://m.media-amazon.com/images/I/41gc2Df+nAL._SL500_.jpg" alt="Product Image"></a><p>GMAGICTOBO False Eyelashes Natural Half Lashes Short Wispy Clear Band Lashes Pack Cat Eye 3D Faux Mink Lashes Fake Eyelashes 7 Pairs Multipack</p><p>$8.59 ($1.23 / Count)</p><a href="https://www.amazon.com/dp/B0B1LRRTCH?tag=eloabder-20&linkCode=osi&th=1&psc=1">View Product</a></div><div class="product"><a href="https://www.amazon.com/dp/B08R6PR7ND?tag=eloabder-20&linkCode=osi&th=1&psc=1"><img src="https://m.media-amazon.com/images/I/41r4c3ZiCWL._SL500_.jpg" alt="Product Image"></a><p>KISS My Lash But Better, False Eyelashes, All Mine', 10 mm, Includes 1 Pair Of Lashes, Contact Lens Friendly, Easy to Apply, Reusable Strip Lashes, Glue-On</p><p>$3.97</p><a href="https://www.amazon.com/dp/B08R6PR7ND?tag=eloabder-20&linkCode=osi&th=1&psc=1">View Product</a></div><div class="product"><a href="https://www.amazon.com/dp/B0BX3YHN14?tag=eloabder-20&linkCode=osi&th=1&psc=1"><img src="https://m.media-amazon.com/images/I/51YYa1vTElL._SL500_.jpg" alt="Product Image"></a><p>KISS imPRESS Falsies False Eyelashes, Lash Clusters, Voluminous', 14 mm, Includes 20 Clusters, 1 applicator, Contact Lens Friendly, Easy to Apply, Reusable Strip Lashes</p><p>$12.72</p><a href="https://www.amazon.com/dp/B0BX3YHN14?tag=eloabder-20&linkCode=osi&th=1&psc=1">View Product</a></div><div class="product"><a href="https://www.amazon.com/dp/B00YYHHI1E?tag=eloabder-20&linkCode=osi&th=1&psc=1"><img src="https://m.media-amazon.com/images/I/419bv9iNI9L._SL500_.jpg" alt="Product Image"></a><p>Ardell False Eyelashes Demi Wispies Black, 1 pack (6 pairs per pack)</p><p>$9.74 ($1.95 / Count)</p><a href="https://www.amazon.com/dp/B00YYHHI1E?tag=eloabder-20&linkCode=osi&th=1&psc=1">View Product</a></div><div class="product"><a href="https://www.amazon.com/dp/B0CG5SY8J1?tag=eloabder-20&linkCode=osi&th=1&psc=1"><img src="https://m.media-amazon.com/images/I/41SWlZB3plL._SL500_.jpg" alt="Product Image"></a><p>Natural Lashes Natural Eyelashes Short Eyelashes Natural Look False Eyelashes Wispy Eye Lashes 10mm Small Lashes Fake Lashes K50</p><p>$7.93 ($1.13 / Count)</p><a href="https://www.amazon.com/dp/B0CG5SY8J1?tag=eloabder-20&linkCode=osi&th=1&psc=1">View Product</a></div><div class="product"><a href="https://www.amazon.com/dp/B08SPVMDTV?tag=eloabder-20&linkCode=osi&th=1&psc=1"><img src="https://m.media-amazon.com/images/I/41Q6wh0HacL._SL500_.jpg" alt="Product Image"></a><p>KISS Falscara Multipack False Eyelashes, Lash Clusters, Natural Wispy Wisps', 10mm-12mm-14mm, Includes 24 Assorted Lengths Wisps, Contact Lens Friendly, Easy to Apply, Reusable Strip Lashes</p><p>$6.47 ($0.27 / Count)</p><a href="https://www.amazon.com/dp/B08SPVMDTV?tag=eloabder-20&linkCode=osi&th=1&psc=1">View Product</a></div>
<div class="product"><a href="https://www.amazon.com/dp/B08ZYKFNLK?tag=eloabder-20&linkCode=osi&th=1&psc=1"><img src="https://m.media-amazon.com/images/I/41LSyt4W-HL._SL500_.jpg" alt="Product Image"></a><p>Makeup Sponge Set BS-MALL Blender Sponges 7 Pcs for Liquid, Cream, and Powder, Multi-colored with 1 Mini Makeup Sponge Pink (A-Pink）</p><p>$6.99 ($1.00 / Count)</p><a href="https://www.amazon.com/dp/B08ZYKFNLK?tag=eloabder-20&linkCode=osi&th=1&psc=1">View Product</a></div><div class="product"><a href="https://www.amazon.com/dp/B01F36JEXE?tag=eloabder-20&linkCode=osi&th=1&psc=1"><img src="https://m.media-amazon.com/images/I/41AHaVc97tL._SL500_.jpg" alt="Product Image"></a><p>BEAKEY Makeup Sponge 5 Pcs Set, Makeup Sponges for Foundation, Liquid, Cream and Powder. Latex-Free Boun Boun Beauty Sponge for Blending, Blender for Enhanced Make Up Application, Ideal Gift</p><p>$6.99 ($1.40 / Count)</p><a href="https://www.amazon.com/dp/B01F36JEXE?tag=eloabder-20&linkCode=osi&th=1&psc=1">View Product</a></div><div class="product"><a href="https://www.amazon.com/dp/B07VBNQ367?tag=eloabder-20&linkCode=osi&th=1&psc=1"><img src="https://m.media-amazon.com/images/I/41tK1+FK+ML._SL500_.jpg" alt="Product Image"></a><p>Beautyblender® | Original Pink Beauty Blender Makeup Sponge, Super-Soft Foam Easily Blends Foundations, Powders & Creams, Made in USA, Reusable, Washable, Streak Free Application, Vegan, Cruelty Free</p><p>$20.00</p><a href="https://www.amazon.com/dp/B07VBNQ367?tag=eloabder-20&linkCode=osi&th=1&psc=1">View Product</a></div><div class="product"><a href="https://www.amazon.com/dp/B013XJUWC0?tag=eloabder-20&linkCode=osi&th=1&psc=1"><img src="https://m.media-amazon.com/images/I/519iY4n1lHL._SL500_.jpg" alt="Product Image"></a><p>Aesthetica Cosmetics Beauty Sponge Blender - Latex Free and Vegan Makeup Sponge Blender - For Powder, Cream or Liquid Application - One Piece Make Up Sponge</p><p>$3.97</p><a href="https://www.amazon.com/dp/B013XJUWC0?tag=eloabder-20&linkCode=osi&th=1&psc=1">View Product</a></div><div class="product"><a href="https://www.amazon.com/dp/B08T79281H?tag=eloabder-20&linkCode=osi&th=1&psc=1"><img src="https://m.media-amazon.com/images/I/41OyxvePdBL._SL500_.jpg" alt="Product Image"></a><p>DUAIU 4 Pcs Makeup Sponge Set Beauty Sponge Foundation Blending Sponge, Flawless for Liquid, Cream, and Powder, Multi-colored Makeup Sponges with Storage Box</p><p>$4.99 ($1.25 / Count)</p><a href="https://www.amazon.com/dp/B08T79281H?tag=eloabder-20&linkCode=osi&th=1&psc=1">View Product</a></div><div class="product"><a href="https://www.amazon.com/dp/B00EUBPHR6?tag=eloabder-20&linkCode=osi&th=1&psc=1"><img src="https://m.media-amazon.com/images/I/31BZh7Bg7hL._SL500_.jpg" alt="Product Image"></a><p>Real Techniques Miracle Complexion Sponge, Makeup Blending Sponge, For Liquid & Cream Foundation, Offers Light To Medium Coverage, Natural, Dewy Makeup, Orange Sponge, Latex-Free Foam, 1 Count</p><p>$4.57</p><a href="https://www.amazon.com/dp/B00EUBPHR6?tag=eloabder-20&linkCode=osi&th=1&psc=1">View Product</a></div><div class="product"><a href="https://www.amazon.com/dp/B0CL2FKVH2?tag=eloabder-20&linkCode=osi&th=1&psc=1"><img src="https://m.media-amazon.com/images/I/41u81y8DJoL._SL500_.jpg" alt="Product Image"></a><p>14 Pcs Makeup Sponge Set,Beauty Sponges Blender with 4 Pcs Powder Puff and 4 Pcs Mini Make up Sponges Valentine's Day Gift,Mother's Day Gift for Women Liquid,Foundation,Powder,Concealer,Cream(Pink)</p><p>$8.99 ($0.64 / Count)</p><a href="https://www.amazon.com/dp/B0CL2FKVH2?tag=eloabder-20&linkCode=osi&th=1&psc=1">View Product</a></div><div class="product"><a href="https://www.amazon.com/dp/B0CTX1X4F1?tag=eloabder-20&linkCode=osi&th=1&psc=1"><img src="https://m.media-amazon.com/images/I/31dP1yTUmWL._SL500_.jpg" alt="Product Image"></a><p>GFOUNS 15 pcs Beauty blender Makeup Sponge Bulk:Blender Sponges 15 Pcs for Liquid, Cream, and Powder, Multi-colored Pink make up sponges for foundation</p><p>$5.99</p><a href="https://www.amazon.com/dp/B0CTX1X4F1?tag=eloabder-20&linkCode=osi&th=1&psc=1">View Product</a></div>
<div class="product"><a href="https://www.amazon.com/dp/B010CRFSTI?tag=eloabder-20&linkCode=osi&th=1&psc=1"><img src="https://m.media-amazon.com/images/I/41JQ+znx4gL._SL500_.jpg" alt="Product Image"></a><p>Conair Salon Results Hairbrush Set - Travel Hair Brush - Hairbrushes for All Hair Types - Travel size + Full-size Brush</p><p>$5.88 ($2.94 / Count)</p><a href="https://www.amazon.com/dp/B010CRFSTI?tag=eloabder-20&linkCode=osi&th=1&psc=1">View Product</a></div><div class="product"><a href="https://www.amazon.com/dp/B094DK6JNF?tag=eloabder-20&linkCode=osi&th=1&psc=1"><img src="https://m.media-amazon.com/images/I/31dF+T3k3nL._SL500_.jpg" alt="Product Image"></a><p>Wet Brush Original Detangler Hair Brush, Amazon Exclusive Aqua- Ultra-Soft IntelliFlex Bristles-Detangling Hairbrush Glides Through Tangles For All Hair Types (Wet Dry & Damaged Hair) - Women & Men</p><p>$8.99</p><a href="https://www.amazon.com/dp/B094DK6JNF?tag=eloabder-20&linkCode=osi&th=1&psc=1">View Product</a></div>

<div class="product"><a href="https://www.amazon.com/dp/B07KSQZ4MR?tag=eloabder-20&linkCode=osi&th=1&psc=1"><img src="https://m.media-amazon.com/images/I/31A-mCllrgL._SL500_.jpg" alt="Product Image"></a><p>Hot Tools Pro Artist Black Gold Evolve Ionic Salon Hair Flat Iron | Long-Lasting Finish for Straightening Hair, (1-1/4 in), HT7123BG</p><p>$61.50</p><a href="https://www.amazon.com/dp/B07KSQZ4MR?tag=eloabder-20&linkCode=osi&th=1&psc=1">View Product</a></div>
<div class="product"><a href="https://www.amazon.com/dp/B0027SU9JU?tag=eloabder-20&linkCode=osi&th=1&psc=1"><img src="https://m.media-amazon.com/images/I/31rfzenB9mL._SL500_.jpg" alt="Product Image"></a><p>REVLON Turbo Hair Dryer with Advanced Ionic Technology, Ceramic Coating | Turbo Heat and Cold Shot Features, 1875 Watts for Fast Drying and Shine (Silver)</p><p>$19.99</p><a href="https://www.amazon.com/dp/B0027SU9JU?tag=eloabder-20&linkCode=osi&th=1&psc=1">View Product</a></div>

<div class="product"><a href="https://www.amazon.com/dp/B07PBXXNCY?tag=eloabder-20&linkCode=osi&th=1&psc=1"><img src="https://m.media-amazon.com/images/I/31OVxUr+bUL._SL500_.jpg" alt="Product Image"></a><p>Clean Skin Club Clean Towels XL™, 100% USDA Biobased Face Towel, Disposable Face Towelette, Makeup Remover Dry Wipes, Ultra Soft, 50 Ct, 1 Pack</p><p>$17.95 ($0.36 / Count)</p><a href="https://www.amazon.com/dp/B07PBXXNCY?tag=eloabder-20&linkCode=osi&th=1&psc=1">View Product</a></div><div class="product"><a href="https://www.amazon.com/dp/B01LEJ5MSK?tag=eloabder-20&linkCode=osi&th=1&psc=1"><img src="https://m.media-amazon.com/images/I/418xEMrk6LL._SL500_.jpg" alt="Product Image"></a><p>COSRX Snail Mucin 92% Repair Cream, Daily Face Gel Moisturizer for Dry Skin, Acne-prone, Sensitive Skin, Not Tested on Animals, No Parabens, Korean Skincare (3.52 Fl Oz (Pack of 1))</p><p>$13.99 ($3.97 / Fl Oz)</p><a href="https://www.amazon.com/dp/B01LEJ5MSK?tag=eloabder-20&linkCode=osi&th=1&psc=1">View Product</a></div>
<div class="product"><a href="https://www.amazon.com/dp/B076FHJ3K5?tag=eloabder-20&linkCode=osi&th=1&psc=1"><img src="https://m.media-amazon.com/images/I/31QAqxeYpoL._SL500_.jpg" alt="Product Image"></a><p>Marc Anthony Leave-In Conditioner Spray & Detangler, Grow Long Biotin - Anti-Frizz Deep Conditioner For Split Ends & Breakage - Vitamin E, Caffeine & Ginseng for Curly, Dry & Damaged Hair</p><p>$7.67 ($0.91 / Fl Oz)</p><a href="https://www.amazon.com/dp/B076FHJ3K5?tag=eloabder-20&linkCode=osi&th=1&psc=1">View Product</a></div><div class="product"><a href="https://www.amazon.com/dp/B0B941W753?tag=eloabder-20&linkCode=osi&th=1&psc=1"><img src="https://m.media-amazon.com/images/I/3154MYZlHiL._SL500_.jpg" alt="Product Image"></a><p>MONDAY HAIRCARE Volume Shampoo + Conditioner Set (2 Pack) 12oz Each for Thin, Fine, and Oily Hair, Made from Coconut Oil, Ginger Extract, & Vitamin E, 100% Recyclable Bottles</p><p>$13.99 ($0.58 / Fl Oz)</p><a href="https://www.amazon.com/dp/B0B941W753?tag=eloabder-20&linkCode=osi&th=1&psc=1">View Product</a></div><div class="product"><a href="https://www.amazon.com/dp/B0CS29PK2J?tag=eloabder-20&linkCode=osi&th=1&psc=1"><img src="https://m.media-amazon.com/images/I/315FU9SHGsL._SL500_.jpg" alt="Product Image"></a><p>Monday Moisture Leave-in Conditioner 5 Oz</p><p>$5.41 ($1.08 / Fl Oz)</p><a href="https://www.amazon.com/dp/B0CS29PK2J?tag=eloabder-20&linkCode=osi&th=1&psc=1">View Product</a></div><div class="product"><a href="https://www.amazon.com/dp/B0B941XTDZ?tag=eloabder-20&linkCode=osi&th=1&psc=1"><img src="https://m.media-amazon.com/images/I/41eavjiNYyL._SL500_.jpg" alt="Product Image"></a><p>MONDAY HAIRCARE Moisture Shampoo + Conditioner Set for Dry, Coarse, Stressed, Coily & Curly Hair, Made from Coconut Oil, Rice Protein, Shea Butter, & Vitamin E, All-Natural, 12 Fl Oz (Pack of 2)</p><p>$13.99 ($0.58 / Fl Oz)</p><a href="https://www.amazon.com/dp/B0B941XTDZ?tag=eloabder-20&linkCode=osi&th=1&psc=1">View Product</a></div><div class="product"><a href="https://www.amazon.com/dp/B07N7PK9QK?tag=eloabder-20&linkCode=osi&th=1&psc=1"><img src="https://m.media-amazon.com/images/I/416K3ahcJsL._SL500_.jpg" alt="Product Image"></a><p>Mielle Organics Rosemary Mint Scalp & Hair Strengthening Oil for All Hair Types, 2 Ounce</p><p>$9.50 ($4.75 / Fl Oz)</p><a href="https://www.amazon.com/dp/B07N7PK9QK?tag=eloabder-20&linkCode=osi&th=1&psc=1">View Product</a></div><div class="product"><a href="https://www.amazon.com/dp/B005PV0FDG?tag=eloabder-20&linkCode=osi&th=1&psc=1"><img src="https://m.media-amazon.com/images/I/310l+q4ImxL._SL500_.jpg" alt="Product Image"></a><p>It's a 10 Haircare Miracle Leave-In product, 10 fl. oz.</p><p>$27.98 ($2.80 / Fl Oz)</p><a href="https://www.amazon.com/dp/B005PV0FDG?tag=eloabder-20&linkCode=osi&th=1&psc=1">View Product</a></div><div class="product"><a href="https://www.amazon.com/dp/B0C3K3XX95?tag=eloabder-20&linkCode=osi&th=1&psc=1"><img src="https://m.media-amazon.com/images/I/41+CLmIGVIL._SL500_.jpg" alt="Product Image"></a><p>MONDAY HAIRCARE Repair Shampoo and Conditioner Set 12oz for Dry to Damaged Hair, Made with Keratin, Coconut Oil, Shea Butter and Vitamin E</p><p>$13.99 ($0.58 / Fl Oz)</p><a href="https://www.amazon.com/dp/B0C3K3XX95?tag=eloabder-20&linkCode=osi&th=1&psc=1">View Product</a></div>
<div class="product"><a href="https://www.amazon.com/dp/B09F5L7756?tag=eloabder-20&linkCode=osi&th=1&psc=1"><img src="https://m.media-amazon.com/images/I/61qJVRNSjFL._SL500_.jpg" alt="Product Image"></a><p>Vaseline Intensive Care Cocoa Radiant For Glowing Skin 3 Count Body Gel Oil Body Oil Made with 100% Pure Cocoa Butter + Replenishing Oils 6.8oz</p><p>$19.44 ($0.95 / Fl Oz)</p><a href="https://www.amazon.com/dp/B09F5L7756?tag=eloabder-20&linkCode=osi&th=1&psc=1">View Product</a></div><div class="product"><a href="https://www.amazon.com/dp/B08T4FLJQZ?tag=eloabder-20&linkCode=osi&th=1&psc=1"><img src="https://m.media-amazon.com/images/I/317LIpGPZiL._SL500_.jpg" alt="Product Image"></a><p>Dove Scrub Brown Sugar & Coconut Butter For Silky Smooth Skin Body Scrub Exfoliates & Restores Skin's Natural Nutrients 10.5 oz</p><p>$6.97 ($0.66 / Ounce)</p><a href="https://www.amazon.com/dp/B08T4FLJQZ?tag=eloabder-20&linkCode=osi&th=1&psc=1">View Product</a></div><div class="product"><a href="https://www.amazon.com/dp/B0CNKZW8HL?tag=eloabder-20&linkCode=osi&th=1&psc=1"><img src="https://m.media-amazon.com/images/I/61vGHE3wEWL._SL500_.jpg" alt="Product Image"></a><p>Dove Men+Care Body Wash Sandalwood + Cardamom Oil to Rebuild Skin in the Shower with Plant-Based Cleansers and Moisturizers 26 oz</p><p>$9.97 ($0.38 / Fl Oz)</p><a href="https://www.amazon.com/dp/B0CNKZW8HL?tag=eloabder-20&linkCode=osi&th=1&psc=1">View Product</a></div><div class="product"><a href="https://www.amazon.com/dp/B089NCFBQZ?tag=eloabder-20&linkCode=osi&th=1&psc=1"><img src="https://m.media-amazon.com/images/I/41WGBM4YipL._SL500_.jpg" alt="Product Image"></a><p>Vaseline Illuminate Me Shimmering Body Oil Created for Melanin Rich Skin, Illuminates Skin with Finishing Touch of Shimmer for Glowing Skin 3.3 oz</p><p>$8.75 ($2.65 / Fl Oz)</p><a href="https://www.amazon.com/dp/B089NCFBQZ?tag=eloabder-20&linkCode=osi&th=1&psc=1">View Product</a></div><div class="product"><a href="https://www.amazon.com/dp/B0CNL19TQG?tag=eloabder-20&linkCode=osi&th=1&psc=1"><img src="https://m.media-amazon.com/images/I/61kqkkFXOkL._SL500_.jpg" alt="Product Image"></a><p>Dove Men+Care Body Wash Eucalyptus + Cedar Oil to Rebuild Skin in the Shower with Plant-Based Cleansers and Moisturizers 26 oz</p><p>$9.99 ($0.38 / Fl Oz)</p><a href="https://www.amazon.com/dp/B0CNL19TQG?tag=eloabder-20&linkCode=osi&th=1&psc=1">View Product</a></div><div class="product"><a href="https://www.amazon.com/dp/B07HMDGJCJ?tag=eloabder-20&linkCode=osi&th=1&psc=1"><img src="https://m.media-amazon.com/images/I/31TuC5EJeNL._SL500_.jpg" alt="Product Image"></a><p>SOL DE JANEIRO 4 Play Moisturizing Shower Cream Gel Body Wash 90mL</p><p>$10.00 ($3.33 / Fl Oz)</p><a href="https://www.amazon.com/dp/B07HMDGJCJ?tag=eloabder-20&linkCode=osi&th=1&psc=1">View Product</a></div>
<div class="product"><a href="https://www.amazon.com/dp/B00HVI8WYU?tag=eloabder-20&linkCode=osi&th=1&psc=1"><img src="https://m.media-amazon.com/images/I/31educzzSsL._SL500_.jpg" alt="Product Image"></a><p>e.l.f. Hydrating Face Primer, Makeup Primer For Flawless, Smooth Skin & Long-Lasting Makeup, Fills In Pores & Fine Lines, Vegan & Cruelty-free, Small</p><p>$8.00</p><a href="https://www.amazon.com/dp/B00HVI8WYU?tag=eloabder-20&linkCode=osi&th=1&psc=1">View Product</a></div><div class="product"><a href="https://www.amazon.com/dp/B088W7L534?tag=eloabder-20&linkCode=osi&th=1&psc=1"><img src="https://m.media-amazon.com/images/I/31A5rZUAKyL._SL500_.jpg" alt="Product Image"></a><p>e.l.f. Monochromatic Multi Stick, Luxuriously Creamy & Blendable Color, For Eyes, Lips & Cheeks, Dazzling Peony, 0.17 oz (5 g)</p><p>$5.00</p><a href="https://www.amazon.com/dp/B088W7L534?tag=eloabder-20&linkCode=osi&th=1&psc=1">View Product</a></div><div class="product"><a href="https://www.amazon.com/dp/B0CMJZ8G6Y?tag=eloabder-20&linkCode=osi&th=1&psc=1"><img src="https://m.media-amazon.com/images/I/31KdGu0F8vL._SL500_.jpg" alt="Product Image"></a><p>e.l.f. Glow Reviver Lip Oil, Nourishing Tinted Lip Oil For A High-shine Finish, Infused With Jojoba Oil, Vegan & Cruelty-free, Rose Envy</p><p>$8.00</p><a href="https://www.amazon.com/dp/B0CMJZ8G6Y?tag=eloabder-20&linkCode=osi&th=1&psc=1">View Product</a></div><div class="product"><a href="https://www.amazon.com/dp/B08H3JPH74?tag=eloabder-20&linkCode=osi&th=1&psc=1"><img src="https://m.media-amazon.com/images/I/31hf532TEHL._SL500_.jpg" alt="Product Image"></a><p>Maybelline Lash Sensational Sky High Washable Mascara Makeup, Volumizing, Lengthening, Defining, Curling, Multiplying, Buildable Formula, Blackest Black, 1 Count</p><p>$9.98</p><a href="https://www.amazon.com/dp/B08H3JPH74?tag=eloabder-20&linkCode=osi&th=1&psc=1">View Product</a></div>
<div class="product"><a href="https://www.amazon.com/dp/B09C8VNWBP?tag=eloabder-20&linkCode=osi&th=1&psc=1"><img src="https://m.media-amazon.com/images/I/31ObnTRpJ5L._SL500_.jpg" alt="Product Image"></a><p>Lattafa Yara for Women Eau de Parfum Spray, 3.40 Ounce / 100 ml</p><p>$22.77 ($6.70 / Fl Oz)</p><a href="https://www.amazon.com/dp/B09C8VNWBP?tag=eloabder-20&linkCode=osi&th=1&psc=1">View Product</a></div><div class="product"><a href="https://www.amazon.com/dp/B000E7WHCI?tag=eloabder-20&linkCode=osi&th=1&psc=1"><img src="https://m.media-amazon.com/images/I/31V1XkKkWXL._SL500_.jpg" alt="Product Image"></a><p>Vera Wang Eau de Parfum for Women - Delicate, Floral Scent - Notes of Iris, Lillies, & Sandalwood - Feminine & Subtle - 3.4 Fl Oz</p><p>$26.47 ($7.79 / Fl Oz)</p><a href="https://www.amazon.com/dp/B000E7WHCI?tag=eloabder-20&linkCode=osi&th=1&psc=1">View Product</a></div><div class="product"><a href="https://www.amazon.com/dp/B0B1HB719V?tag=eloabder-20&linkCode=osi&th=1&psc=1"><img src="https://m.media-amazon.com/images/I/31R9CfuokSL._SL500_.jpg" alt="Product Image"></a><p>Sol de Janeiro Cheirosa '68 Hair & Body Fragrance Mist 90mL/3.0 fl oz.</p><p>$24.00 ($8.00 / Fl Oz)</p><a href="https://www.amazon.com/dp/B0B1HB719V?tag=eloabder-20&linkCode=osi&th=1&psc=1">View Product</a></div><div class="product"><a href="https://www.amazon.com/dp/B01KYRUBT8?tag=eloabder-20&linkCode=osi&th=1&psc=1"><img src="https://m.media-amazon.com/images/I/41BYbHm20iL._SL500_.jpg" alt="Product Image"></a><p>Al-Rehab Choco Musk Eau de Parfum Spray for Women, 1.7 Ounce</p><p>$7.80 ($4.59 / Fl Oz)</p><a href="https://www.amazon.com/dp/B01KYRUBT8?tag=eloabder-20&linkCode=osi&th=1&psc=1">View Product</a></div><div class="product"><a href="https://www.amazon.com/dp/B07NJJZK3W?tag=eloabder-20&linkCode=osi&th=1&psc=1"><img src="https://m.media-amazon.com/images/I/41YNfQAjjLL._SL500_.jpg" alt="Product Image"></a><p>Swiss Arabian Layali Rouge - Luxury Products From Dubai - Lasting And Addictive Personal Perfume Oil Fragrance - A Seductive, Signature Aroma - The Luxurious Scent Of Arabia - 0.5 Oz</p><p>$23.48 ($46.96 / Fl Oz)</p><a href="https://www.amazon.com/dp/B07NJJZK3W?tag=eloabder-20&linkCode=osi&th=1&psc=1">View Product</a></div><div class="product"><a href="https://www.amazon.com/dp/B000JL7WQK?tag=eloabder-20&linkCode=osi&th=1&psc=1"><img src="https://m.media-amazon.com/images/I/41WJsYdkRbL._SL500_.jpg" alt="Product Image"></a><p>Vera Wang Princess Eau de Toilette Spray for Women, Vanilla, 3.4 Fl Ounce</p><p>$25.49 ($7.50 / Fl Oz)</p><a href="https://www.amazon.com/dp/B000JL7WQK?tag=eloabder-20&linkCode=osi&th=1&psc=1">View Product</a></div><div class="product"><a href="https://www.amazon.com/dp/B000C1Z5AW?tag=eloabder-20&linkCode=osi&th=1&psc=1"><img src="https://m.media-amazon.com/images/I/31pCnWTh3yL._SL500_.jpg" alt="Product Image"></a><p>Pleasures By Estee Lauder For Women. Eau De Parfum Spray 3.4 Ounces</p><p>$35.00 ($10.29 / Fl Oz)</p><a href="https://www.amazon.com/dp/B000C1Z5AW?tag=eloabder-20&linkCode=osi&th=1&psc=1">View Product</a></div><div class="product"><a href="https://www.amazon.com/dp/B000P22TIY?tag=eloabder-20&linkCode=osi&th=1&psc=1"><img src="https://m.media-amazon.com/images/I/31h9AoIGn3L._SL500_.jpg" alt="Product Image"></a><p>Nautica Voyage Eau De Toilette for Men - Fresh, Romantic, Fruity Scent Woody, Aquatic Notes of Apple, Water Lotus, Cedarwood, and Musk Ideal Day Wear 3.3 Fl Oz</p><p>$18.90 ($5.73 / Fl Oz)</p><a href="https://www.amazon.com/dp/B000P22TIY?tag=eloabder-20&linkCode=osi&th=1&psc=1">View Product</a></div><div class="product"><a href="https://www.amazon.com/dp/B00GZP041Y?tag=eloabder-20&linkCode=osi&th=1&psc=1"><img src="https://m.media-amazon.com/images/I/41-2Bb4gj+L._SL500_.jpg" alt="Product Image"></a><p>Versace Bright Crystal Absolu Eau de Perfume Spray, 3.0 Ounce</p><p>$52.67 ($17.56 / Fl Oz)</p><a href="https://www.amazon.com/dp/B00GZP041Y?tag=eloabder-20&linkCode=osi&th=1&psc=1">View Product</a></div>





<div class="product"><a href="https://www.amazon.com/dp/B0B2RM68G2?tag=eloabder-20&linkCode=osi&th=1&psc=1"><img src="https://m.media-amazon.com/images/I/41VafG53fjL._SL500_.jpg" alt="Product Image"></a><p>BIODANCE Bio-Collagen Real Deep Mask, Hydrating Overnight Hydrogel Mask, Pore Minimizing, Elasticity Improvement, 34g x4ea</p><p>$19.00 ($4.75 / Count)</p><a href="https://www.amazon.com/dp/B0B2RM68G2?tag=eloabder-20&linkCode=osi&th=1&psc=1">View Product</a></div><div class="product"><a href="https://www.amazon.com/dp/B00BAM7F8C?tag=eloabder-20&linkCode=osi&th=1&psc=1"><img src="https://m.media-amazon.com/images/I/51jsS9SDHeL._SL500_.jpg" alt="Product Image"></a><p>DERMAL 16 Combo Pack A Collagen Essencce Korean Face Mask - Hydrating & Soothing Facial Mask with Panthenol - Hypoallergenic Self Care Sheet Mask for All Skin Types - Natural Home Spa Treatment Masks</p><p>$11.99</p><a href="https://www.amazon.com/dp/B00BAM7F8C?tag=eloabder-20&linkCode=osi&th=1&psc=1">View Product</a></div><div class="product"><a href="https://www.amazon.com/dp/B07FPJHPX1?tag=eloabder-20&linkCode=osi&th=1&psc=1"><img src="https://m.media-amazon.com/images/I/51uNOnTpxTL._SL500_.jpg" alt="Product Image"></a><p>Celavi Essence Facial Sheet Face Mask Variety Set Classic Authentic Korean Moisturizing Skincare (12-Packs)</p><p>$9.40 ($0.78 / Count)</p><a href="https://www.amazon.com/dp/B07FPJHPX1?tag=eloabder-20&linkCode=osi&th=1&psc=1">View Product</a></div><div class="product"><a href="https://www.amazon.com/dp/B0722LVW3B?tag=eloabder-20&linkCode=osi&th=1&psc=1"><img src="https://m.media-amazon.com/images/I/51Vm0lozSIL._SL500_.jpg" alt="Product Image"></a><p>DERMAL 24 Combo Pack A Collagen Essence Korean Face Mask - Hydrating & Soothing Facial Mask with Panthenol - Hypoallergenic Self Care Sheet Mask for All Skin Types - Natural Home Spa Treatment Mask</p><p>$16.99 ($0.71 / Count)</p><a href="https://www.amazon.com/dp/B0722LVW3B?tag=eloabder-20&linkCode=osi&th=1&psc=1">View Product</a></div><div class="product"><a href="https://www.amazon.com/dp/B0D7LXSSS5?tag=eloabder-20&linkCode=osi&th=1&psc=1"><img src="https://m.media-amazon.com/images/I/41N5HKnGTtL._SL500_.jpg" alt="Product Image"></a><p>SOYUB Collagen Face Mask - Hydrating Overnight Collagen Face Mask Deep Collagen Anti Wrinkle Lifting Mask - Pure Collagen Films for Improve Elasticity Firming And Moisturizing (4pcs/1 Box)</p><p>$13.79 ($3.45 / Count)</p><a href="https://www.amazon.com/dp/B0D7LXSSS5?tag=eloabder-20&linkCode=osi&th=1&psc=1">View Product</a></div><div class="product"><a href="https://www.amazon.com/dp/B007CY2C76?tag=eloabder-20&linkCode=osi&th=1&psc=1"><img src="https://m.media-amazon.com/images/I/31-131ZWvEL._SL500_.jpg" alt="Product Image"></a><p>Freeman Dead Sea Minerals Anti-Stress Clay Facial Mask, Hydrating & Clarifying, Clears Pores, Face Mask With Lavender & Bergamot For Radiant Skin, For All Skin Types, 6 fl. oz./175 mL Tube, 1 Count</p><p>$3.86 ($0.64 / Ounce)</p><a href="https://www.amazon.com/dp/B007CY2C76?tag=eloabder-20&linkCode=osi&th=1&psc=1">View Product</a></div>



<div class="product"><a href="https://www.amazon.com/dp/B0CZXG68J4?tag=eloabder-20&linkCode=osi&th=1&psc=1"><img src="https://m.media-amazon.com/images/I/41Xkis0092L._SL500_.jpg" alt="Product Image"></a><p>CNP Honey Lip Butter (0.5 fl.oz / 15ml) - Propolis Lipcerin™, Hydrating Overnight Manuka Lip Balm & Mask, 12hrs Long-lasting Moisture, Gentle Exfoliation, Hygienic Twist Dispenser, Korean Skin Care</p><p>$17.80 ($35.60 / Fl Oz)</p><a href="https://www.amazon.com/dp/B0CZXG68J4?tag=eloabder-20&linkCode=osi&th=1&psc=1">View Product</a></div><div class="product"><a href="https://www.amazon.com/dp/B08GJH4RZV?tag=eloabder-20&linkCode=osi&th=1&psc=1"><img src="https://m.media-amazon.com/images/I/41PXqEpAI1L._SL500_.jpg" alt="Product Image"></a><p>2PCS Lip Mask Overnight, Honey&Sakura Day and Night Repair Sleeping Lip Balm, Fade Lip Lines Bee Balm, Hydrating &Prevention Dry and Crack Lip Scrubs Exfoliator</p><p>$6.49</p><a href="https://www.amazon.com/dp/B08GJH4RZV?tag=eloabder-20&linkCode=osi&th=1&psc=1">View Product</a></div><div class="product"><a href="https://www.amazon.com/dp/B07XXPHQZK?tag=eloabder-20&linkCode=osi&th=1&psc=1"><img src="https://m.media-amazon.com/images/I/31mJBoxFgQL._SL500_.jpg" alt="Product Image"></a><p>LANEIGE Lip Sleeping Mask Berry: Nourish, Hydrate, Vitamin C, Murumuru & Shea Butter, Antioxidants, Flaky, Dry Lips</p><p>$24.00 ($34.29 / Ounce)</p><a href="https://www.amazon.com/dp/B07XXPHQZK?tag=eloabder-20&linkCode=osi&th=1&psc=1">View Product</a></div><div class="product"><a href="https://www.amazon.com/dp/B07Y91BMSK?tag=eloabder-20&linkCode=osi&th=1&psc=1"><img src="https://m.media-amazon.com/images/I/51P5ul4ewsL._SL500_.jpg" alt="Product Image"></a><p>NIVEA Lip Care, Fruity Tinted Lip Balm Variety Pack, Includes Cherry, Strawberry, Blackberry and Watermelon Scents, 0.17 Oz, Pack of 4</p><p>$9.69</p><a href="https://www.amazon.com/dp/B07Y91BMSK?tag=eloabder-20&linkCode=osi&th=1&psc=1">View Product</a></div><div class="product"><a href="https://www.amazon.com/dp/B082JJ4D98?tag=eloabder-20&linkCode=osi&th=1&psc=1"><img src="https://m.media-amazon.com/images/I/41zIrQdHI5L._SL500_.jpg" alt="Product Image"></a><p>NIVEA Smoothness Lip Care, Lip Balm SPF 15, Mineral Oil Free Lip Moisturizer with Shea Butter, Jojoba Oil and Avocado Oil, 0.17 Oz, Pack of 4</p><p>$8.40</p><a href="https://www.amazon.com/dp/B082JJ4D98?tag=eloabder-20&linkCode=osi&th=1&psc=1">View Product</a></div><div class="product"><a href="https://www.amazon.com/dp/B07MBHRYTJ?tag=eloabder-20&linkCode=osi&th=1&psc=1"><img src="https://m.media-amazon.com/images/I/410u8zP2pDL._SL500_.jpg" alt="Product Image"></a><p>Palmer's Coconut Oil Formula Lip Balm Duo, All-Day Moisturization, Lip Balm Easter Basket Stuffers, Hydrates Dry, Cracked Lips (Pack of 2)</p><p>$3.10 ($1.94 / Ounce)</p><a href="https://www.amazon.com/dp/B07MBHRYTJ?tag=eloabder-20&linkCode=osi&th=1&psc=1">View Product</a></div><div class="product"><a href="https://www.amazon.com/dp/B07YG8YVQW?tag=eloabder-20&linkCode=osi&th=1&psc=1"><img src="https://m.media-amazon.com/images/I/41tKxZOfwPL._SL500_.jpg" alt="Product Image"></a><p>NIVEA Moisture Lip Care, Lip Balm Stick with Shea Butter, Jojoba Oil and Avocado Oil, 0.17 Oz, Pack of 4</p><p>$9.98</p><a href="https://www.amazon.com/dp/B07YG8YVQW?tag=eloabder-20&linkCode=osi&th=1&psc=1">View Product</a></div><div class="product"><a href="https://www.amazon.com/dp/B08C8WMPMR?tag=eloabder-20&linkCode=osi&th=1&psc=1"><img src="https://m.media-amazon.com/images/I/410NuIkftlL._SL500_.jpg" alt="Product Image"></a><p>eos Medicated Lip Balm - The Fixer | Lip Care to Repair and Protect Chapped and Dry Lips | Instant Cooling and Pain Relief with Natural Ingredients | 0.35 oz</p><p>$3.97 ($11.34 / Fl Oz)</p><a href="https://www.amazon.com/dp/B08C8WMPMR?tag=eloabder-20&linkCode=osi&th=1&psc=1">View Product</a></div>




<div class="product"><a href="https://www.amazon.com/dp/B002CMLS50?tag=eloabder-20&linkCode=osi&th=1&psc=1"><img src="https://m.media-amazon.com/images/I/314ruNgESmL._SL500_.jpg" alt="Product Image"></a><p>Moroccanoil Hydrating Styling Cream, 10.2 Fl. Oz.</p><p>$36.00 ($3.53 / Fl Oz)</p><a href="https://www.amazon.com/dp/B002CMLS50?tag=eloabder-20&linkCode=osi&th=1&psc=1">View Product</a></div><div class="product"><a href="https://www.amazon.com/dp/B0050N4DLE?tag=eloabder-20&linkCode=osi&th=1&psc=1"><img src="https://m.media-amazon.com/images/I/31-lmMmL35L._SL500_.jpg" alt="Product Image"></a><p>Garnier Fructis Style Pure Clean Styling Gel 6.8 Fl Oz, 1 Count, (Packaging May Vary)</p><p>$4.49 ($0.66 / Fl Oz)</p><a href="https://www.amazon.com/dp/B0050N4DLE?tag=eloabder-20&linkCode=osi&th=1&psc=1">View Product</a></div><div class="product"><a href="https://www.amazon.com/dp/B07KB39L6L?tag=eloabder-20&linkCode=osi&th=1&psc=1"><img src="https://m.media-amazon.com/images/I/51U76BCUc5L._SL500_.jpg" alt="Product Image"></a><p>Hair Dough Styling Clay For Men, Matte Finish Molding Hair Wax Paste Quiff, Strong Hold Without The Shine</p><p>$18.99 ($5.43 / Ounce)</p><a href="https://www.amazon.com/dp/B07KB39L6L?tag=eloabder-20&linkCode=osi&th=1&psc=1">View Product</a></div><div class="product"><a href="https://www.amazon.com/dp/B0914XZT2W?tag=eloabder-20&linkCode=osi&th=1&psc=1"><img src="https://m.media-amazon.com/images/I/417h8kM6cCL._SL500_.jpg" alt="Product Image"></a><p>Samnyte Hair Wax Stick, Wax Stick for Hair Slick Stick, Hair Wax Stick for Women Kids, Hair Gel Stick for Girls Hair Accessories for Women Fly away Hair Tamer, Hair Bun Maker for Kids Styling Cream</p><p>$7.99 ($2.96 / Fl Oz)</p><a href="https://www.amazon.com/dp/B0914XZT2W?tag=eloabder-20&linkCode=osi&th=1&psc=1">View Product</a></div>


<div class="product"><a href="https://www.amazon.com/dp/B08GSTPT8Y?tag=eloabder-20&linkCode=osi&th=1&psc=1"><img src="https://m.media-amazon.com/images/I/41sX+hKcbML._SL500_.jpg" alt="Product Image"></a><p>AOA Studio Collection makeup Sponge Set Latex Free and High-definition Set of 6 makeup Wonder blender For Powder Cream and Liquid, Super Soft Wonder Beauty Cosmetic</p><p>$9.95 ($1.66 / Count)</p><a href="https://www.amazon.com/dp/B08GSTPT8Y?tag=eloabder-20&linkCode=osi&th=1&psc=1">View Product</a></div><div class="product"><a href="https://www.amazon.com/dp/B0CJFFR574?tag=eloabder-20&linkCode=osi&th=1&psc=1"><img src="https://m.media-amazon.com/images/I/41nkQ05yLcL._SL500_.jpg" alt="Product Image"></a><p>SUNGBOON EDITOR Deep Collagen Overnight Mask 37gx4ea | The real collagen 2,160,000ppb | Facial Hydrogel Masks with low molecular weight collagen for elasticity, firming, and moisturizing</p><p>$19.00 ($4.75 / Count)</p><a href="https://www.amazon.com/dp/B0CJFFR574?tag=eloabder-20&linkCode=osi&th=1&psc=1">View Product</a></div><div class="product"><a href="https://www.amazon.com/dp/B0B45LL4DD?tag=eloabder-20&linkCode=osi&th=1&psc=1"><img src="https://m.media-amazon.com/images/I/31ZNIWikbtL._SL500_.jpg" alt="Product Image"></a><p>Beauty of Joseon Revive Eye Serum with Retinal Niacinamide Correction for Puffy Eye Bags Fine Lines Dark Circles Wrinkles, Korean Skin Care 30ml, 1 fl.oz</p><p>$14.50 ($14.50 / Fl Oz)</p><a href="https://www.amazon.com/dp/B0B45LL4DD?tag=eloabder-20&linkCode=osi&th=1&psc=1">View Product</a></div><div class="product"><a href="https://www.amazon.com/dp/B0C4H1GPG1?tag=eloabder-20&linkCode=osi&th=1&psc=1"><img src="https://m.media-amazon.com/images/I/41jyzyKyY2L._SL500_.jpg" alt="Product Image"></a><p>BEAKEY Latex Free Blender Makeup Sponge for Blending, Pink Makeup Sponge Set, Soft Beauty Sponge, for Flawless Application of Liquid, Cream, and Powder Cosmetics, Pink Makeup Gifts</p><p>$6.99 ($1.40 / Count)</p><a href="https://www.amazon.com/dp/B0C4H1GPG1?tag=eloabder-20&linkCode=osi&th=1&psc=1">View Product</a></div><div class="product"><a href="https://www.amazon.com/dp/B00QPNVC0I?tag=eloabder-20&linkCode=osi&th=1&psc=1"><img src="https://m.media-amazon.com/images/I/31wV3gYUEpL._SL500_.jpg" alt="Product Image"></a><p>Real Techniques Miracle Complexion Sponge Set Duo, 2 Makeup Sponges For Liquid & Cream Makeup, Makeup Blender Sponge For Buildable Coverage, Foundation Sponge For Natural, Dewy Base, Latex-Free Foam</p><p>$7.69 ($3.84 / Count)</p><a href="https://www.amazon.com/dp/B00QPNVC0I?tag=eloabder-20&linkCode=osi&th=1&psc=1">View Product</a></div><div class="product"><a href="https://www.amazon.com/dp/B0CZYJYX4Q?tag=eloabder-20&linkCode=osi&th=1&psc=1"><img src="https://m.media-amazon.com/images/I/31hNatkE-9L._SL500_.jpg" alt="Product Image"></a><p>LANEIGE Lip Glowy Balm Mango: Hydrate, Glossy, Lightweight, Moisturize & Tint with Shea Butter</p><p>$19.00 ($54.29 / Ounce)</p><a href="https://www.amazon.com/dp/B0CZYJYX4Q?tag=eloabder-20&linkCode=osi&th=1&psc=1">View Product</a></div><div class="product"><a href="https://www.amazon.com/dp/B0CXQR14J3?tag=eloabder-20&linkCode=osi&th=1&psc=1"><img src="https://m.media-amazon.com/images/I/31RRaB6c+JL._SL500_.jpg" alt="Product Image"></a><p>e.l.f. Power Grip Dewy Setting Spray, Ultra Fine Mist Made With Hyaluronic Acid, Grips Makeup For A Hydrated, Dewy Finish, Vegan & Cruelty-Free</p><p>$10.00 ($3.70 / Fl Oz)</p><a href="https://www.amazon.com/dp/B0CXQR14J3?tag=eloabder-20&linkCode=osi&th=1&psc=1">View Product</a></div>
<div class="product"><a href="https://www.amazon.com/dp/B0057X7S7I?tag=eloabder-20&linkCode=osi&th=1&psc=1"><img src="https://m.media-amazon.com/images/I/31EGxy1hPjL._SL500_.jpg" alt="Product Image"></a><p>Rimmel Stay Glossy Lip Gloss - Non-Sticky and Lightweight Formula for Lip Color and Shine - 120 Non-Stop Glamour, .18oz</p><p>$3.97</p><a href="https://www.amazon.com/dp/B0057X7S7I?tag=eloabder-20&linkCode=osi&th=1&psc=1">View Product</a></div><div class="product"><a href="https://www.amazon.com/dp/B07MWTH3BY?tag=eloabder-20&linkCode=osi&th=1&psc=1"><img src="https://m.media-amazon.com/images/I/31xb-X48IBL._SL500_.jpg" alt="Product Image"></a><p>e.l.f. Monochromatic Multi Stick, Luxuriously Creamy & Blendable Color, For Eyes, Lips & Cheeks, Glistening Peach, 0.17 oz (5g)</p><p>$5.00</p><a href="https://www.amazon.com/dp/B07MWTH3BY?tag=eloabder-20&linkCode=osi&th=1&psc=1">View Product</a></div><div class="product"><a href="https://www.amazon.com/dp/B0CPFXMMBH?tag=eloabder-20&linkCode=osi&th=1&psc=1"><img src="https://m.media-amazon.com/images/I/21poCyHDdxL._SL500_.jpg" alt="Product Image"></a><p>e.l.f. Instant Lift Waterproof Brow Pencil, Long-Lasting Eyebrow Pencil For Grooming & Shaping Eyebrows, Vegan & Cruelty-free, Taupe</p><p>$3.00</p><a href="https://www.amazon.com/dp/B0CPFXMMBH?tag=eloabder-20&linkCode=osi&th=1&psc=1">View Product</a></div><div class="product"><a href="https://www.amazon.com/dp/B082YQ4QWW?tag=eloabder-20&linkCode=osi&th=1&psc=1"><img src="https://m.media-amazon.com/images/I/31S+aqgvx6L._SL500_.jpg" alt="Product Image"></a><p>wet n wild Mega Last High-Shine Lipstick Lip Color, Infused with Seed Oils For a Nourishing High-Shine, Buildable & Blendable Creamy Color, Cruelty-Free & Vegan - Pinky Ring</p><p>$2.28</p><a href="https://www.amazon.com/dp/B082YQ4QWW?tag=eloabder-20&linkCode=osi&th=1&psc=1">View Product</a></div><div class="product"><a href="https://www.amazon.com/dp/B0BDD7D34M?tag=eloabder-20&linkCode=osi&th=1&psc=1"><img src="https://m.media-amazon.com/images/I/51O5AVRXcUL._SL500_.jpg" alt="Product Image"></a><p>Maskiss 24k Gold Under Eye Patches (25 Pairs), eye mask, Collagen Skin Care Products, Eye Patches for Puffy Eyes, eye masks for dark circles and puffiness</p><p>$14.99 ($0.60 / Count)</p><a href="https://www.amazon.com/dp/B0BDD7D34M?tag=eloabder-20&linkCode=osi&th=1&psc=1">View Product</a></div><div class="product"><a href="https://www.amazon.com/dp/B004BCXEF6?tag=eloabder-20&linkCode=osi&th=1&psc=1"><img src="https://m.media-amazon.com/images/I/31t3gAw-N7L._SL500_.jpg" alt="Product Image"></a><p>L’Oreal Paris Makeup Voluminous Original Volume Building Waterproof Mascara, Carbon Black, 0.23 Fl Oz</p><p>$8.98</p><a href="https://www.amazon.com/dp/B004BCXEF6?tag=eloabder-20&linkCode=osi&th=1&psc=1">View Product</a></div>
<div class="product"><a href="https://www.amazon.com/dp/B0BSZ23FTF?tag=eloabder-20&linkCode=osi&th=1&psc=1"><img src="https://m.media-amazon.com/images/I/31GRN7P2p8L._SL500_.jpg" alt="Product Image"></a><p>Bubble Skincare Slam Dunk Face Moisturizer - Hydrating Face Cream for Dry Skin Made with Vitamin E + Aloe Vera Juice for a Glowing Complexion - Skin Care with Blue Light Protection (50ml)</p><p>$14.98 ($8.81 / Ounce)</p><a href="https://www.amazon.com/dp/B0BSZ23FTF?tag=eloabder-20&linkCode=osi&th=1&psc=1">View Product</a></div><div class="product"><a href="https://www.amazon.com/dp/B08T7DSZYD?tag=eloabder-20&linkCode=osi&th=1&psc=1"><img src="https://m.media-amazon.com/images/I/41WwUSxcyGL._SL500_.jpg" alt="Product Image"></a><p>e.l.f. SKIN Hydrated Ever After Skincare Mini Kit, Cleanser, Makeup Remover, Moisturiser & Eye Cream For Hydrating Skin, Airplane-Friendly Sizes</p><p>$19.99</p><a href="https://www.amazon.com/dp/B08T7DSZYD?tag=eloabder-20&linkCode=osi&th=1&psc=1">View Product</a></div><div class="product"><a href="https://www.amazon.com/dp/B0BSYX57T2?tag=eloabder-20&linkCode=osi&th=1&psc=1"><img src="https://m.media-amazon.com/images/I/31ssRlEo5QL._SL500_.jpg" alt="Product Image"></a><p>Bubble Skincare Bounce Back Balancing Facial Toner Mist - Hydrating Toner Spray + Pore Minimizer Made with Sea Water and Niacinamide to Help Improve Texture & Radiance (55ml)</p><p>$12.99 ($7.22 / Fl Oz)</p><a href="https://www.amazon.com/dp/B0BSYX57T2?tag=eloabder-20&linkCode=osi&th=1&psc=1">View Product</a></div><div class="product"><a href="https://www.amazon.com/dp/B000VPPUEA?tag=eloabder-20&linkCode=osi&th=1&psc=1"><img src="https://m.media-amazon.com/images/I/31e4JzjWhkL._SL500_.jpg" alt="Product Image"></a><p>Bio-Oil Skincare Body Oil, Vitamin E, Serum for Scars & Stretchmarks, Face & Body Moisturizer, 2 oz, All Skin Types</p><p>$11.12 ($5.56 / Fl Oz)</p><a href="https://www.amazon.com/dp/B000VPPUEA?tag=eloabder-20&linkCode=osi&th=1&psc=1">View Product</a></div><div class="product"><a href="https://www.amazon.com/dp/B0C2JPBNFX?tag=eloabder-20&linkCode=osi&th=1&psc=1"><img src="https://m.media-amazon.com/images/I/51LF1OXoo0L._SL500_.jpg" alt="Product Image"></a><p>Celavi K-Beauty Skincare Essence Facial Face Mask Korea Skin Care Moisturizing B Set 12 Pack</p><p>$9.99 ($0.83 / Count)</p><a href="https://www.amazon.com/dp/B0C2JPBNFX?tag=eloabder-20&linkCode=osi&th=1&psc=1">View Product</a></div><div class="product"><a href="https://www.amazon.com/dp/B0BSYJYQY2?tag=eloabder-20&linkCode=osi&th=1&psc=1"><img src="https://m.media-amazon.com/images/I/31aQkQwjJYL._SL500_.jpg" alt="Product Image"></a><p>Bubble Skincare Level Up Balancing Face Moisturizer - Hydrating Gel Moisturizer Formulated with Zinc PCA + Niacinamide for Improved Texture & Radiance - Skin Care for Oily or Combination Skin (50ml)</p><p>$14.99 ($8.87 / Fl Oz)</p><a href="https://www.amazon.com/dp/B0BSYJYQY2?tag=eloabder-20&linkCode=osi&th=1&psc=1">View Product</a></div><div class="product"><a href="https://www.amazon.com/dp/B0B826XRPH?tag=eloabder-20&linkCode=osi&th=1&psc=1"><img src="https://m.media-amazon.com/images/I/516nsOEA-mL._SL500_.jpg" alt="Product Image"></a><p>AURUZA Ice Face Roller and Gua Sha Set, Ice Roller for Face & Eye Puffiness Relief Beauty Facial Rollers Mold Icing Massage Skin Care Tools for Brighten Lubricate Shrink Pores Remove Fine Lines</p><p>$5.49</p><a href="https://www.amazon.com/dp/B0B826XRPH?tag=eloabder-20&linkCode=osi&th=1&psc=1">View Product</a></div><div class="product"><a href="https://www.amazon.com/dp/B0BS8Y2FLK?tag=eloabder-20&linkCode=osi&th=1&psc=1"><img src="https://m.media-amazon.com/images/I/41CX-bGjaRL._SL500_.jpg" alt="Product Image"></a><p>PEAUAMIE Under Eye Patches (30 Pairs) Gold Eye Mask and Hyaluronic Acid Eye Patches for puffy eyes,Rose Eye Masks for Dark Circles and Puffiness under eye skin care Smooth Wrinkles products</p><p>$9.99 ($0.33 / Count)</p><a href="https://www.amazon.com/dp/B0BS8Y2FLK?tag=eloabder-20&linkCode=osi&th=1&psc=1">View Product</a></div><div class="product"><a href="https://www.amazon.com/dp/B09NXS395V?tag=eloabder-20&linkCode=osi&th=1&psc=1"><img src="https://m.media-amazon.com/images/I/41ZHn0qwWwL._SL500_.jpg" alt="Product Image"></a><p>NAZANO Under Eye Patches - 60 Pcs - 24K Gold Eye Mask- Puffy Eyes & Dark Circles Treatments,Reduce Under Eye Bags and Smooth Wrinkles,Eye Skin Care Pads With Collagen,Hyaluronic Acid & Castor Oil</p><p>$8.99 ($0.30 / Count)</p><a href="https://www.amazon.com/dp/B09NXS395V?tag=eloabder-20&linkCode=osi&th=1&psc=1">View Product</a></div>
<div class="product"><a href="https://www.amazon.com/dp/B01N9SPQHQ?tag=eloabder-20&linkCode=osi&th=1&psc=1"><img src="https://m.media-amazon.com/images/I/41NHgWAaYAL._SL500_.jpg" alt="Product Image"></a><p>La Roche-Posay Toleriane Double Repair Face Moisturizer, Daily Moisturizer Face Cream with Ceramide and Niacinamide for All Skin Types, Oil Free, Fragrance Free</p><p>$23.99 ($7.10 / Fl Oz)</p><a href="https://www.amazon.com/dp/B01N9SPQHQ?tag=eloabder-20&linkCode=osi&th=1&psc=1">View Product</a></div><div class="product"><a href="https://www.amazon.com/dp/B00TTD9BRC?tag=eloabder-20&linkCode=osi&th=1&psc=1"><img src="https://m.media-amazon.com/images/I/41Kc6H7fboL._SL500_.jpg" alt="Product Image"></a><p>CeraVe Moisturizing Cream | Body and Face Moisturizer for Dry Skin | Body Cream with Hyaluronic Acid and Ceramides | Daily Moisturizer | Oil-Free | Fragrance Free | Non-Comedogenic | 19 Ounce</p><p>$17.78 ($0.94 / Ounce)</p><a href="https://www.amazon.com/dp/B00TTD9BRC?tag=eloabder-20&linkCode=osi&th=1&psc=1">View Product</a></div><div class="product"><a href="https://www.amazon.com/dp/B00NR1YQHM?tag=eloabder-20&linkCode=osi&th=1&psc=1"><img src="https://m.media-amazon.com/images/I/41yzZFTW63L._SL500_.jpg" alt="Product Image"></a><p>Neutrogena Hydro Boost Face Moisturizer with Hyaluronic Acid for Dry Skin, Oil-Free and Non-Comedogenic Water Gel Face Lotion, 1.7 oz</p><p>$13.31 ($7.83 / Ounce)</p><a href="https://www.amazon.com/dp/B00NR1YQHM?tag=eloabder-20&linkCode=osi&th=1&psc=1">View Product</a></div><div class="product"><a href="https://www.amazon.com/dp/B00HNSSPHC?tag=eloabder-20&linkCode=osi&th=1&psc=1"><img src="https://m.media-amazon.com/images/I/41rWFzQZdOL._SL500_.jpg" alt="Product Image"></a><p>Neutrogena Triple Age Repair Anti-Aging Daily Facial Moisturizer with SPF 25 Sunscreen & Vitamin C, Firming Anti-Wrinkle Face & Neck Cream for Dark Spots, Glycerin & Shea Butter, 1.7 oz</p><p>$19.56 ($11.51 / Ounce)</p><a href="https://www.amazon.com/dp/B00HNSSPHC?tag=eloabder-20&linkCode=osi&th=1&psc=1">View Product</a></div><div class="product"><a href="https://www.amazon.com/dp/B000YJ2SLG?tag=eloabder-20&linkCode=osi&th=1&psc=1"><img src="https://m.media-amazon.com/images/I/31J9bWXnQ+L._SL500_.jpg" alt="Product Image"></a><p>CeraVe Daily Moisturizing Lotion for Dry Skin | Body Lotion & Face Moisturizer with Hyaluronic Acid and Ceramides | Daily Moisturizer | Fragrance Free | Oil-Free | 12 Ounce</p><p>$13.68 ($1.14 / Fl Oz)</p><a href="https://www.amazon.com/dp/B000YJ2SLG?tag=eloabder-20&linkCode=osi&th=1&psc=1">View Product</a></div><div class="product"><a href="https://www.amazon.com/dp/B099N1LC4R?tag=eloabder-20&linkCode=osi&th=1&psc=1"><img src="https://m.media-amazon.com/images/I/41lZIG8wQNL._SL500_.jpg" alt="Product Image"></a><p>Cetaphil Face & Body Moisturizer, Hydrating Moisturizing Cream For Dry To Very Dry, Sensitive Skin, NEW 20 Oz, Fragrance Free, Non-Comedogenic, Non-Greasy (Packaging May Vary)</p><p>$15.97 ($0.80 / Ounce)</p><a href="https://www.amazon.com/dp/B099N1LC4R?tag=eloabder-20&linkCode=osi&th=1&psc=1">View Product</a></div><div class="product"><a href="https://www.amazon.com/dp/B01H20MA62?tag=eloabder-20&linkCode=osi&th=1&psc=1"><img src="https://m.media-amazon.com/images/I/41xuvNUpUML._SL500_.jpg" alt="Product Image"></a><p>Cetaphil Face & Body Moisturizer, Hydrating Moisturizing Cream for Dry to Very Dry, Sensitive Skin, NEW 16 Oz 2 Pack, Fragrance Free, Non-Comedogenic, Non-Greasy</p><p>$19.48 ($0.61 / Ounce)</p><a href="https://www.amazon.com/dp/B01H20MA62?tag=eloabder-20&linkCode=osi&th=1&psc=1">View Product</a></div><div class="product"><a href="https://www.amazon.com/dp/B01NCWV3KM?tag=eloabder-20&linkCode=osi&th=1&psc=1"><img src="https://m.media-amazon.com/images/I/41Q1ESUhSeL._SL500_.jpg" alt="Product Image"></a><p>La Roche-Posay Toleriane Double Repair UV SPF Moisturizer for Face, Daily Facial Moisturizer with Sunscreen SPF 30, Niacinamide and Glycerin, Oil Free, Moisturizing Sun Protection</p><p>$24.99 ($10.00 / Fl Oz)</p><a href="https://www.amazon.com/dp/B01NCWV3KM?tag=eloabder-20&linkCode=osi&th=1&psc=1">View Product</a></div>
<div class="product"><a href="https://www.amazon.com/dp/B07P5TMHD9?tag=eloabder-20&linkCode=osi&th=1&psc=1"><img src="https://m.media-amazon.com/images/I/51xr2lw0Y7L._SL500_.jpg" alt="Product Image"></a><p>Vitamin C Face Serum - Dark Spot Remover Facial Serum, Vit C Serum with Hyaluronic Acid, Ferulic Acid, & Vit E - Anti Aging and Skin Brightening Serum, Pure Vitamin C Serum Skin Care</p><p>$9.98</p><a href="https://www.amazon.com/dp/B07P5TMHD9?tag=eloabder-20&linkCode=osi&th=1&psc=1">View Product</a></div><div class="product"><a href="https://www.amazon.com/dp/B014PGEEO2?tag=eloabder-20&linkCode=osi&th=1&psc=1"><img src="https://m.media-amazon.com/images/I/51v+djIfQGL._SL500_.jpg" alt="Product Image"></a><p>Tree of Life Facial Serum Set for Face, Brightening, Firming, Hydrating, Dry Skin, Dermatologist Tested - Trio Power Skin Care Set, Vitamin C, Retinol and Hyaluronic Acid, 3 count of 1 Fl Oz</p><p>$19.99 ($6.66 / Fl Oz)</p><a href="https://www.amazon.com/dp/B014PGEEO2?tag=eloabder-20&linkCode=osi&th=1&psc=1">View Product</a></div><div class="product"><a href="https://www.amazon.com/dp/B08R994Q1L?tag=eloabder-20&linkCode=osi&th=1&psc=1"><img src="https://m.media-amazon.com/images/I/418KUv8uVkL._SL500_.jpg" alt="Product Image"></a><p>Good Molecules Niacinamide Serum - 10% Niacinamide Balancing B3 Facial Serum for Acne, Tone, Texture - Brightening and Hydrating Skincare for Face</p><p>$6.00</p><a href="https://www.amazon.com/dp/B08R994Q1L?tag=eloabder-20&linkCode=osi&th=1&psc=1">View Product</a></div><div class="product"><a href="https://www.amazon.com/dp/B07VWSN95S?tag=eloabder-20&linkCode=osi&th=1&psc=1"><img src="https://m.media-amazon.com/images/I/411Y0nzh9zL._SL500_.jpg" alt="Product Image"></a><p>CeraVe Retinol Serum for Post-Acne Marks and Skin Texture | Pore Refining, Resurfacing, Brightening Facial Serum with Retinol and Niacinamide | Fragrance Free, Paraben Free & Non-Comedogenic| 1 Oz</p><p>$18.68</p><a href="https://www.amazon.com/dp/B07VWSN95S?tag=eloabder-20&linkCode=osi&th=1&psc=1">View Product</a></div><div class="product"><a href="https://www.amazon.com/dp/B08L8B5JR2?tag=eloabder-20&linkCode=osi&th=1&psc=1"><img src="https://m.media-amazon.com/images/I/51Ee0RzYONL._SL500_.jpg" alt="Product Image"></a><p>Vibriance Super C Serum for Mature Skin, Made in USA, All-In-One Formula Hydrates, Firms, Lifts, Smooths, Targets Age Spots, Wrinkles, Vitamin C Serum; 1 fl oz</p><p>$32.90</p><a href="https://www.amazon.com/dp/B08L8B5JR2?tag=eloabder-20&linkCode=osi&th=1&psc=1">View Product</a></div><div class="product"><a href="https://www.amazon.com/dp/B0CLLV2T1P?tag=eloabder-20&linkCode=osi&th=1&psc=1"><img src="https://m.media-amazon.com/images/I/31ZBa-zgbjL._SL500_.jpg" alt="Product Image"></a><p>Anua 10% Niacinamide+ 4% Tranexamic Acid Serum, Ceramide, Hyaluronic Acid, Vitamin B12 natural color, for Sensitive skin, Korean Glass Skin, Fragrance-Free (30ml /1.01 fl.oz.)</p><p>$19.00 ($18.81 / Fl Oz)</p><a href="https://www.amazon.com/dp/B0CLLV2T1P?tag=eloabder-20&linkCode=osi&th=1&psc=1">View Product</a></div><div class="product"><a href="https://www.amazon.com/dp/B08TM8DLFJ?tag=eloabder-20&linkCode=osi&th=1&psc=1"><img src="https://m.media-amazon.com/images/I/41g0Mg7pRIL._SL500_.jpg" alt="Product Image"></a><p>Good Molecules Hyaluronic Acid Serum - Hydrating, Non-greasy formula to Moisturize, Plump - 1% HA, Anti-aging, Water-Based Skincare for Face</p><p>$6.00 ($6.00 / Fl Oz)</p><a href="https://www.amazon.com/dp/B08TM8DLFJ?tag=eloabder-20&linkCode=osi&th=1&psc=1">View Product</a></div><div class="product"><a href="https://www.amazon.com/dp/B01B5G45R6?tag=eloabder-20&linkCode=osi&th=1&psc=1"><img src="https://m.media-amazon.com/images/I/51JgyVg967L._SL500_.jpg" alt="Product Image"></a><p>artnaturals Anti-Aging-Set with Vitamin-C Retinol and Hyaluronic-Acid - (3 x 1 Fl Oz / 30ml) Serum for Anti Wrinkle and Dark Circle Remover – All Natural and Moisturizing</p><p>$24.95 ($8.32 / Fl Oz)</p><a href="https://www.amazon.com/dp/B01B5G45R6?tag=eloabder-20&linkCode=osi&th=1&psc=1">View Product</a></div><div class="product"><a href="https://www.amazon.com/dp/B086VKZZZY?tag=eloabder-20&linkCode=osi&th=1&psc=1"><img src="https://m.media-amazon.com/images/I/31l7jUL7jOL._SL500_.jpg" alt="Product Image"></a><p>Beauty of Joseon Glow Serum Propolis and Niacinamide Hydrating Facial Soothing Moisturizer for Irritated Uneven Skin Tone, Korean Skin Care 30ml, 1 fl.oz</p><p>$13.60 ($13.47 / Fl Oz)</p><a href="https://www.amazon.com/dp/B086VKZZZY?tag=eloabder-20&linkCode=osi&th=1&psc=1">View Product</a></div>
<div class="product"><a href="https://www.amazon.com/dp/B0CYGT3CR4?tag=eloabder-20&linkCode=osi&th=1&psc=1"><img src="https://m.media-amazon.com/images/I/51LbfzrqiUL._SL500_.jpg" alt="Product Image"></a><p>KONEUK 14 Pack Sheet Face Masks Skincare for All Skin Types, Hydrating Face Masks Suitable for Sensitive Skin, Bulk Facial Mask Set for Women Skin Care, Face Mask Gifts Set for Face Spa</p><p>$8.99 ($0.64 / Count)</p><a href="https://www.amazon.com/dp/B0CYGT3CR4?tag=eloabder-20&linkCode=osi&th=1&psc=1">View Product</a></div><div class="product"><a href="https://www.amazon.com/dp/B01N37AK8V?tag=eloabder-20&linkCode=osi&th=1&psc=1"><img src="https://m.media-amazon.com/images/I/41zyExDkGCL._SL500_.jpg" alt="Product Image"></a><p>Ebanel 10 Pack Collagen Face Mask, Instant Brightening & Hydrating Face Sheet Mask with Aloe Vera, Hyaluronic Acid, Vitamin C and E, Chamomile, Anti Aging Face Mask with Hydrolyzed Collagen, Peptide</p><p>$13.99 ($1.40 / Count)</p><a href="https://www.amazon.com/dp/B01N37AK8V?tag=eloabder-20&linkCode=osi&th=1&psc=1">View Product</a></div><div class="product"><a href="https://www.amazon.com/dp/B07C3NBJ33?tag=eloabder-20&linkCode=osi&th=1&psc=1"><img src="https://m.media-amazon.com/images/I/51DMM9KU+AL._SL500_.jpg" alt="Product Image"></a><p>GLAM UP Premium Facial Sheet Mask 12 Combo (Pack of 12) | Clean Face Masks Skincare, Hydrating Face Masks, Moisturizing, Soothing, Beauty Mask For All Skin Type Variety Beauty Mask Set</p><p>$13.20 ($1.10 / Count)</p><a href="https://www.amazon.com/dp/B07C3NBJ33?tag=eloabder-20&linkCode=osi&th=1&psc=1">View Product</a></div><div class="product"><a href="https://www.amazon.com/dp/B0B5XTMJMJ?tag=eloabder-20&linkCode=osi&th=1&psc=1"><img src="https://m.media-amazon.com/images/I/61voysA0eEL._SL500_.jpg" alt="Product Image"></a><p>Meleell Collagen Sheet Face Masks Skincare Bulk Pack,Hydrating Spa Face Mask For Sensitive Skin,Anti Aging Facial Masks Sets For Women/Teen Girls(40 Combo Pack)</p><p>$25.99 ($0.65 / Count)</p><a href="https://www.amazon.com/dp/B0B5XTMJMJ?tag=eloabder-20&linkCode=osi&th=1&psc=1">View Product</a></div><div class="product"><a href="https://www.amazon.com/dp/B0CR6NHHVL?tag=eloabder-20&linkCode=osi&th=1&psc=1"><img src="https://m.media-amazon.com/images/I/514yWBJNkFL._SL500_.jpg" alt="Product Image"></a><p>Kaely 10 Pack Variety Sheet Masks,Spa Face Masks for Kids Skin Care,Facial Mask Skincare Set Korean,Moisturize,Brighten,Nourish for All Skin Types,Birthday Gifts for Women Men Boys Girls,Set01</p><p>$8.99 ($0.90 / Count)</p><a href="https://www.amazon.com/dp/B0CR6NHHVL?tag=eloabder-20&linkCode=osi&th=1&psc=1">View Product</a></div><div class="product"><a href="https://www.amazon.com/dp/B086V843R8?tag=eloabder-20&linkCode=osi&th=1&psc=1"><img src="https://m.media-amazon.com/images/I/410evC+SQHL._SL500_.jpg" alt="Product Image"></a><p>ANAI RUI Turmeric Clay Mask - Green Tea Clay Mask - Dead Sea Minerals Mud Mask, Spa Facial Mask Set, Face Mask Gift Set 2.5 oz each</p><p>$22.99</p><a href="https://www.amazon.com/dp/B086V843R8?tag=eloabder-20&linkCode=osi&th=1&psc=1">View Product</a></div><div class="product"><a href="https://www.amazon.com/dp/B07JMTMHGS?tag=eloabder-20&linkCode=osi&th=1&psc=1"><img src="https://m.media-amazon.com/images/I/41PeKCZ7NtL._SL500_.jpg" alt="Product Image"></a><p>LAPCOS Aloe Sheet Mask, Daily Face Mask with Cucumber and Aloe Gel to Calm and Moisturize Skin, Korean Beauty Favorite, 5-Pack</p><p>$20.00 ($4.00 / count)</p><a href="https://www.amazon.com/dp/B07JMTMHGS?tag=eloabder-20&linkCode=osi&th=1&psc=1">View Product</a></div><div class="product"><a href="https://www.amazon.com/dp/B0CMQKTJDQ?tag=eloabder-20&linkCode=osi&th=1&psc=1"><img src="https://m.media-amazon.com/images/I/51oosdS4y8L._SL500_.jpg" alt="Product Image"></a><p>VESPRO 100 Pack Collagen Essence Sheet Facial Masks, Bulk Face Masks Skincare, Hydrating Face Masks for All Skin Types, Moisturizing and Soothing, Natural Skin Care Spa Face Mask</p><p>$45.99 ($0.46 / Count)</p><a href="https://www.amazon.com/dp/B0CMQKTJDQ?tag=eloabder-20&linkCode=osi&th=1&psc=1">View Product</a></div><div class="product"><a href="https://www.amazon.com/dp/B0B41LVMJ3?tag=eloabder-20&linkCode=osi&th=1&psc=1"><img src="https://m.media-amazon.com/images/I/51xduFirI6L._SL500_.jpg" alt="Product Image"></a><p>#OOTD Collagen Hydrating Sheet Masks for Face Korean Anti Aging Mask Sheet for Dry Skin & Sensitive Skin, EVE Vegan, Not Tested on Animals, No Parabens, No Sulfates, Hyaluronic Acid, Witch Hazel 10EA</p><p>$18.00 ($1.80 / Count)</p><a href="https://www.amazon.com/dp/B0B41LVMJ3?tag=eloabder-20&linkCode=osi&th=1&psc=1">View Product</a></div>
<div class="product"><a href="https://www.amazon.com/dp/B01N34XW93?tag=eloabder-20&linkCode=osi&th=1&psc=1"><img src="https://m.media-amazon.com/images/I/31OMOTCxlmL._SL500_.jpg" alt="Product Image"></a><p>La Roche-Posay Toleriane Purifying Foaming Facial Cleanser, Oil Free Face Wash for Oily Skin and for Sensitive Skin with Niacinamide, Pore Cleanser Won’t Dry Out Skin, Unscented</p><p>$17.99 ($1.33 / Fl Oz)</p><a href="https://www.amazon.com/dp/B01N34XW93?tag=eloabder-20&linkCode=osi&th=1&psc=1">View Product</a></div><div class="product"><a href="https://www.amazon.com/dp/B01MSSDEPK?tag=eloabder-20&linkCode=osi&th=1&psc=1"><img src="https://m.media-amazon.com/images/I/41YuSwjJUIL._SL500_.jpg" alt="Product Image"></a><p>CeraVe Hydrating Facial Cleanser | Moisturizing Face Wash For Dry Skin | Hyaluronic Acid + Ceramides + Glycerin | Hydrating Cleanser For Normal To Dry Skin | National Eczema Assosiation Certified</p><p>$15.48 ($0.97 / Fl Oz)</p><a href="https://www.amazon.com/dp/B01MSSDEPK?tag=eloabder-20&linkCode=osi&th=1&psc=1">View Product</a></div><div class="product"><a href="https://www.amazon.com/dp/B01N7T7JKJ?tag=eloabder-20&linkCode=osi&th=1&psc=1"><img src="https://m.media-amazon.com/images/I/31VXK3y1KYL._SL500_.jpg" alt="Product Image"></a><p>La Roche-Posay Toleriane Hydrating Gentle Face Cleanser, Daily Facial Cleanser with Niacinamide and Ceramides for Sensitive Skin, Moisturizing Face Wash for Normal to Dry Skin, Fragrance Free</p><p>$17.99 ($1.33 / Fl Oz)</p><a href="https://www.amazon.com/dp/B01N7T7JKJ?tag=eloabder-20&linkCode=osi&th=1&psc=1">View Product</a></div><div class="product"><a href="https://www.amazon.com/dp/B01N1LL62W?tag=eloabder-20&linkCode=osi&th=1&psc=1"><img src="https://m.media-amazon.com/images/I/41kwN8dWWzL._SL500_.jpg" alt="Product Image"></a><p>CeraVe Foaming Facial Cleanser | Daily Face Wash for Oily Skin with Hyaluronic Acid, Ceramides, and Niacinamide| Fragrance Free | 16 Fluid Ounce</p><p>$15.19 ($0.95 / Fl Oz)</p><a href="https://www.amazon.com/dp/B01N1LL62W?tag=eloabder-20&linkCode=osi&th=1&psc=1">View Product</a></div><div class="product"><a href="https://www.amazon.com/dp/B00U1YCRD8?tag=eloabder-20&linkCode=osi&th=1&psc=1"><img src="https://m.media-amazon.com/images/I/31LVb8KvKwL._SL500_.jpg" alt="Product Image"></a><p>CeraVe SA Cleanser | Salicylic Acid Cleanser with Hyaluronic Acid, Niacinamide & Ceramides| BHA Exfoliant for Face | Fragrance Free Non-Comedogenic | 8 Ounce</p><p>$12.37 ($1.55 / Ounce)</p><a href="https://www.amazon.com/dp/B00U1YCRD8?tag=eloabder-20&linkCode=osi&th=1&psc=1">View Product</a></div><div class="product"><a href="https://www.amazon.com/dp/B0BVV8BNYJ?tag=eloabder-20&linkCode=osi&th=1&psc=1"><img src="https://m.media-amazon.com/images/I/31tSZvBReoL._SL500_.jpg" alt="Product Image"></a><p>ANUA Heartleaf Quercetinol Pore Deep Cleansing Foam, Facial Cleanser, for Double Cleansing, BHA, Hyaluronic Acid, Glycerin, Face Wash, Blackhead Remover, Korean Skincare (150ml/5.07 fl.oz.)</p><p>$13.00 ($2.56 / Fl Oz)</p><a href="https://www.amazon.com/dp/B0BVV8BNYJ?tag=eloabder-20&linkCode=osi&th=1&psc=1">View Product</a></div><div class="product"><a href="https://www.amazon.com/dp/B00QY1XZ4W?tag=eloabder-20&linkCode=osi&th=1&psc=1"><img src="https://m.media-amazon.com/images/I/319pG+OQZxL._SL500_.jpg" alt="Product Image"></a><p>Vanicream Gentle Facial Cleanser with Pump Dispenser - 8 fl oz - Formulated Without Common Irritants for Those with Sensitive Skin</p><p>$8.86 ($1.11 / Fl Oz)</p><a href="https://www.amazon.com/dp/B00QY1XZ4W?tag=eloabder-20&linkCode=osi&th=1&psc=1">View Product</a></div><div class="product"><a href="https://www.amazon.com/dp/B016NRXO06?tag=eloabder-20&linkCode=osi&th=1&psc=1"><img src="https://m.media-amazon.com/images/I/31jSFIvh2TS._SL500_.jpg" alt="Product Image"></a><p>COSRX Low pH Good Morning Gel Cleanser, Daily Mild Face Cleanser for Sensitive Skin with BHA & Tea-Tree Oil, PH Balancing, Korean Skincare (5.07fl.oz/150ml)</p><p>$11.49 ($2.27 / Fl Oz)</p><a href="https://www.amazon.com/dp/B016NRXO06?tag=eloabder-20&linkCode=osi&th=1&psc=1">View Product</a></div><div class="product"><a href="https://www.amazon.com/dp/B09Y4HHY1P?tag=eloabder-20&linkCode=osi&th=1&psc=1"><img src="https://m.media-amazon.com/images/I/41Crw80Q3yL._SL500_.jpg" alt="Product Image"></a><p>Cetaphil Face Wash, Daily Facial Cleanser for Sensitive, Combination to Oily Skin, NEW 16 oz, Fragrance Free, Gentle Foaming, Soap Free, Hypoallergenic (Packaging May Vary)</p><p>$11.97 ($0.75 / Fl Oz)</p><a href="https://www.amazon.com/dp/B09Y4HHY1P?tag=eloabder-20&linkCode=osi&th=1&psc=1">View Product</a></div><div class="product"><a href="https://www.amazon.com/dp/B0BN2PX8V3?tag=eloabder-20&linkCode=osi&th=1&psc=1"><img src="https://m.media-amazon.com/images/I/31n4TECLwuL._SL500_.jpg" alt="Product Image"></a><p>ANUA Heartleaf Pore Control Cleansing Oil, Oil Cleanser for Face, Makeup Blackhead Remover, Korean Skin Care 6.76 fl oz(200ml) (original)</p><p>$17.69 ($2.64 / Fl Oz)</p><a href="https://www.amazon.com/dp/B0BN2PX8V3?tag=eloabder-20&linkCode=osi&th=1&psc=1">View Product</a></div>
<div class="product"><a href="https://www.amazon.com/dp/B08CMS8P67?tag=eloabder-20&linkCode=osi&th=1&psc=1"><img src="https://m.media-amazon.com/images/I/31LVyuSsJEL._SL500_.jpg" alt="Product Image"></a><p>Anua Heartleaf 77 Soothing Toner I pH 5.5 Trouble Care, Calming Skin, Refreshing, Hydrating, Purifying, Cruelty Free, Vegan,(250ml / 8.45 fl.oz.)</p><p>$19.69 ($2.33 / Fl Oz)</p><a href="https://www.amazon.com/dp/B08CMS8P67?tag=eloabder-20&linkCode=osi&th=1&psc=1">View Product</a></div><div class="product"><a href="https://www.amazon.com/dp/B09LKXR62L?tag=eloabder-20&linkCode=osi&th=1&psc=1"><img src="https://m.media-amazon.com/images/I/31D6ydy59dL._SL500_.jpg" alt="Product Image"></a><p>CeraVe Hydrating Toner for Face Non-Alcoholic with Hyaluronic Acid, Niacinamide, and Ceramides for Sensitive Dry Skin, Fragrance-Free Non Comedogenic, Full Size, 6.8 Fl Oz</p><p>$9.86 ($1.45 / Ounce)</p><a href="https://www.amazon.com/dp/B09LKXR62L?tag=eloabder-20&linkCode=osi&th=1&psc=1">View Product</a></div><div class="product"><a href="https://www.amazon.com/dp/B0CG1H8YRS?tag=eloabder-20&linkCode=osi&th=1&psc=1"><img src="https://m.media-amazon.com/images/I/31OZES5j9LL._SL500_.jpg" alt="Product Image"></a><p>TIRTIR Milk Skin Rice Toner | Deep Moisturizing, Instant Glow, 2% Niacinamide, Rice Bran Extract, Ceramide, Panthenol, Cruelty-Free, Fungal Acne Friendly, Vegan, 5.07 fl.oz.</p><p>$24.99 ($4.93 / Fl Oz)</p><a href="https://www.amazon.com/dp/B0CG1H8YRS?tag=eloabder-20&linkCode=osi&th=1&psc=1">View Product</a></div><div class="product"><a href="https://www.amazon.com/dp/B007HD570Q?tag=eloabder-20&linkCode=osi&th=1&psc=1"><img src="https://m.media-amazon.com/images/I/31uC8ENEVqL._SL500_.jpg" alt="Product Image"></a><p>Thayers Alcohol-Free, Hydrating Rose Petal Witch Hazel Facial Toner with Aloe Vera Formula, Vegan, Dermatologist Tested and Recommended, 12 Oz</p><p>$10.53 ($0.88 / Fl Oz)</p><a href="https://www.amazon.com/dp/B007HD570Q?tag=eloabder-20&linkCode=osi&th=1&psc=1">View Product</a></div><div class="product"><a href="https://www.amazon.com/dp/B01LZK411L?tag=eloabder-20&linkCode=osi&th=1&psc=1"><img src="https://m.media-amazon.com/images/I/31la+He5vRL._SL500_.jpg" alt="Product Image"></a><p>ACWELL Licorice pH Balancing Korean Toner for Cleansing 5.07 fl.oz. - Alcohol-Free PH5.5 Hydrating Facial Astringent - Skin Clarifying & Hydration Boosting Toner</p><p>$16.00 ($3.14 / Fl Oz)</p><a href="https://www.amazon.com/dp/B01LZK411L?tag=eloabder-20&linkCode=osi&th=1&psc=1">View Product</a></div><div class="product"><a href="https://www.amazon.com/dp/B07BYJF7L7?tag=eloabder-20&linkCode=osi&th=1&psc=1"><img src="https://m.media-amazon.com/images/I/31+G3Xc+J7L._SL500_.jpg" alt="Product Image"></a><p>SOME BY MI AHA BHA PHA 30 Days Miracle Toner - 5.07Oz, 150ml - Made from Tea Tree Water for Sensitive Skin - Mild Exfoliating Daily Face Toner - Skin Wastes, Sebum and Oiliness Care - Korean Skin Care</p><p>$12.00 ($2.37 / Fl Oz)</p><a href="https://www.amazon.com/dp/B07BYJF7L7?tag=eloabder-20&linkCode=osi&th=1&psc=1">View Product</a></div><div class="product"><a href="https://www.amazon.com/dp/B00LO2RO7K?tag=eloabder-20&linkCode=osi&th=1&psc=1"><img src="https://m.media-amazon.com/images/I/31Wb52+KYzL._SL500_.jpg" alt="Product Image"></a><p>La Roche-Posay Effaclar Clarifying Solution Acne Toner with Salicylic Acid and Glycolic Acid, Pore Refining Oily Skin Toner, Gentle Exfoliant to Unclog Pores and Remove Dead Skin Cells</p><p>$16.99 ($2.51 / Fl Oz)</p><a href="https://www.amazon.com/dp/B00LO2RO7K?tag=eloabder-20&linkCode=osi&th=1&psc=1">View Product</a></div><div class="product"><a href="https://www.amazon.com/dp/B008EPPIQ4?tag=eloabder-20&linkCode=osi&th=1&psc=1"><img src="https://m.media-amazon.com/images/I/31-lQL0AkZL._SL500_.jpg" alt="Product Image"></a><p>Paula's Choice Skin Balancing Pore-Reducing Toner for Combination and Oily Skin, Minimizes Large Pores, 6.4 Fluid Ounce Bottle</p><p>$26.00 ($4.06 / Fl Oz)</p><a href="https://www.amazon.com/dp/B008EPPIQ4?tag=eloabder-20&linkCode=osi&th=1&psc=1">View Product</a></div><div class="product"><a href="https://www.amazon.com/dp/B073P6BPF5?tag=eloabder-20&linkCode=osi&th=1&psc=1"><img src="https://m.media-amazon.com/images/I/31hqlVDLizL._SL500_.jpg" alt="Product Image"></a><p>COSRX AHA/BHA Clarifying Treatment Toner, 5.07 fl.oz / 150ml | Exfoliating Facial Spray | Korean Skin Care, Hydrating, Mild Exfoliation, Vegan, Animal Testing Free, Paraben Free</p><p>$10.75 ($2.11 / Fl Oz)</p><a href="https://www.amazon.com/dp/B073P6BPF5?tag=eloabder-20&linkCode=osi&th=1&psc=1">View Product</a></div>
<div class="product"><a href="https://www.amazon.com/dp/B07C5SS6YD?tag=eloabder-20&linkCode=osi&th=1&psc=1"><img src="https://m.media-amazon.com/images/I/31tzIszvgAL._SL500_.jpg" alt="Product Image"></a><p>Paula's Choice Skin Perfecting 2% BHA Liquid Salicylic Acid Exfoliant, Gentle Facial Exfoliator for Blackheads, Large Pores, Wrinkles & Fine Lines, Travel Size, 1 Fluid Ounce</p><p>$14.00</p><a href="https://www.amazon.com/dp/B07C5SS6YD?tag=eloabder-20&linkCode=osi&th=1&psc=1">View Product</a></div><div class="product"><a href="https://www.amazon.com/dp/B07VW3YSWH?tag=eloabder-20&linkCode=osi&th=1&psc=1"><img src="https://m.media-amazon.com/images/I/410j9ZFktHL._SL500_.jpg" alt="Product Image"></a><p>Tree Hut Vitamin C Shea Sugar Scrub, 18 oz, Ultra Hydrating and Exfoliating Scrub for Nourishing Essential Body Care</p><p>$8.94 ($0.50 / Ounce)</p><a href="https://www.amazon.com/dp/B07VW3YSWH?tag=eloabder-20&linkCode=osi&th=1&psc=1">View Product</a></div><div class="product"><a href="https://www.amazon.com/dp/B07NHZP4FW?tag=eloabder-20&linkCode=osi&th=1&psc=1"><img src="https://m.media-amazon.com/images/I/41znKaYV17L._SL500_.jpg" alt="Product Image"></a><p>Seraphic Skincare (Original) Premium Exfoliating Mitt for Body (2pc) – 100% Vegan Viscose Traditional Body Scrub Glove Kessa Korean Washcloth – Body Exfoliator for Self-Tan Removal & Keratosis Pilaris</p><p>$12.99 ($6.50 / Count)</p><a href="https://www.amazon.com/dp/B07NHZP4FW?tag=eloabder-20&linkCode=osi&th=1&psc=1">View Product</a></div><div class="product"><a href="https://www.amazon.com/dp/B001VMJSCW?tag=eloabder-20&linkCode=osi&th=1&psc=1"><img src="https://m.media-amazon.com/images/I/31N7x4-aJAL._SL500_.jpg" alt="Product Image"></a><p>Dermalogica Daily Microfoliant, Face Exfoliator Scrub Powder with Salicylic Acid and Papaya Enzyme, Achieve Brighter, Smoother Skin Daily, 0.45 Oz</p><p>$19.00 ($42.22 / Ounce)</p><a href="https://www.amazon.com/dp/B001VMJSCW?tag=eloabder-20&linkCode=osi&th=1&psc=1">View Product</a></div><div class="product"><a href="https://www.amazon.com/dp/B09Q88TVGJ?tag=eloabder-20&linkCode=osi&th=1&psc=1"><img src="https://m.media-amazon.com/images/I/31jQFJt0t7L._SL500_.jpg" alt="Product Image"></a><p>tingl Face and Body Exfoliator Pads - Anti Aging Acne Treatment with Glycolic Acid, Lactic Acid, and Salicylic Acid - Pore Minimizer, Oil Cleanser, Blackhead Remover and Skin Exfoliator in One</p><p>$38.00 ($38.00 / Count)</p><a href="https://www.amazon.com/dp/B09Q88TVGJ?tag=eloabder-20&linkCode=osi&th=1&psc=1">View Product</a></div><div class="product"><a href="https://www.amazon.com/dp/B0BNWXFH3P?tag=eloabder-20&linkCode=osi&th=1&psc=1"><img src="https://m.media-amazon.com/images/I/51HkdST1FCL._SL500_.jpg" alt="Product Image"></a><p>Dermasuri Deep Exfoliating Glove for Shower - Exfoliating Mitt Body Scrubber - Skin Exfoliator & Dead Skin Remover - Keratosis Pilaris Scrub - Spray Tan Remover - Korean Skincare for Body (2 Pack)</p><p>$19.99 ($10.00 / Count)</p><a href="https://www.amazon.com/dp/B0BNWXFH3P?tag=eloabder-20&linkCode=osi&th=1&psc=1">View Product</a></div><div class="product"><a href="https://www.amazon.com/dp/B076DSRB6B?tag=eloabder-20&linkCode=osi&th=1&psc=1"><img src="https://m.media-amazon.com/images/I/51lTK55c5UL._SL500_.jpg" alt="Product Image"></a><p>Himalayan Salt Scrub Face Foot & Body Exfoliator Infused with Collagen and Stem Cell Natural Exfoliating Salt Body Scrub for Toning Cellulite Skin Care by M3 Naturals</p><p>$25.81 ($2.15 / Ounce)</p><a href="https://www.amazon.com/dp/B076DSRB6B?tag=eloabder-20&linkCode=osi&th=1&psc=1">View Product</a></div><div class="product"><a href="https://www.amazon.com/dp/B004GEV9JW?tag=eloabder-20&linkCode=osi&th=1&psc=1"><img src="https://m.media-amazon.com/images/I/41MgyDfHXfL._SL500_.jpg" alt="Product Image"></a><p>Buf-Puf Gentle Facial Sponge, Dermatologist Developed, Removes Deep Down Dirt & Makeup That Causes Breakouts and Blackheads, Reusable, Exfoliating, 1 Count</p><p>$8.71</p><a href="https://www.amazon.com/dp/B004GEV9JW?tag=eloabder-20&linkCode=osi&th=1&psc=1">View Product</a></div><div class="product"><a href="https://www.amazon.com/dp/B0000632EN?tag=eloabder-20&linkCode=osi&th=1&psc=1"><img src="https://m.media-amazon.com/images/I/314AH1Zo0lL._SL500_.jpg" alt="Product Image"></a><p>Aveeno Positively Radiant Exfoliating Facial Scrub, Brightening Face Scrub with Soy Extract to Visibly Improve Skin Tone and Texture, Oil-Free, Soap-Free, Hypoallergenic Formula, 5 FL OZ</p><p>$7.97 ($1.59 / Ounce)</p><a href="https://www.amazon.com/dp/B0000632EN?tag=eloabder-20&linkCode=osi&th=1&psc=1">View Product</a></div>
<div class="product"><a href="https://www.amazon.com/dp/B005IHT94S?tag=eloabder-20&linkCode=osi&th=1&psc=1"><img src="https://m.media-amazon.com/images/I/31YAXVCRMAL._SL500_.jpg" alt="Product Image"></a><p>Neutrogena Ultra Sheer Dry-Touch Water Resistant and Non-Greasy Sunscreen Lotion with Broad Spectrum SPF 70, 3 Fl Oz (Pack of 1)</p><p>$9.88 ($3.29 / Fl Oz)</p><a href="https://www.amazon.com/dp/B005IHT94S?tag=eloabder-20&linkCode=osi&th=1&psc=1">View Product</a></div><div class="product"><a href="https://www.amazon.com/dp/B078BC1NJ6?tag=eloabder-20&linkCode=osi&th=1&psc=1"><img src="https://m.media-amazon.com/images/I/51V4LMN2zEL._SL500_.jpg" alt="Product Image"></a><p>Coppertone Sport Sunscreen Spray SPF 50, Water Resistant Spray Sunscreen, Broad Spectrum SPF 50 Sunscreen, Bulk Sunscreen Pack, 5.5 Oz Bottle, Pack of 3</p><p>$20.63 ($1.25 / Ounce)</p><a href="https://www.amazon.com/dp/B078BC1NJ6?tag=eloabder-20&linkCode=osi&th=1&psc=1">View Product</a></div><div class="product"><a href="https://www.amazon.com/dp/B01MQXX9US?tag=eloabder-20&linkCode=osi&th=1&psc=1"><img src="https://m.media-amazon.com/images/I/41Zi7BP15NL._SL500_.jpg" alt="Product Image"></a><p>Banana Boat Sport Ultra SPF 50 Sunscreen Spray Twin Pack | Banana Boat Sunscreen Spray SPF 50, Spray On Sunscreen, Water Resistant Sunscreen, Oxybenzone Free Sunscreen Pack, 6oz each</p><p>$13.97 ($1.16 / Ounce)</p><a href="https://www.amazon.com/dp/B01MQXX9US?tag=eloabder-20&linkCode=osi&th=1&psc=1">View Product</a></div><div class="product"><a href="https://www.amazon.com/dp/B00AEN4QZ8?tag=eloabder-20&linkCode=osi&th=1&psc=1"><img src="https://m.media-amazon.com/images/I/31QMrCJPoeL._SL500_.jpg" alt="Product Image"></a><p>Neutrogena Beach Defense Water-Resistant Face & Body SPF 70 Sunscreen Lotion with Broad Spectrum UVA/UVB Protection, Oil-Free Fast-Absorbing Sunscreen Lotion, Oxybenzone-Free, 6.7 oz</p><p>$9.60 ($1.43 / Fl Oz)</p><a href="https://www.amazon.com/dp/B00AEN4QZ8?tag=eloabder-20&linkCode=osi&th=1&psc=1">View Product</a></div><div class="product"><a href="https://www.amazon.com/dp/B076GZX3KL?tag=eloabder-20&linkCode=osi&th=1&psc=1"><img src="https://m.media-amazon.com/images/I/41BQoEZMuTL._SL500_.jpg" alt="Product Image"></a><p>Neutrogena Sunscreen Spray, Ultra Sheer ® Body Mist, Broad Spectrum SPF 70, Non-Greasy Water Resistant Body Sunscreen Mist, Non-Comedogenic, 5 oz (Pack of 3)</p><p>$22.60 ($1.51 / Ounce)</p><a href="https://www.amazon.com/dp/B076GZX3KL?tag=eloabder-20&linkCode=osi&th=1&psc=1">View Product</a></div><div class="product"><a href="https://www.amazon.com/dp/B004D2DR0Q?tag=eloabder-20&linkCode=osi&th=1&psc=1"><img src="https://m.media-amazon.com/images/I/41QwzCWNnFL._SL500_.jpg" alt="Product Image"></a><p>Neutrogena Ultra Sheer Dry-Touch Water Resistant and Non-Greasy Sunscreen Lotion with Broad Spectrum SPF 45, TSA-Compliant travel Size, 3 Fl Oz, Pack of 2, 6 Fl Oz</p><p>$13.99 ($2.33 / Fl Oz)</p><a href="https://www.amazon.com/dp/B004D2DR0Q?tag=eloabder-20&linkCode=osi&th=1&psc=1">View Product</a></div><div class="product"><a href="https://www.amazon.com/dp/B002CML1VG?tag=eloabder-20&linkCode=osi&th=1&psc=1"><img src="https://m.media-amazon.com/images/I/41ufC4L5QQL._SL500_.jpg" alt="Product Image"></a><p>La Roche-Posay Anthelios Melt-In Milk Sunscreen SPF 60 | Sunscreen For Body & Face | Broad Spectrum SPF + Antioxidants | Oil Free Sunscreen Lotion | Lightweight & Fast Absorbing | Oxybenzone Free</p><p>$37.99 ($7.60 / Fl Oz)</p><a href="https://www.amazon.com/dp/B002CML1VG?tag=eloabder-20&linkCode=osi&th=1&psc=1">View Product</a></div><div class="product"><a href="https://www.amazon.com/dp/B00B81XR1Y?tag=eloabder-20&linkCode=osi&th=1&psc=1"><img src="https://m.media-amazon.com/images/I/41NtDXr-dML._SL500_.jpg" alt="Product Image"></a><p>Banana Boat Sport Ultra SPF 30 Sunscreen Spray Twin Pack | Banana Boat Sunscreen Spray SPF 30, Spray On Sunscreen, Water Resistant Sunscreen, Oxybenzone Free Sunscreen Pack, 6oz each</p><p>$13.47 ($1.12 / Ounce)</p><a href="https://www.amazon.com/dp/B00B81XR1Y?tag=eloabder-20&linkCode=osi&th=1&psc=1">View Product</a></div><div class="product"><a href="https://www.amazon.com/dp/B07X1YDGSF?tag=eloabder-20&linkCode=osi&th=1&psc=1"><img src="https://m.media-amazon.com/images/I/31PSmI7nKIL._SL500_.jpg" alt="Product Image"></a><p>Neutrogena Beach Defense Sunscreen Spray SPF 50 Water-Resistant Body Spray with Broad Spectrum , PABA-Free, Oxybenzone-Free & Fast-Drying, Superior Sun Protection, 6.5 oz, Transparent</p><p>$9.88 ($1.52 / Ounce)</p><a href="https://www.amazon.com/dp/B07X1YDGSF?tag=eloabder-20&linkCode=osi&th=1&psc=1">View Product</a></div>
<div class="product"><a href="https://www.amazon.com/dp/B00JJPMXDO?tag=eloabder-20&linkCode=osi&th=1&psc=1"><img src="https://m.media-amazon.com/images/I/41xUbY21ojL._SL500_.jpg" alt="Product Image"></a><p>CeraVe Eye Repair Cream | Under Eye Cream For Puffiness And Bags Under Eyes | Hyaluronic Acid + Niacinamide + Marine Botanical Complex | Hydrating Eye Cream | Oil Free & Opthalmologist Tested</p><p>$13.43 ($26.86 / Ounce)</p><a href="https://www.amazon.com/dp/B00JJPMXDO?tag=eloabder-20&linkCode=osi&th=1&psc=1">View Product</a></div><div class="product"><a href="https://www.amazon.com/dp/B0B3GCCRVH?tag=eloabder-20&linkCode=osi&th=1&psc=1"><img src="https://m.media-amazon.com/images/I/41EdCdrw-AL._SL500_.jpg" alt="Product Image"></a><p>CeraVe Skin Renewing Eye Cream For Wrinkles | Under Eye Cream With Peptides + Caffeine + Niacinamide | Anti Aging Eye Cream For Wrinkles & Crows Feet | Paraben Free & Opthalmologist Tested</p><p>$18.49 ($36.98 / Ounce)</p><a href="https://www.amazon.com/dp/B0B3GCCRVH?tag=eloabder-20&linkCode=osi&th=1&psc=1">View Product</a></div><div class="product"><a href="https://www.amazon.com/dp/B00005333I?tag=eloabder-20&linkCode=osi&th=1&psc=1"><img src="https://m.media-amazon.com/images/I/31webfO63dL._SL500_.jpg" alt="Product Image"></a><p>L'Oreal Paris Dermo-Expertise Eye Defense Eye Cream with Caffeine and Hyaluronic Acid 0.5 oz</p><p>$12.27 ($24.54 / Ounce)</p><a href="https://www.amazon.com/dp/B00005333I?tag=eloabder-20&linkCode=osi&th=1&psc=1">View Product</a></div><div class="product"><a href="https://www.amazon.com/dp/B0CZJ8N83D?tag=eloabder-20&linkCode=osi&th=1&psc=1"><img src="https://m.media-amazon.com/images/I/31fQO3OHiML._SL500_.jpg" alt="Product Image"></a><p>PRIME PROMETICS PrimeEyes Hydrate Under Eye Cream for Mature Women – Hydrating Eye Cream for Dark Circles and Wrinkle Repair – Soft, Glowing & Healthy Under Eyes</p><p>$62.00</p><a href="https://www.amazon.com/dp/B0CZJ8N83D?tag=eloabder-20&linkCode=osi&th=1&psc=1">View Product</a></div><div class="product"><a href="https://www.amazon.com/dp/B0009RFB76?tag=eloabder-20&linkCode=osi&th=1&psc=1"><img src="https://m.media-amazon.com/images/I/31M2iQDNDOL._SL500_.jpg" alt="Product Image"></a><p>RoC Retinol Correxion Under Eye Cream for Dark Circles & Puffiness, Daily Wrinkle Cream, Anti Aging Line Smoothing Skin Care Treatment for Women and Men, 0.5 oz (Packaging May Vary)</p><p>$19.77 ($39.54 / Fl Oz)</p><a href="https://www.amazon.com/dp/B0009RFB76?tag=eloabder-20&linkCode=osi&th=1&psc=1">View Product</a></div><div class="product"><a href="https://www.amazon.com/dp/B0D3TG6MN3?tag=eloabder-20&linkCode=osi&th=1&psc=1"><img src="https://m.media-amazon.com/images/I/21-DQIJf5xL._SL500_.jpg" alt="Product Image"></a><p>Dr.Melaxin Eyephalt Eyebag Cream for Puffiness, Dark Circles&Fine Lines | EGF Anti-Aging Under Eye Moisturizer with Niacinamide&Ceramide 0.33 fl.oz.</p><p>$59.00 ($178.79 / Fl Oz)</p><a href="https://www.amazon.com/dp/B0D3TG6MN3?tag=eloabder-20&linkCode=osi&th=1&psc=1">View Product</a></div><div class="product"><a href="https://www.amazon.com/dp/B07CKJRJXB?tag=eloabder-20&linkCode=osi&th=1&psc=1"><img src="https://m.media-amazon.com/images/I/31pJCzbhXrL._SL500_.jpg" alt="Product Image"></a><p>No7 Lift & Luminate Triple Action Eye Cream - Anti-Aging Under Eye Cream for Dark Circles, Puffiness & Wrinkles - Formulated with Vitamin C to Brighten and Refresh Tired Eyes (0.5 Fl Oz)</p><p>$15.99</p><a href="https://www.amazon.com/dp/B07CKJRJXB?tag=eloabder-20&linkCode=osi&th=1&psc=1">View Product</a></div>
<div class="product"><a href="https://www.amazon.com/dp/B0BBSP2JNQ?tag=eloabder-20&linkCode=osi&th=1&psc=1"><img src="https://m.media-amazon.com/images/I/51qb7tiAJgL._SL500_.jpg" alt="Product Image"></a><p>SimplyVital Face Moisturizer Collagen Cream - Anti Aging Neck and Décolleté - Made in USA Day & Night Face Cream - Moisturizing, Lifting & Recovery – 1.7oz</p><p>$22.89 ($13.46 / Fl Oz)</p><a href="https://www.amazon.com/dp/B0BBSP2JNQ?tag=eloabder-20&linkCode=osi&th=1&psc=1">View Product</a></div><div class="product"><a href="https://www.amazon.com/dp/B008EKY8VK?tag=eloabder-20&linkCode=osi&th=1&psc=1"><img src="https://m.media-amazon.com/images/I/419EZkaOOIL._SL500_.jpg" alt="Product Image"></a><p>L'Oreal Paris Revitalift Triple Power Anti-Aging Face Moisturizer, Pro Retinol, Hyaluronic Acid & Vitamin C to Reduce Wrinkles, Firm & Brighten Skin, 1.7 Oz</p><p>$17.86 ($10.51 / Ounce)</p><a href="https://www.amazon.com/dp/B008EKY8VK?tag=eloabder-20&linkCode=osi&th=1&psc=1">View Product</a></div><div class="product"><a href="https://www.amazon.com/dp/B00HNSSPDG?tag=eloabder-20&linkCode=osi&th=1&psc=1"><img src="https://m.media-amazon.com/images/I/41zARcUorbL._SL500_.jpg" alt="Product Image"></a><p>Neutrogena Triple Age Repair Anti-Aging Night Cream with Vitamin C; Fights Wrinkles & Evens Tone, Firming Anti-Wrinkle Face & Neck Cream; Glycerin & Shea Butter, 1.7 oz</p><p>$19.19 ($11.29 / Ounce)</p><a href="https://www.amazon.com/dp/B00HNSSPDG?tag=eloabder-20&linkCode=osi&th=1&psc=1">View Product</a></div><div class="product"><a href="https://www.amazon.com/dp/B0C9H6PD9B?tag=eloabder-20&linkCode=osi&th=1&psc=1"><img src="https://m.media-amazon.com/images/I/51MQp9qtYZL._SL500_.jpg" alt="Product Image"></a><p>Collagen Face Moisturizer with Airless Pump - Collagen Botanical Stem Cells Cream for Skin with Retinol, Niacinamide, Hyaluronic Acid - Anti-Aging Day & Night Cream - Made in USA (1.7 Oz)</p><p>$14.99 ($8.82 / Ounce)</p><a href="https://www.amazon.com/dp/B0C9H6PD9B?tag=eloabder-20&linkCode=osi&th=1&psc=1">View Product</a></div><div class="product"><a href="https://www.amazon.com/dp/B01ES349CY?tag=eloabder-20&linkCode=osi&th=1&psc=1"><img src="https://m.media-amazon.com/images/I/51C9olHbYgL._SL500_.jpg" alt="Product Image"></a><p>LilyAna Naturals Retinol Cream - Made in USA, Anti Aging Moisturizer for Face and Neck,Wrinkle, Retinol Complex - 1.7oz</p><p>$18.16 ($10.68 / Ounce)</p><a href="https://www.amazon.com/dp/B01ES349CY?tag=eloabder-20&linkCode=osi&th=1&psc=1">View Product</a></div><div class="product"><a href="https://www.amazon.com/dp/B00QSHEN0M?tag=eloabder-20&linkCode=osi&th=1&psc=1"><img src="https://m.media-amazon.com/images/I/41XiN2SLyrL._SL500_.jpg" alt="Product Image"></a><p>Burt's Bees Renewal Firming Face Cream, Anti-Aging Retinol Alternative, Moisturizing Natural Origin Skin Care, 1.8 Ounce (Packaging May Vary)</p><p>$9.75 ($5.42 / Ounce)</p><a href="https://www.amazon.com/dp/B00QSHEN0M?tag=eloabder-20&linkCode=osi&th=1&psc=1">View Product</a></div><div class="product"><a href="https://www.amazon.com/dp/B0744JV661?tag=eloabder-20&linkCode=osi&th=1&psc=1"><img src="https://m.media-amazon.com/images/I/41uJ0OhvRuL._SL500_.jpg" alt="Product Image"></a><p>RoC Retinol Correxion Max Daily Hydration Anti-Aging Face Moisturizer with Hyaluronic Acid, Oil Free Skin Care Cream for Fine Lines, Dark Spots, Post-Acne Scars, 1.7 Ounces (Packaging May Vary)</p><p>$21.53 ($12.66 / Ounce)</p><a href="https://www.amazon.com/dp/B0744JV661?tag=eloabder-20&linkCode=osi&th=1&psc=1">View Product</a></div><div class="product"><a href="https://www.amazon.com/dp/B004D2C57M?tag=eloabder-20&linkCode=osi&th=1&psc=1"><img src="https://m.media-amazon.com/images/I/4106jzuxtsL._SL500_.jpg" alt="Product Image"></a><p>Neutrogena Retinol Face Moisturizer, Rapid Wrinkle Repair with SPF 30 Sunscreen, Daily Anti-Aging Face Cream with Retinol & Hyaluronic Acid to Fight Fine Lines, Wrinkles, & Dark Spots, 1 fl. oz</p><p>$17.14</p><a href="https://www.amazon.com/dp/B004D2C57M?tag=eloabder-20&linkCode=osi&th=1&psc=1">View Product</a></div><div class="product"><a href="https://www.amazon.com/dp/B0B5TBVX6C?tag=eloabder-20&linkCode=osi&th=1&psc=1"><img src="https://m.media-amazon.com/images/I/51nRJsctWHL._SL500_.jpg" alt="Product Image"></a><p>Retinol Cream for Face - Facial Moisturizer with Collagen and Hyaluronic Acid, Anti-Wrinkle Reduce Fine Lines Vitamin C+E Natural-Ingredient Day Night Anti-Aging For Women Men</p><p>$14.99 ($8.82 / Fl Oz)</p><a href="https://www.amazon.com/dp/B0B5TBVX6C?tag=eloabder-20&linkCode=osi&th=1&psc=1">View Product</a></div>
<div class="product"><a href="https://www.amazon.com/dp/B00DG8F02Q?tag=eloabder-20&linkCode=osi&th=1&psc=1"><img src="https://m.media-amazon.com/images/I/31+WLRw2Y6L._SL500_.jpg" alt="Product Image"></a><p>NIVEA Shea Nourish Body Lotion, 48-Hour Moisturizing Shea Butter Lotion for Dry Skin with Deep Nourishing Serum, 16.9 Fl Oz Pump Bottle</p><p>$6.29 ($0.37 / Fl Oz)</p><a href="https://www.amazon.com/dp/B00DG8F02Q?tag=eloabder-20&linkCode=osi&th=1&psc=1">View Product</a></div><div class="product"><a href="https://www.amazon.com/dp/B076G2XGY3?tag=eloabder-20&linkCode=osi&th=1&psc=1"><img src="https://m.media-amazon.com/images/I/41jIXvha20L._SL500_.jpg" alt="Product Image"></a><p>NIVEA Essentially Enriched Body Lotion for Dry Skin, Pack of 2, 16.9 Fl Oz Pump Bottles</p><p>$10.98 ($0.32 / Fl Oz)</p><a href="https://www.amazon.com/dp/B076G2XGY3?tag=eloabder-20&linkCode=osi&th=1&psc=1">View Product</a></div><div class="product"><a href="https://www.amazon.com/dp/B00DG8EZKO?tag=eloabder-20&linkCode=osi&th=1&psc=1"><img src="https://m.media-amazon.com/images/I/31DT3ghuyXL._SL500_.jpg" alt="Product Image"></a><p>NIVEA Intense Healing Body Lotion for Dry Skin, 72-Hour Moisturizing Lotion with Deep Nourishing Serum and Provitamin B5, 16.9 Fl Oz Pump Bottle</p><p>$6.29 ($0.37 / Fl Oz)</p><a href="https://www.amazon.com/dp/B00DG8EZKO?tag=eloabder-20&linkCode=osi&th=1&psc=1">View Product</a></div><div class="product"><a href="https://www.amazon.com/dp/B08KT5HM98?tag=eloabder-20&linkCode=osi&th=1&psc=1"><img src="https://m.media-amazon.com/images/I/311EVJ1x7tL._SL500_.jpg" alt="Product Image"></a><p>eos Shea Better Body Lotion- Coconut Waters, 24-Hour Moisture Skin Care, Lightweight & Non-Greasy, Made with Natural Shea, Vegan, 16 fl oz</p><p>$8.98 ($0.56 / Fl Oz)</p><a href="https://www.amazon.com/dp/B08KT5HM98?tag=eloabder-20&linkCode=osi&th=1&psc=1">View Product</a></div><div class="product"><a href="https://www.amazon.com/dp/B0034F9K36?tag=eloabder-20&linkCode=osi&th=1&psc=1"><img src="https://m.media-amazon.com/images/I/319i3EFVPvL._SL500_.jpg" alt="Product Image"></a><p>Jergens Ultra Healing Dry Skin Moisturizer, Body and Hand Lotion for Dry Skin, for Quick Absorption into Extra Dry Skin, with HYDRALUCENCE blend, Vitamins C, E, and B5, 32 Ounce</p><p>$8.17 ($0.26 / Fl Oz)</p><a href="https://www.amazon.com/dp/B0034F9K36?tag=eloabder-20&linkCode=osi&th=1&psc=1">View Product</a></div><div class="product"><a href="https://www.amazon.com/dp/B003JT8PKQ?tag=eloabder-20&linkCode=osi&th=1&psc=1"><img src="https://m.media-amazon.com/images/I/31TFisQDpKL._SL500_.jpg" alt="Product Image"></a><p>Lubriderm Daily Moisture Lotion + Pro-Ceramide with Shea Butter & Glycerin Helps Moisturize Dry Skin, Hydrating Face, Hand & Body Lotion is Lightly Scented & Non-Greasy, 24 fl. oz</p><p>$10.12 ($0.42 / Fl Oz)</p><a href="https://www.amazon.com/dp/B003JT8PKQ?tag=eloabder-20&linkCode=osi&th=1&psc=1">View Product</a></div><div class="product"><a href="https://www.amazon.com/dp/B07RK4HST7?tag=eloabder-20&linkCode=osi&th=1&psc=1"><img src="https://m.media-amazon.com/images/I/412DGoW35mL._SL500_.jpg" alt="Product Image"></a><p>CeraVe Daily Moisturizing Lotion for Dry Skin | Body Lotion & Face Moisturizer with Hyaluronic Acid and Ceramides | Daily Moisturizer | Fragrance Free | Oil-Free | 19 Ounce</p><p>$18.50 ($0.97 / Fl Oz)</p><a href="https://www.amazon.com/dp/B07RK4HST7?tag=eloabder-20&linkCode=osi&th=1&psc=1">View Product</a></div><div class="product"><a href="https://www.amazon.com/dp/B0D484X4RL?tag=eloabder-20&linkCode=osi&th=1&psc=1"><img src="https://m.media-amazon.com/images/I/31rZLOx+KEL._SL500_.jpg" alt="Product Image"></a><p>Native Body Lotion Contains Naturally Derived Plant-Based Moisturizers for Women and Men | Restores Dry Skin, Coconut & Vanilla, 16.5 fl oz</p><p>$13.97 ($0.85 / Fl Oz)</p><a href="https://www.amazon.com/dp/B0D484X4RL?tag=eloabder-20&linkCode=osi&th=1&psc=1">View Product</a></div><div class="product"><a href="https://www.amazon.com/dp/B073CXZ8KR?tag=eloabder-20&linkCode=osi&th=1&psc=1"><img src="https://m.media-amazon.com/images/I/31r1ImnqoOL._SL500_.jpg" alt="Product Image"></a><p>Nivea Oil Infused Cherry Blossom and Jojoba Oil Body Lotion, Non-Greasy Cherry Blossom Scented Lotion Moisturizes for 24+ Hours, 16.9 Fl Oz Pump Bottle</p><p>$6.29 ($0.37 / Fl Oz)</p><a href="https://www.amazon.com/dp/B073CXZ8KR?tag=eloabder-20&linkCode=osi&th=1&psc=1">View Product</a></div><div class="product"><a href="https://www.amazon.com/dp/B09HHBKK15?tag=eloabder-20&linkCode=osi&th=1&psc=1"><img src="https://m.media-amazon.com/images/I/31gFI+hSGmL._SL500_.jpg" alt="Product Image"></a><p>Amazon Basics Cocoa Butter Body Lotion, Lightly scented, 20.3 fl oz</p><p>$4.89 ($0.24 / Fl Oz)</p><a href="https://www.amazon.com/dp/B09HHBKK15?tag=eloabder-20&linkCode=osi&th=1&psc=1">View Product</a></div>
<div class="product"><a href="https://www.amazon.com/dp/B0BVBZPX9B?tag=eloabder-20&linkCode=osi&th=1&psc=1"><img src="https://m.media-amazon.com/images/I/61Y09jlKZkL._SL500_.jpg" alt="Product Image"></a><p>Dove Deep Moisture Body Wash 30.6 Fl Oz Pack of 3 with Pump, Luxurious Hydration for Dry Skin, Cleanser with 24hr Renewing MicroMoisture</p><p>$23.22 ($0.25 / Fl Oz)</p><a href="https://www.amazon.com/dp/B0BVBZPX9B?tag=eloabder-20&linkCode=osi&th=1&psc=1">View Product</a></div><div class="product"><a href="https://www.amazon.com/dp/B0BT1VXDGD?tag=eloabder-20&linkCode=osi&th=1&psc=1"><img src="https://m.media-amazon.com/images/I/217eAv7yKyL._SL500_.jpg" alt="Product Image"></a><p>Method Body Wash, Pure Peace, Paraben and Phthalate Free, Biodegradable Formula, 28 oz (Pack of 1)</p><p>$11.48 ($0.41 / Fl Oz)</p><a href="https://www.amazon.com/dp/B0BT1VXDGD?tag=eloabder-20&linkCode=osi&th=1&psc=1">View Product</a></div><div class="product"><a href="https://www.amazon.com/dp/B0BVBYQGTW?tag=eloabder-20&linkCode=osi&th=1&psc=1"><img src="https://m.media-amazon.com/images/I/61En44WjwPL._SL500_.jpg" alt="Product Image"></a><p>Dove Body Wash with Pump Sensitive Skin 3 Count Hypoallergenic, Paraben-Free, Sulfate-Free, Cruelty-Free, Moisturizing Skin Cleanser Effectively Washes Away Bacteria While Nourishing Skin 30.6 oz</p><p>$23.22 ($0.25 / Fl Oz)</p><a href="https://www.amazon.com/dp/B0BVBYQGTW?tag=eloabder-20&linkCode=osi&th=1&psc=1">View Product</a></div><div class="product"><a href="https://www.amazon.com/dp/B0CGY5BLBW?tag=eloabder-20&linkCode=osi&th=1&psc=1"><img src="https://m.media-amazon.com/images/I/61X7MjVU6uL._SL500_.jpg" alt="Product Image"></a><p>Dove Exfoliating Body Wash Glow Recharge Energizes & illuminates skin 3% brightening serum with vitamin C 18.5 oz</p><p>$9.79 ($0.53 / Fl Oz)</p><a href="https://www.amazon.com/dp/B0CGY5BLBW?tag=eloabder-20&linkCode=osi&th=1&psc=1">View Product</a></div><div class="product"><a href="https://www.amazon.com/dp/B082QB23YG?tag=eloabder-20&linkCode=osi&th=1&psc=1"><img src="https://m.media-amazon.com/images/I/31QPAuuaLwL._SL500_.jpg" alt="Product Image"></a><p>NIVEA Refreshing White Peach and Jasmine Body Wash, Scented Body Wash with Nourishing Serum, Plant-Derived Oils, Essential Skin Lipids and Vitamins, 20 Fl Oz Bottle</p><p>$4.89 ($0.24 / Fl Oz)</p><a href="https://www.amazon.com/dp/B082QB23YG?tag=eloabder-20&linkCode=osi&th=1&psc=1">View Product</a></div><div class="product"><a href="https://www.amazon.com/dp/B0BHH1LBX2?tag=eloabder-20&linkCode=osi&th=1&psc=1"><img src="https://m.media-amazon.com/images/I/41aG-jLyOqL._SL500_.jpg" alt="Product Image"></a><p>Olay Ultra Rich Moisture Body Wash for Women, Deeply Nourishes, Vitamin B3 Complex, Clinically Proven, Shea Butter Scent, 22 fl oz (Pack of 4)</p><p>$27.96 ($0.32 / Fl Oz)</p><a href="https://www.amazon.com/dp/B0BHH1LBX2?tag=eloabder-20&linkCode=osi&th=1&psc=1">View Product</a></div><div class="product"><a href="https://www.amazon.com/dp/B07FD24RTR?tag=eloabder-20&linkCode=osi&th=1&psc=1"><img src="https://m.media-amazon.com/images/I/31klAgInvXL._SL500_.jpg" alt="Product Image"></a><p>Aveeno Stress Relief Body Wash with Soothing Oat for Sensitive Skin, Lavender Body Wash to help you feel Calm and Relaxed, Sulfate-Free, 33 FL OZ</p><p>$13.48 ($0.41 / Fl Oz)</p><a href="https://www.amazon.com/dp/B07FD24RTR?tag=eloabder-20&linkCode=osi&th=1&psc=1">View Product</a></div><div class="product"><a href="https://www.amazon.com/dp/B082QC2MCX?tag=eloabder-20&linkCode=osi&th=1&psc=1"><img src="https://m.media-amazon.com/images/I/31ohT5XH1TS._SL500_.jpg" alt="Product Image"></a><p>NIVEA Shea Butter Nourishing Body Wash, Moisturizing Body Wash with Nourishing Serum, Plant-Derived Oils, Essential Skin Lipids and Vitamins, 20 Fl Oz Bottle</p><p>$5.29 ($0.26 / Fl Oz)</p><a href="https://www.amazon.com/dp/B082QC2MCX?tag=eloabder-20&linkCode=osi&th=1&psc=1">View Product</a></div><div class="product"><a href="https://www.amazon.com/dp/B0BVBYDTZ6?tag=eloabder-20&linkCode=osi&th=1&psc=1"><img src="https://m.media-amazon.com/images/I/61UbJzK8yIL._SL500_.jpg" alt="Product Image"></a><p>Dove Body Wash with Pump Refreshing Cucumber and Green Tea 3 Count Refreshes Skin Cleanser That Effectively Washes Away Bacteria While Nourishing Your Skin 30.6 oz</p><p>$29.91 ($0.33 / Fl Oz)</p><a href="https://www.amazon.com/dp/B0BVBYDTZ6?tag=eloabder-20&linkCode=osi&th=1&psc=1">View Product</a></div><div class="product"><a href="https://www.amazon.com/dp/B082QBPDJC?tag=eloabder-20&linkCode=osi&th=1&psc=1"><img src="https://m.media-amazon.com/images/I/31tC4JDwHQL._SL500_.jpg" alt="Product Image"></a><p>NIVEA Coconut and Almond Milk Pampering Body Wash, Moisturizing Body Wash with Nourishing Serum, Plant-Derived Oils, Essential Skin Lipids and Vitamins, 20 Fl Oz Bottle</p><p>$4.99 ($0.25 / Fl Oz)</p><a href="https://www.amazon.com/dp/B082QBPDJC?tag=eloabder-20&linkCode=osi&th=1&psc=1">View Product</a></div>
<div class="product"><a href="https://www.amazon.com/dp/B07N7MWX72?tag=eloabder-20&linkCode=osi&th=1&psc=1"><img src="https://m.media-amazon.com/images/I/414aNTDFuRL._SL500_.jpg" alt="Product Image"></a><p>Mielle Organics Rosemary Mint Strengthening Shampoo Infused with Biotin, Cleanses and Helps Strengthen Weak and Brittle Hair, 12 Ounces</p><p>$9.97 ($0.83 / Fl Oz)</p><a href="https://www.amazon.com/dp/B07N7MWX72?tag=eloabder-20&linkCode=osi&th=1&psc=1">View Product</a></div><div class="product"><a href="https://www.amazon.com/dp/B01N97PCBH?tag=eloabder-20&linkCode=osi&th=1&psc=1"><img src="https://m.media-amazon.com/images/I/41KYNMCTIPL._SL500_.jpg" alt="Product Image"></a><p>Garnier Fructis Pure Clean Purifying Shampoo, Silicone-Free, 12.5 Fl Oz, 1 Count (Packaging May Vary)</p><p>$3.97 ($0.32 / Fl Oz)</p><a href="https://www.amazon.com/dp/B01N97PCBH?tag=eloabder-20&linkCode=osi&th=1&psc=1">View Product</a></div><div class="product"><a href="https://www.amazon.com/dp/B07D37PQGL?tag=eloabder-20&linkCode=osi&th=1&psc=1"><img src="https://m.media-amazon.com/images/I/31+tZhs5TNL._SL500_.jpg" alt="Product Image"></a><p>Olaplex No. 4 Bond Maintenance Shampoo, Repairs, Strengthens, & Nourishes All Hair Types, Adds Shine & Leaves Hair Feeling Soft, 8.5 fl oz</p><p>$30.00 ($3.53 / Fl Oz)</p><a href="https://www.amazon.com/dp/B07D37PQGL?tag=eloabder-20&linkCode=osi&th=1&psc=1">View Product</a></div><div class="product"><a href="https://www.amazon.com/dp/B084LHV2M1?tag=eloabder-20&linkCode=osi&th=1&psc=1"><img src="https://m.media-amazon.com/images/I/4174ry43L0L._SL500_.jpg" alt="Product Image"></a><p>Herbal Essences Hello hydration shampoo shampooing for hair 29.2 FL OZ</p><p>$7.97 ($0.27 / Fl Oz)</p><a href="https://www.amazon.com/dp/B084LHV2M1?tag=eloabder-20&linkCode=osi&th=1&psc=1">View Product</a></div><div class="product"><a href="https://www.amazon.com/dp/B08SSM21R4?tag=eloabder-20&linkCode=osi&th=1&psc=1"><img src="https://m.media-amazon.com/images/I/31WbRm+ZKEL._SL500_.jpg" alt="Product Image"></a><p>Redken All Soft Shampoo | Deeply Moisturizes and Hydrates | Softens, Smooths, and Adds Shine | Safe for Color-Treated Hair | Nourishing Shampoo for Dry Hair | With Argan Oil</p><p>$26.00 ($2.57 / Fl Oz)</p><a href="https://www.amazon.com/dp/B08SSM21R4?tag=eloabder-20&linkCode=osi&th=1&psc=1">View Product</a></div><div class="product"><a href="https://www.amazon.com/dp/B0D4SBLLRJ?tag=eloabder-20&linkCode=osi&th=1&psc=1"><img src="https://m.media-amazon.com/images/I/41uWwx+mKwL._SL500_.jpg" alt="Product Image"></a><p>Olaplex Wash and Shine Kit</p><p>$57.00</p><a href="https://www.amazon.com/dp/B0D4SBLLRJ?tag=eloabder-20&linkCode=osi&th=1&psc=1">View Product</a></div><div class="product"><a href="https://www.amazon.com/dp/B086S4Q7JH?tag=eloabder-20&linkCode=osi&th=1&psc=1"><img src="https://m.media-amazon.com/images/I/51i3YLQncNL._SL500_.jpg" alt="Product Image"></a><p>Herbal Essences Shampoo and Conditioner Set, Vitamin E, Rose Hips and Jojoba Extract, Smooth Collection, Bundle</p><p>$13.81 ($0.24 / Fl Oz)</p><a href="https://www.amazon.com/dp/B086S4Q7JH?tag=eloabder-20&linkCode=osi&th=1&psc=1">View Product</a></div><div class="product"><a href="https://www.amazon.com/dp/B01ENCBOA0?tag=eloabder-20&linkCode=osi&th=1&psc=1"><img src="https://m.media-amazon.com/images/I/41wcbs9bSAL._SL500_.jpg" alt="Product Image"></a><p>Rosemary and Biotin Shampoo for Thinning Hair - Vegan Volumizing Shampoo for Fine Hair with Argan and Tea Tree Oil - Paraben Silicone and Sulfate Free Shampoo for Dry Damaged Weak and Thin Hair Care</p><p>$12.95 ($1.62 / Fl Oz)</p><a href="https://www.amazon.com/dp/B01ENCBOA0?tag=eloabder-20&linkCode=osi&th=1&psc=1">View Product</a></div><div class="product"><a href="https://www.amazon.com/dp/B07NQ69L7P?tag=eloabder-20&linkCode=osi&th=1&psc=1"><img src="https://m.media-amazon.com/images/I/51c83KZZLJL._SL500_.jpg" alt="Product Image"></a><p>Herbal Essences Argan Oil of Morocco Shampoo & Conditioner Set, Repair & Smooth, Kew Endorsed, Fizzy Citrus Scent, Paraben-Free, Safe for Color-Treated Hair, pH-Balanced, 20.2 Fl Oz Each, 2 Pack</p><p>$24.99</p><a href="https://www.amazon.com/dp/B07NQ69L7P?tag=eloabder-20&linkCode=osi&th=1&psc=1">View Product</a></div>
<div class="product"><a href="https://www.amazon.com/dp/B0891BBRHW?tag=eloabder-20&linkCode=osi&th=1&psc=1"><img src="https://m.media-amazon.com/images/I/31ndDwe7VSL._SL500_.jpg" alt="Product Image"></a><p>Pureology Hydrate Moisturizing Conditioner | Softens and Deeply Hydrates Dry Hair | For Medium to Thick Color Treated or Natural Hair | Sulfate Free Conditioner | Vegan</p><p>$37.00 ($4.11 / Fl Oz)</p><a href="https://www.amazon.com/dp/B0891BBRHW?tag=eloabder-20&linkCode=osi&th=1&psc=1">View Product</a></div><div class="product"><a href="https://www.amazon.com/dp/B07D37SBHF?tag=eloabder-20&linkCode=osi&th=1&psc=1"><img src="https://m.media-amazon.com/images/I/31ivDW-ouZL._SL500_.jpg" alt="Product Image"></a><p>Olaplex No. 5 Bond Maintenance Conditioner, Repairs, Strengthens, & Nourishes All Hair Types, Leaving Hair Feeling Soft & Adds Shine, 8.5 fl oz"</p><p>$30.00 ($3.53 / Fl Oz)</p><a href="https://www.amazon.com/dp/B07D37SBHF?tag=eloabder-20&linkCode=osi&th=1&psc=1">View Product</a></div><div class="product"><a href="https://www.amazon.com/dp/B07CLD17F5?tag=eloabder-20&linkCode=osi&th=1&psc=1"><img src="https://m.media-amazon.com/images/I/61hTHQjDOkL._SL500_.jpg" alt="Product Image"></a><p>Dove Ultra Care Conditioner Coconut & Hydration for Dry Hair Conditioner with Coconut Oil, Jojoba Oil & Sweet Almond Oil 25.4 oz</p><p>$7.49 ($0.29 / Fl Oz)</p><a href="https://www.amazon.com/dp/B07CLD17F5?tag=eloabder-20&linkCode=osi&th=1&psc=1">View Product</a></div><div class="product"><a href="https://www.amazon.com/dp/B0752CBW5T?tag=eloabder-20&linkCode=osi&th=1&psc=1"><img src="https://m.media-amazon.com/images/I/31-KMa7LAlS._SL500_.jpg" alt="Product Image"></a><p>L'Oreal Paris Elvive Total Repair 5 Repairing Conditioner for Damaged Hair Conditioner with Protein and Ceramide for Strong Silky Shiny Healthy Renewed Hair 28 Fl Oz</p><p>$8.49 ($0.30 / Fl Oz)</p><a href="https://www.amazon.com/dp/B0752CBW5T?tag=eloabder-20&linkCode=osi&th=1&psc=1">View Product</a></div><div class="product"><a href="https://www.amazon.com/dp/B00L01DEII?tag=eloabder-20&linkCode=osi&th=1&psc=1"><img src="https://m.media-amazon.com/images/I/31EJqWmmSNL._SL500_.jpg" alt="Product Image"></a><p>Biolage Ultra Hydra Source Conditioning Balm | Deep Hydrating Conditioner | Renews Hair's Moisture | For Very Dry Hair | Silicone-Free | Vegan | Salon Conditioner | 33.8 Fl. Oz</p><p>$42.00 ($1.24 / Fl Oz)</p><a href="https://www.amazon.com/dp/B00L01DEII?tag=eloabder-20&linkCode=osi&th=1&psc=1">View Product</a></div><div class="product"><a href="https://www.amazon.com/dp/B08SSCQH77?tag=eloabder-20&linkCode=osi&th=1&psc=1"><img src="https://m.media-amazon.com/images/I/31P8RgJeqwL._SL500_.jpg" alt="Product Image"></a><p>Redken All Soft Conditioner | For Dry / Brittle Hair | Moisturizes & Provides Intense Softness | With Argan Oil | 10.1 Fl Oz</p><p>$26.00 ($2.57 / Fl Oz)</p><a href="https://www.amazon.com/dp/B08SSCQH77?tag=eloabder-20&linkCode=osi&th=1&psc=1">View Product</a></div><div class="product"><a href="https://www.amazon.com/dp/B074VLNPSG?tag=eloabder-20&linkCode=osi&th=1&psc=1"><img src="https://m.media-amazon.com/images/I/319FOowuSkL._SL500_.jpg" alt="Product Image"></a><p>Garnier Fructis Grow Strong Conditioner, 33.8 Fl Oz, 1 Count (Packaging May Vary)</p><p>$8.49 ($0.25 / Fl Oz)</p><a href="https://www.amazon.com/dp/B074VLNPSG?tag=eloabder-20&linkCode=osi&th=1&psc=1">View Product</a></div><div class="product"><a href="https://www.amazon.com/dp/B00JAI4FGI?tag=eloabder-20&linkCode=osi&th=1&psc=1"><img src="https://m.media-amazon.com/images/I/212rXWGPu1L._SL500_.jpg" alt="Product Image"></a><p>Biolage Color Last Conditioner | Helps Protect Hair & Maintain Vibrant Color | For Color-Treated and Natural Hair | Paraben & Silicone-Free | Vegan | Cruelty Free | Color Protecting Salon Conditioner</p><p>$24.00 ($1.78 / Fl Oz)</p><a href="https://www.amazon.com/dp/B00JAI4FGI?tag=eloabder-20&linkCode=osi&th=1&psc=1">View Product</a></div>
<div class="product"><a href="https://www.amazon.com/dp/B00I32AN4K?tag=eloabder-20&linkCode=osi&th=1&psc=1"><img src="https://m.media-amazon.com/images/I/51KpmxinYYL._SL500_.jpg" alt="Product Image"></a><p>Arvazallia Hydrating Argan Oil Hair Mask and Deep Conditioner for Dry or Damaged Hair - 8.45 Oz</p><p>$12.95 ($1.53 / Fl Oz)</p><a href="https://www.amazon.com/dp/B00I32AN4K?tag=eloabder-20&linkCode=osi&th=1&psc=1">View Product</a></div><div class="product"><a href="https://www.amazon.com/dp/B07H3GBSC3?tag=eloabder-20&linkCode=osi&th=1&psc=1"><img src="https://m.media-amazon.com/images/I/41I862UzKRL._SL500_.jpg" alt="Product Image"></a><p>amika soulfood nourishing Mask, 8 Fl oz</p><p>$34.00 ($4.25 / Fl Oz)</p><a href="https://www.amazon.com/dp/B07H3GBSC3?tag=eloabder-20&linkCode=osi&th=1&psc=1">View Product</a></div><div class="product"><a href="https://www.amazon.com/dp/B075L6BL61?tag=eloabder-20&linkCode=osi&th=1&psc=1"><img src="https://m.media-amazon.com/images/I/41zCFV7oGTL._SL500_.jpg" alt="Product Image"></a><p>Karseell Collagen Hair Treatment Deep Repair Conditioning Argan Oil Collagen Hair Mask Essence for Dry Damaged Hair All Hair Types 16.90 oz 500ml</p><p>$23.33 ($1.38 / Fl Oz)</p><a href="https://www.amazon.com/dp/B075L6BL61?tag=eloabder-20&linkCode=osi&th=1&psc=1">View Product</a></div><div class="product"><a href="https://www.amazon.com/dp/B0BQ54DQNM?tag=eloabder-20&linkCode=osi&th=1&psc=1"><img src="https://m.media-amazon.com/images/I/41uhtWPJeuL._SL500_.jpg" alt="Product Image"></a><p>Eva NYC Therapy Session Hair Mask, Deep Conditioning Hair Mask Infused with Argan Oil and Plant Protein, 16.9 fl oz</p><p>$19.00 ($1.12 / Fl Oz)</p><a href="https://www.amazon.com/dp/B0BQ54DQNM?tag=eloabder-20&linkCode=osi&th=1&psc=1">View Product</a></div><div class="product"><a href="https://www.amazon.com/dp/B01I2ZQJSG?tag=eloabder-20&linkCode=osi&th=1&psc=1"><img src="https://m.media-amazon.com/images/I/41ctrFUeQAL._SL500_.jpg" alt="Product Image"></a><p>Elizavecca cer-100 collagen coating hair protein treatment 100ml</p><p>$7.40 ($2.19 / Fl Oz)</p><a href="https://www.amazon.com/dp/B01I2ZQJSG?tag=eloabder-20&linkCode=osi&th=1&psc=1">View Product</a></div><div class="product"><a href="https://www.amazon.com/dp/B07N7NBYSP?tag=eloabder-20&linkCode=osi&th=1&psc=1"><img src="https://m.media-amazon.com/images/I/515lD0OXQ+L._SL500_.jpg" alt="Product Image"></a><p>Mielle Organics Rosemary Mint Strengthening Hair Masque, Essential Oil & Biotin Deep Treatment, Miracle Repair for Dry, Damaged, & Frizzy Hair, 12 Ounces</p><p>$9.97 ($0.83 / Ounce)</p><a href="https://www.amazon.com/dp/B07N7NBYSP?tag=eloabder-20&linkCode=osi&th=1&psc=1">View Product</a></div><div class="product"><a href="https://www.amazon.com/dp/B002N5MKMG?tag=eloabder-20&linkCode=osi&th=1&psc=1"><img src="https://m.media-amazon.com/images/I/41NxqnExYnL._SL500_.jpg" alt="Product Image"></a><p>Moroccanoil Intense Hydrating Mask, 8.5 Fl. Oz.</p><p>$42.00 ($4.94 / Fl Oz)</p><a href="https://www.amazon.com/dp/B002N5MKMG?tag=eloabder-20&linkCode=osi&th=1&psc=1">View Product</a></div><div class="product"><a href="https://www.amazon.com/dp/B07M7PP9KX?tag=eloabder-20&linkCode=osi&th=1&psc=1"><img src="https://m.media-amazon.com/images/I/41Mpv3wIxEL._SL500_.jpg" alt="Product Image"></a><p>Marc Anthony Grow Long Hair Anti-Breakage Mask, 10.4 OZ</p><p>$8.99 ($0.90 / Fl Oz)</p><a href="https://www.amazon.com/dp/B07M7PP9KX?tag=eloabder-20&linkCode=osi&th=1&psc=1">View Product</a></div><div class="product"><a href="https://www.amazon.com/dp/B09HR5KSR8?tag=eloabder-20&linkCode=osi&th=1&psc=1"><img src="https://m.media-amazon.com/images/I/51aIw6AhsXL._SL500_.jpg" alt="Product Image"></a><p>K18 Mini Leave-In Molecular Hair Mask, Repairs Dry or Damaged Hair, Reverse Hair Damage from Bleach, Color, Chemical Services & Heat, 0.51 Fl Oz</p><p>$29.00 ($56.86 / Fl Oz)</p><a href="https://www.amazon.com/dp/B09HR5KSR8?tag=eloabder-20&linkCode=osi&th=1&psc=1">View Product</a></div>
<div class="product"><a href="https://www.amazon.com/dp/B004J1MNII?tag=eloabder-20&linkCode=osi&th=1&psc=1"><img src="https://m.media-amazon.com/images/I/31nFgivW0gL._SL500_.jpg" alt="Product Image"></a><p>Moroccanoil Hydrating Styling Cream, Travel Size, 2.53 Fl Oz</p><p>$16.00 ($6.40 / Fl Oz)</p><a href="https://www.amazon.com/dp/B004J1MNII?tag=eloabder-20&linkCode=osi&th=1&psc=1">View Product</a></div><div class="product"><a href="https://www.amazon.com/dp/B00G187CP6?tag=eloabder-20&linkCode=osi&th=1&psc=1"><img src="https://m.media-amazon.com/images/I/31belqXvyyL._SL500_.jpg" alt="Product Image"></a><p>COLOR WOW One Minute Transformation – Instant frizz fix| Nourishing styling cream smooths, tames + defrizzes on the spot| Avocado oil + Omega 3’s hydrate, repair for silkier, smoother texture</p><p>$24.00</p><a href="https://www.amazon.com/dp/B00G187CP6?tag=eloabder-20&linkCode=osi&th=1&psc=1">View Product</a></div><div class="product"><a href="https://www.amazon.com/dp/B073CWSQ51?tag=eloabder-20&linkCode=osi&th=1&psc=1"><img src="https://m.media-amazon.com/images/I/41lIHxirIkL._SL500_.jpg" alt="Product Image"></a><p>COLOR WOW Dream Coat Supernatural Spray, 6.7 Fl Oz – Keep Your Hair Frizz-Free and Shiny No Matter the Weather with Award-Winning Anti-Humidity Treatment</p><p>$28.00 ($4.18 / Fl Oz)</p><a href="https://www.amazon.com/dp/B073CWSQ51?tag=eloabder-20&linkCode=osi&th=1&psc=1">View Product</a></div><div class="product"><a href="https://www.amazon.com/dp/B075RGHQVF?tag=eloabder-20&linkCode=osi&th=1&psc=1"><img src="https://m.media-amazon.com/images/I/21TgD3HaqbL._SL500_.jpg" alt="Product Image"></a><p>American Crew Men's Fiber Cream, Like Hair Gel with Medium Hold & Natural Shine, 3.3 Fl Oz</p><p>$9.94 ($3.01 / Ounce)</p><a href="https://www.amazon.com/dp/B075RGHQVF?tag=eloabder-20&linkCode=osi&th=1&psc=1">View Product</a></div><div class="product"><a href="https://www.amazon.com/dp/B0BLWTQ7JC?tag=eloabder-20&linkCode=osi&th=1&psc=1"><img src="https://m.media-amazon.com/images/I/31jMkcol7VL._SL500_.jpg" alt="Product Image"></a><p>DAE Cactus Fruit 3-In-1 Styling Cream - Smooth Styles, Prep Shiny Blowouts, Defines Curls (5 oz.)</p><p>$30.00 ($6.00 / Ounce)</p><a href="https://www.amazon.com/dp/B0BLWTQ7JC?tag=eloabder-20&linkCode=osi&th=1&psc=1">View Product</a></div><div class="product"><a href="https://www.amazon.com/dp/B00H3DOSPU?tag=eloabder-20&linkCode=osi&th=1&psc=1"><img src="https://m.media-amazon.com/images/I/317clPmAyiL._SL500_.jpg" alt="Product Image"></a><p>Biolage Styling Gelée | Firm Hold That Adds Body, Shine & Control | For All Hair Types | Paraben-Free | Vegan | 16.9 fl. oz. | 16.9 Fl. Oz</p><p>$24.00 ($1.42 / Fl Oz)</p><a href="https://www.amazon.com/dp/B00H3DOSPU?tag=eloabder-20&linkCode=osi&th=1&psc=1">View Product</a></div><div class="product"><a href="https://www.amazon.com/dp/B08SNSSTPZ?tag=eloabder-20&linkCode=osi&th=1&psc=1"><img src="https://m.media-amazon.com/images/I/31KrkpMat6L._SL500_.jpg" alt="Product Image"></a><p>L3 Level 3 Styling Powder - Natural Look Mens Powder - Easy to Apply with No Oil or Greasy Residue (Small - 30 Grams)</p><p>$9.99 ($9.51 / Fl Oz)</p><a href="https://www.amazon.com/dp/B08SNSSTPZ?tag=eloabder-20&linkCode=osi&th=1&psc=1">View Product</a></div><div class="product"><a href="https://www.amazon.com/dp/B09MZS3D3K?tag=eloabder-20&linkCode=osi&th=1&psc=1"><img src="https://m.media-amazon.com/images/I/31CADZzpR7L._SL500_.jpg" alt="Product Image"></a><p>Marc Anthony Biotin Styling Hair Cream, Instantly Thick - Biotin & Vitamin E Hair Thickening Cream, Lightweight Hold for Thicker & Fuller Hair - Volumizing Hair Product for Thin, Flat Hair</p><p>$8.99 ($1.82 / Ounce)</p><a href="https://www.amazon.com/dp/B09MZS3D3K?tag=eloabder-20&linkCode=osi&th=1&psc=1">View Product</a></div><div class="product"><a href="https://www.amazon.com/dp/B0009OMNQQ?tag=eloabder-20&linkCode=osi&th=1&psc=1"><img src="https://m.media-amazon.com/images/I/21BMUFOie3L._SL500_.jpg" alt="Product Image"></a><p>Paul Mitchell Extra-Body Sculpting Foam, Thickens + Builds Body, For Fine Hair, 6.7 oz.</p><p>$16.50 ($2.46 / Fl Oz)</p><a href="https://www.amazon.com/dp/B0009OMNQQ?tag=eloabder-20&linkCode=osi&th=1&psc=1">View Product</a></div>
<div class="product"><a href="https://www.amazon.com/dp/B09LXMXSMN?tag=eloabder-20&linkCode=osi&th=1&psc=1"><img src="https://m.media-amazon.com/images/I/51Sly6w-y7L._SL500_.jpg" alt="Product Image"></a><p>Revlon ColorSilk Beautiful Color Permanent Hair Color, Long-Lasting High-Definition Color, Shine & Silky Softness with 100% Gray Coverage, Ammonia Free, 41 Medium Brown, 3 Pack</p><p>$11.91 ($0.90 / Fl Oz)</p><a href="https://www.amazon.com/dp/B09LXMXSMN?tag=eloabder-20&linkCode=osi&th=1&psc=1">View Product</a></div><div class="product"><a href="https://www.amazon.com/dp/B004INIW1Y?tag=eloabder-20&linkCode=osi&th=1&psc=1"><img src="https://m.media-amazon.com/images/I/51QXVxOgEkL._SL500_.jpg" alt="Product Image"></a><p>L'Oreal Paris Excellence Creme Permanent Hair Color, 4 Dark Brown, 100 percent Gray Coverage Hair Dye, Pack of 1</p><p>$10.97</p><a href="https://www.amazon.com/dp/B004INIW1Y?tag=eloabder-20&linkCode=osi&th=1&psc=1">View Product</a></div><div class="product"><a href="https://www.amazon.com/dp/B00TUM6QUC?tag=eloabder-20&linkCode=osi&th=1&psc=1"><img src="https://m.media-amazon.com/images/I/511vRRkzayL._SL500_.jpg" alt="Product Image"></a><p>Schwarzkopf Keratin Color Permanent Hair Color, 6.0 Delicate Praline, 1 Application - Salon Inspired Permanent Hair Dye, for up to 80% Less Breakage vs Untreated Hair and up to 100% Gray Coverage</p><p>$11.97</p><a href="https://www.amazon.com/dp/B00TUM6QUC?tag=eloabder-20&linkCode=osi&th=1&psc=1">View Product</a></div><div class="product"><a href="https://www.amazon.com/dp/B00006JN4M?tag=eloabder-20&linkCode=osi&th=1&psc=1"><img src="https://m.media-amazon.com/images/I/41YBT6aEgWL._SL500_.jpg" alt="Product Image"></a><p>L'Oreal Paris Superior Preference Fade-Defying + Shine Permanent Hair Color, 6 Light Brown, Pack of 1, Hair Dye</p><p>$11.97</p><a href="https://www.amazon.com/dp/B00006JN4M?tag=eloabder-20&linkCode=osi&th=1&psc=1">View Product</a></div><div class="product"><a href="https://www.amazon.com/dp/B07HXH48TF?tag=eloabder-20&linkCode=osi&th=1&psc=1"><img src="https://m.media-amazon.com/images/I/51VP1hHWq9L._SL500_.jpg" alt="Product Image"></a><p>Garnier Hair Color Nutrisse Nourishing Creme, 50 Medium Natural Brown (Truffle) Permanent Hair Dye, 2 Count (Packaging May Vary)</p><p>$16.98 ($8.49 / Count)</p><a href="https://www.amazon.com/dp/B07HXH48TF?tag=eloabder-20&linkCode=osi&th=1&psc=1">View Product</a></div><div class="product"><a href="https://www.amazon.com/dp/B001UMV18M?tag=eloabder-20&linkCode=osi&th=1&psc=1"><img src="https://m.media-amazon.com/images/I/51h21IlxAhL._SL500_.jpg" alt="Product Image"></a><p>Garnier Hair Color Nutrisse Nourishing Creme, 415 Soft Mahogany Brown (Raspberry Truffle) Permanent Hair Dye, 1 Count (Packaging May Vary)</p><p>$8.47</p><a href="https://www.amazon.com/dp/B001UMV18M?tag=eloabder-20&linkCode=osi&th=1&psc=1">View Product</a></div><div class="product"><a href="https://www.amazon.com/dp/B0B3KWJ242?tag=eloabder-20&linkCode=osi&th=1&psc=1"><img src="https://m.media-amazon.com/images/I/41fqsQmb0VL._SL500_.jpg" alt="Product Image"></a><p>COLORCHARM Demi Permanent Hair Color, 3N Medium Neutral Brown 2 oz</p><p>$9.99 ($5.00 / Fl Oz)</p><a href="https://www.amazon.com/dp/B0B3KWJ242?tag=eloabder-20&linkCode=osi&th=1&psc=1">View Product</a></div>
<div class="product"><a href="https://www.amazon.com/dp/B01ACPW1SG?tag=eloabder-20&linkCode=osi&th=1&psc=1"><img src="https://m.media-amazon.com/images/I/41aIRzbHxNL._SL500_.jpg" alt="Product Image"></a><p>CoverGirl & Olay Simply Ageless 3-in-1 Liquid Foundation, Matte Finish, Hyaluronic & Vitamin C Formula, Cruelty Free, Classic Ivory, 1 Count</p><p>$10.49</p><a href="https://www.amazon.com/dp/B01ACPW1SG?tag=eloabder-20&linkCode=osi&th=1&psc=1">View Product</a></div><div class="product"><a href="https://www.amazon.com/dp/B07MWSP8SG?tag=eloabder-20&linkCode=osi&th=1&psc=1"><img src="https://m.media-amazon.com/images/I/31B37fmqI7L._SL500_.jpg" alt="Product Image"></a><p>e.l.f. Flawless Finish Foundation, Improves Uneven Skin Tone, Lightweight, Medium Coverage & Semi-Matte, Vegan & Cruelty-Free, Beige 0.67 Fl Oz</p><p>$6.00</p><a href="https://www.amazon.com/dp/B07MWSP8SG?tag=eloabder-20&linkCode=osi&th=1&psc=1">View Product</a></div><div class="product"><a href="https://www.amazon.com/dp/B00PFCSUNC?tag=eloabder-20&linkCode=osi&th=1&psc=1"><img src="https://m.media-amazon.com/images/I/41FK6ukLnvL._SL500_.jpg" alt="Product Image"></a><p>Maybelline Fit Me Matte + Poreless Liquid Oil-Free Foundation Makeup, Natural Ivory, 1 Count (Packaging May Vary)</p><p>$7.10</p><a href="https://www.amazon.com/dp/B00PFCSUNC?tag=eloabder-20&linkCode=osi&th=1&psc=1">View Product</a></div><div class="product"><a href="https://www.amazon.com/dp/B0BCGZMTSY?tag=eloabder-20&linkCode=osi&th=1&psc=1"><img src="https://m.media-amazon.com/images/I/31Qa6QbmaiL._SL500_.jpg" alt="Product Image"></a><p>L'Oreal Paris True Match Super-Blendable Foundation, Medium Coverage Liquid Foundation Makeup, N3, Light Medium, 1 Fl Oz</p><p>$9.97</p><a href="https://www.amazon.com/dp/B0BCGZMTSY?tag=eloabder-20&linkCode=osi&th=1&psc=1">View Product</a></div><div class="product"><a href="https://www.amazon.com/dp/B000IEMGGE?tag=eloabder-20&linkCode=osi&th=1&psc=1"><img src="https://m.media-amazon.com/images/I/41RtSkNmHSL._SL500_.jpg" alt="Product Image"></a><p>LAURA GELLER NEW YORK Award-Winning Baked Balance-n-Brighten Color Correcting Powder Foundation - Fair - Buildable Light to Medium Coverage - Demi-Matte Natural Finish</p><p>$22.13</p><a href="https://www.amazon.com/dp/B000IEMGGE?tag=eloabder-20&linkCode=osi&th=1&psc=1">View Product</a></div><div class="product"><a href="https://www.amazon.com/dp/B01LMMZY6O?tag=eloabder-20&linkCode=osi&th=1&psc=1"><img src="https://m.media-amazon.com/images/I/41WWjJXCsFL._SL500_.jpg" alt="Product Image"></a><p>IT Cosmetics Your Skin But Better CC+ Cream, Medium (W) - Color Correcting Cream, Full-Coverage Foundation, Hydrating Serum & SPF 50+ Sunscreen - Natural Finish - 1.08 fl oz</p><p>$47.00 ($43.52 / Fl Oz)</p><a href="https://www.amazon.com/dp/B01LMMZY6O?tag=eloabder-20&linkCode=osi&th=1&psc=1">View Product</a></div><div class="product"><a href="https://www.amazon.com/dp/B07CVFY5PQ?tag=eloabder-20&linkCode=osi&th=1&psc=1"><img src="https://m.media-amazon.com/images/I/416VSGy4SKL._SL500_.jpg" alt="Product Image"></a><p>MagicMinerals AirBrush Foundation by Jerome Alexander – 2pc Set with Airbrush Foundation and Kabuki Brush - Spray Makeup with Anti-aging Ingredients for Smooth Radiant Skin - Medium</p><p>$19.99 ($11.11 / Fl Oz)</p><a href="https://www.amazon.com/dp/B07CVFY5PQ?tag=eloabder-20&linkCode=osi&th=1&psc=1">View Product</a></div><div class="product"><a href="https://www.amazon.com/dp/B0039UTUZE?tag=eloabder-20&linkCode=osi&th=1&psc=1"><img src="https://m.media-amazon.com/images/I/41eXDpZ835L._SL500_.jpg" alt="Product Image"></a><p>Revlon Liquid Foundation, ColorStay Face Makeup for Combination & Oily Skin, SPF 15, Medium-Full Coverage with Matte Finish, Natural Beige ((220), 1.0 oz</p><p>$9.70</p><a href="https://www.amazon.com/dp/B0039UTUZE?tag=eloabder-20&linkCode=osi&th=1&psc=1">View Product</a></div><div class="product"><a href="https://www.amazon.com/dp/B00I52QPAE?tag=eloabder-20&linkCode=osi&th=1&psc=1"><img src="https://m.media-amazon.com/images/I/317EDqzSg+L._SL500_.jpg" alt="Product Image"></a><p>Revlon Liquid Foundation, Age Defying 3XFace Makeup, Anti-Aging and Firming Formula, SPF 30, Longwear Medium Buildable Coverage with Natural Finish, 035 Natural Beige, 1 Fl Oz</p><p>$13.48</p><a href="https://www.amazon.com/dp/B00I52QPAE?tag=eloabder-20&linkCode=osi&th=1&psc=1">View Product</a></div><div class="product"><a href="https://www.amazon.com/dp/B07H621Q3H?tag=eloabder-20&linkCode=osi&th=1&psc=1"><img src="https://m.media-amazon.com/images/I/31JtVpLZ4FL._SL500_.jpg" alt="Product Image"></a><p>L'Oreal Paris Makeup Infallible Up to 32 Hour Fresh Wear Lightweight Foundation, 420 True Beige, 1 Fl Oz, Packaging May Vary</p><p>$11.98</p><a href="https://www.amazon.com/dp/B07H621Q3H?tag=eloabder-20&linkCode=osi&th=1&psc=1">View Product</a></div>
<div class="product"><a href="https://www.amazon.com/dp/B07Q9V4KMJ?tag=eloabder-20&linkCode=osi&th=1&psc=1"><img src="https://m.media-amazon.com/images/I/31pro1JWTCL._SL500_.jpg" alt="Product Image"></a><p>Maybelline Instant Age Rewind Eraser Dark Circles Treatment Multi-Use Concealer, 115, 1 Count (Packaging May Vary)</p><p>$8.42</p><a href="https://www.amazon.com/dp/B07Q9V4KMJ?tag=eloabder-20&linkCode=osi&th=1&psc=1">View Product</a></div><div class="product"><a href="https://www.amazon.com/dp/B07ZR14WBZ?tag=eloabder-20&linkCode=osi&th=1&psc=1"><img src="https://m.media-amazon.com/images/I/313ljymBVaL._SL500_.jpg" alt="Product Image"></a><p>e.l.f. Hydrating Camo Concealer, Lightweight, Full Coverage, Long Lasting, Conceals, Corrects, Covers, Hydrates, Highlights, Light Sand, Satin Finish, 25 Shades, All-Day Wear, 0.20 Fl Oz</p><p>$7.00</p><a href="https://www.amazon.com/dp/B07ZR14WBZ?tag=eloabder-20&linkCode=osi&th=1&psc=1">View Product</a></div><div class="product"><a href="https://www.amazon.com/dp/B0046VJV36?tag=eloabder-20&linkCode=osi&th=1&psc=1"><img src="https://m.media-amazon.com/images/I/31-ZFCLgLcL._SL500_.jpg" alt="Product Image"></a><p>Maybelline New York Fit Me Liquid Concealer Makeup, Natural Coverage, Lightweight, Conceals, Covers Oil-Free, Fair, 1 Count (Packaging May Vary)</p><p>$6.31</p><a href="https://www.amazon.com/dp/B0046VJV36?tag=eloabder-20&linkCode=osi&th=1&psc=1">View Product</a></div><div class="product"><a href="https://www.amazon.com/dp/B07ZR1CQHS?tag=eloabder-20&linkCode=osi&th=1&psc=1"><img src="https://m.media-amazon.com/images/I/31s0zWRX+4L._SL500_.jpg" alt="Product Image"></a><p>e.l.f. 16HR Camo Concealer, Full Coverage, Highly Pigmented Concealer With Matte Finish, Crease-proof, Vegan & Cruelty-Free, Light Ivory, 0.203 Fl Oz</p><p>$7.00</p><a href="https://www.amazon.com/dp/B07ZR1CQHS?tag=eloabder-20&linkCode=osi&th=1&psc=1">View Product</a></div><div class="product"><a href="https://www.amazon.com/dp/B009WI05BU?tag=eloabder-20&linkCode=osi&th=1&psc=1"><img src="https://m.media-amazon.com/images/I/312BFbzGKlL._SL500_.jpg" alt="Product Image"></a><p>L.A. Girl Pro Concealer, Fawn, 0.28 Oz (LAX-GC983-A)</p><p>$4.99</p><a href="https://www.amazon.com/dp/B009WI05BU?tag=eloabder-20&linkCode=osi&th=1&psc=1">View Product</a></div><div class="product"><a href="https://www.amazon.com/dp/B0814SLHQH?tag=eloabder-20&linkCode=osi&th=1&psc=1"><img src="https://m.media-amazon.com/images/I/312GW4aGnRL._SL500_.jpg" alt="Product Image"></a><p>Neutrogena Healthy Skin Radiant Brightening Cream Concealer with Peptides & Vitamin E Antioxidant,Lightweight Perfecting Concealer,Non-Comedogenic,Bisque Light/Medium 02 neutral undertones,0.24 oz</p><p>$5.62</p><a href="https://www.amazon.com/dp/B0814SLHQH?tag=eloabder-20&linkCode=osi&th=1&psc=1">View Product</a></div><div class="product"><a href="https://www.amazon.com/dp/B06XQWS1N9?tag=eloabder-20&linkCode=osi&th=1&psc=1"><img src="https://m.media-amazon.com/images/I/31rKumTg1GL._SL500_.jpg" alt="Product Image"></a><p>COVERGIRL Smoothers Concealer, Medium 715, 0.14 ounce (packaging may vary)</p><p>$7.28</p><a href="https://www.amazon.com/dp/B06XQWS1N9?tag=eloabder-20&linkCode=osi&th=1&psc=1">View Product</a></div><div class="product"><a href="https://www.amazon.com/dp/B07GWH2GDP?tag=eloabder-20&linkCode=osi&th=1&psc=1"><img src="https://m.media-amazon.com/images/I/41U+lbOEtuL._SL500_.jpg" alt="Product Image"></a><p>IT Cosmetics Bye Bye Under Eye Full Coverage Concealer - for Dark Circles, Fine Lines, Redness & Discoloration – Waterproof - Anti-Aging - Natural Finish – 0.4 fl oz</p><p>$17.40 ($43.50 / Fl Oz)</p><a href="https://www.amazon.com/dp/B07GWH2GDP?tag=eloabder-20&linkCode=osi&th=1&psc=1">View Product</a></div><div class="product"><a href="https://www.amazon.com/dp/B07H67H5LH?tag=eloabder-20&linkCode=osi&th=1&psc=1"><img src="https://m.media-amazon.com/images/I/31bWoYCj-nL._SL500_.jpg" alt="Product Image"></a><p>L'Oreal Paris Makeup Infallible Full Wear Waterproof Matte Concealer, Full Coverage, Ivory, 0.33 fl. oz.</p><p>$10.82</p><a href="https://www.amazon.com/dp/B07H67H5LH?tag=eloabder-20&linkCode=osi&th=1&psc=1">View Product</a></div><div class="product"><a href="https://www.amazon.com/dp/B0B51NLJWQ?tag=eloabder-20&linkCode=osi&th=1&psc=1"><img src="https://m.media-amazon.com/images/I/31GXqccxM0L._SL500_.jpg" alt="Product Image"></a><p>Fièra Luxury Concealer with Anti-Aging - All Day Coverage for Dark Circles, Fine Lines, Wrinkles & Spots - Neutral Beige, 0.5 Ounce</p><p>$27.00</p><a href="https://www.amazon.com/dp/B0B51NLJWQ?tag=eloabder-20&linkCode=osi&th=1&psc=1">View Product</a></div>
<div class="product"><a href="https://www.amazon.com/dp/B092JQ23N5?tag=eloabder-20&linkCode=osi&th=1&psc=1"><img src="https://m.media-amazon.com/images/I/51OUufwItlL._SL500_.jpg" alt="Product Image"></a><p>URBAN DECAY 24/7 Longwear Eyeshadow Single (Sin - Champagne Shimmer), High-Pigment Eye Shadow Compact, Smooth & Blendable Colors, Crease-free, Vegan - 0.06 oz</p><p>$22.00</p><a href="https://www.amazon.com/dp/B092JQ23N5?tag=eloabder-20&linkCode=osi&th=1&psc=1">View Product</a></div><div class="product"><a href="https://www.amazon.com/dp/B01IW02HX2?tag=eloabder-20&linkCode=osi&th=1&psc=1"><img src="https://m.media-amazon.com/images/I/510F-WOAL4L._SL500_.jpg" alt="Product Image"></a><p>NYX PROFESSIONAL MAKEUP Ultimate Shadow Palette, Eyeshadow Palette - Warm Neutrals</p><p>$12.40</p><a href="https://www.amazon.com/dp/B01IW02HX2?tag=eloabder-20&linkCode=osi&th=1&psc=1">View Product</a></div><div class="product"><a href="https://www.amazon.com/dp/B085WR3YDT?tag=eloabder-20&linkCode=osi&th=1&psc=1"><img src="https://m.media-amazon.com/images/I/41cuO8PyoTL._SL500_.jpg" alt="Product Image"></a><p>wet n wild Color Icon Cream Eyeshadow Multi-Stick, Moisturizing, Nourishing Velvety Cream-to-Powder Buildable & Blendable Formula, Cruelty-Free & Vegan - Champagne Room</p><p>$3.28</p><a href="https://www.amazon.com/dp/B085WR3YDT?tag=eloabder-20&linkCode=osi&th=1&psc=1">View Product</a></div><div class="product"><a href="https://www.amazon.com/dp/B00L5SMFJU?tag=eloabder-20&linkCode=osi&th=1&psc=1"><img src="https://m.media-amazon.com/images/I/41-WaM3A3tL._SL500_.jpg" alt="Product Image"></a><p>Covergirl Eye Enhancers Eye Shadow Palette, Natural Nudes, 0.19 Ounce</p><p>$4.97</p><a href="https://www.amazon.com/dp/B00L5SMFJU?tag=eloabder-20&linkCode=osi&th=1&psc=1">View Product</a></div><div class="product"><a href="https://www.amazon.com/dp/B01LW1983J?tag=eloabder-20&linkCode=osi&th=1&psc=1"><img src="https://m.media-amazon.com/images/I/51EsPf59XBL._SL500_.jpg" alt="Product Image"></a><p>Julep Eyeshadow 101 Crème to Powder Waterproof Eyeshadow Stick, Champagne Shimmer</p><p>$18.00</p><a href="https://www.amazon.com/dp/B01LW1983J?tag=eloabder-20&linkCode=osi&th=1&psc=1">View Product</a></div><div class="product"><a href="https://www.amazon.com/dp/B00UKP1M2K?tag=eloabder-20&linkCode=osi&th=1&psc=1"><img src="https://m.media-amazon.com/images/I/41hSsvPHKxL._SL500_.jpg" alt="Product Image"></a><p>Maybelline The Blushed Nudes Eyeshadow Palette Makeup, 12 Pigmented Matte & Shimmer Shades, Blendable Powder, 1 Count</p><p>$9.32</p><a href="https://www.amazon.com/dp/B00UKP1M2K?tag=eloabder-20&linkCode=osi&th=1&psc=1">View Product</a></div><div class="product"><a href="https://www.amazon.com/dp/B073ZBGLJF?tag=eloabder-20&linkCode=osi&th=1&psc=1"><img src="https://m.media-amazon.com/images/I/41go9Ug8AOL._SL500_.jpg" alt="Product Image"></a><p>BestLand 2 Pack 12 Colors Makeup Nude Colors Eyeshadow Palette Natural Nude Matte Shimmer Glitter Pigment Eye Shadow Pallete Set Waterproof Smokey Professional Beauty Makeup Kit (2 PCS)</p><p>$9.99</p><a href="https://www.amazon.com/dp/B073ZBGLJF?tag=eloabder-20&linkCode=osi&th=1&psc=1">View Product</a></div><div class="product"><a href="https://www.amazon.com/dp/B08RS6WNX7?tag=eloabder-20&linkCode=osi&th=1&psc=1"><img src="https://m.media-amazon.com/images/I/51qCii788PL._SL500_.jpg" alt="Product Image"></a><p>wet n wild Color Icon 5-Pan Palette Brown Walking On Eggshells</p><p>$3.19</p><a href="https://www.amazon.com/dp/B08RS6WNX7?tag=eloabder-20&linkCode=osi&th=1&psc=1">View Product</a></div><div class="product"><a href="https://www.amazon.com/dp/B0CV5ZTFCR?tag=eloabder-20&linkCode=osi&th=1&psc=1"><img src="https://m.media-amazon.com/images/I/21inptU-eJL._SL500_.jpg" alt="Product Image"></a><p>Covergirl Clean Eye Color, French Violet, Eyeshadow Sticks, Ultra Creamy Formula, Lightweight, Buildable Formula, Lasts All Day, Smudge-Proof, 0.05oz</p><p>$8.98</p><a href="https://www.amazon.com/dp/B0CV5ZTFCR?tag=eloabder-20&linkCode=osi&th=1&psc=1">View Product</a></div><div class="product"><a href="https://www.amazon.com/dp/B0CXF99TNQ?tag=eloabder-20&linkCode=osi&th=1&psc=1"><img src="https://m.media-amazon.com/images/I/31kCYsLvwwL._SL500_.jpg" alt="Product Image"></a><p>L'Oreal Paris Makeup Paradise Le Shadow Stick Eyeshadow, Blendable, Smudge-Resistant, Cream Eyeshadow, 120 Magnetic Mauve (Shimmering Lavender Mauve), 0.05 Oz</p><p>$9.98</p><a href="https://www.amazon.com/dp/B0CXF99TNQ?tag=eloabder-20&linkCode=osi&th=1&psc=1">View Product</a></div>
<div class="product"><a href="https://www.amazon.com/dp/B0BG7MWNNN?tag=eloabder-20&linkCode=osi&th=1&psc=1"><img src="https://m.media-amazon.com/images/I/41E8W4N+FkL._SL500_.jpg" alt="Product Image"></a><p>Prime Prometics PrimeLash Mascara for Older Women – Volumizing, Incredible Length in 2 Coats – Long-Stay, Zero Clumps, Hypoallergenic (Brown)</p><p>$28.00</p><a href="https://www.amazon.com/dp/B0BG7MWNNN?tag=eloabder-20&linkCode=osi&th=1&psc=1">View Product</a></div><div class="product"><a href="https://www.amazon.com/dp/B00T0C9XRK?tag=eloabder-20&linkCode=osi&th=1&psc=1"><img src="https://m.media-amazon.com/images/I/41IP2ZEXFNL._SL500_.jpg" alt="Product Image"></a><p>essence | Lash Princess False Lash Effect Mascara | Volumizing & Lengthening | Cruelty Free & Paraben Free</p><p>$4.99 ($12.17 / Fl Oz )</p><a href="https://www.amazon.com/dp/B00T0C9XRK?tag=eloabder-20&linkCode=osi&th=1&psc=1">View Product</a></div><div class="product"><a href="https://www.amazon.com/dp/B01DPA6OHO?tag=eloabder-20&linkCode=osi&th=1&psc=1"><img src="https://m.media-amazon.com/images/I/31xGLWu4IKL._SL500_.jpg" alt="Product Image"></a><p>L'Oreal Paris Makeup Voluminous Lash Boosting Conditioning Primer Mascara, White Primer, 0.24 fl; oz.</p><p>$8.98</p><a href="https://www.amazon.com/dp/B01DPA6OHO?tag=eloabder-20&linkCode=osi&th=1&psc=1">View Product</a></div><div class="product"><a href="https://www.amazon.com/dp/B004BD107O?tag=eloabder-20&linkCode=osi&th=1&psc=1"><img src="https://m.media-amazon.com/images/I/31OWqsdljyL._SL500_.jpg" alt="Product Image"></a><p>L'Oreal Paris Makeup Telescopic Original Lengthening Mascara, Blackest Black, 0.27 Fl Oz (1 Count)</p><p>$10.99</p><a href="https://www.amazon.com/dp/B004BD107O?tag=eloabder-20&linkCode=osi&th=1&psc=1">View Product</a></div><div class="product"><a href="https://www.amazon.com/dp/B06XF2TR11?tag=eloabder-20&linkCode=osi&th=1&psc=1"><img src="https://m.media-amazon.com/images/I/31B6RR270IL._SL500_.jpg" alt="Product Image"></a><p>L'Oreal Paris Voluminous Makeup Lash Paradise Mascara, Voluptuous Volume, Intense Length, Feathery Soft Full Lashes, No Flaking, No Smudging, No Clumping, Blackest Black, 1 Count</p><p>$9.97</p><a href="https://www.amazon.com/dp/B06XF2TR11?tag=eloabder-20&linkCode=osi&th=1&psc=1">View Product</a></div><div class="product"><a href="https://www.amazon.com/dp/B00PFCT2R0?tag=eloabder-20&linkCode=osi&th=1&psc=1"><img src="https://m.media-amazon.com/images/I/31RyE6ZtDIL._SL500_.jpg" alt="Product Image"></a><p>Maybelline Lash Sensational Washable Mascara, Lengthening and Volumizing for a Full Fan Effect, Blackest Black, 1 Count</p><p>$9.09</p><a href="https://www.amazon.com/dp/B00PFCT2R0?tag=eloabder-20&linkCode=osi&th=1&psc=1">View Product</a></div><div class="product"><a href="https://www.amazon.com/dp/B08TPCHYLW?tag=eloabder-20&linkCode=osi&th=1&psc=1"><img src="https://m.media-amazon.com/images/I/31EWIaihEwL._SL500_.jpg" alt="Product Image"></a><p>Lancôme Lash Idôle Lash-Lifting & Volumizing Mascara - Black Mascara for Instant Volume, Length & Lift - Smudge Proof & Up To 24H Wear - Black</p><p>$30.00 ($111.11 / Fl Oz)</p><a href="https://www.amazon.com/dp/B08TPCHYLW?tag=eloabder-20&linkCode=osi&th=1&psc=1">View Product</a></div><div class="product"><a href="https://www.amazon.com/dp/B08M96YZN1?tag=eloabder-20&linkCode=osi&th=1&psc=1"><img src="https://m.media-amazon.com/images/I/31ByMmFi-qL._SL500_.jpg" alt="Product Image"></a><p>CoverGirl Lash Blast Clean Volume Mascara, Vegan Formula, Volumizing, Smudge-Proof, Cruelty Free, Very Black, 1 Count</p><p>$9.37</p><a href="https://www.amazon.com/dp/B08M96YZN1?tag=eloabder-20&linkCode=osi&th=1&psc=1">View Product</a></div>
<div class="product"><a href="https://www.amazon.com/dp/B0C9TXLWLY?tag=eloabder-20&linkCode=osi&th=1&psc=1"><img src="https://m.media-amazon.com/images/I/31-5KVw5KDL._SL500_.jpg" alt="Product Image"></a><p>PRIME PROMETICS PrimeEyes Glide Eyeliner for Mature Women – Water-Resistant, Long-Stay and Mess-Proof – Gel Cream Texture, Discreet Sharpener and Effective Smudger (Black)</p><p>$28.00 ($28.00 / Count)</p><a href="https://www.amazon.com/dp/B0C9TXLWLY?tag=eloabder-20&linkCode=osi&th=1&psc=1">View Product</a></div><div class="product"><a href="https://www.amazon.com/dp/B07MWSXPT1?tag=eloabder-20&linkCode=osi&th=1&psc=1"><img src="https://m.media-amazon.com/images/I/315xthaPi6L._SL500_.jpg" alt="Product Image"></a><p>e.l.f. No Budge Retractable Eyeliner, Creamy, Ultra-Pigmented & Waterproof, Creates Bold & Defined Lines, Vegan & Cruelty-Free, Black 0.006 Oz</p><p>$4.00</p><a href="https://www.amazon.com/dp/B07MWSXPT1?tag=eloabder-20&linkCode=osi&th=1&psc=1">View Product</a></div><div class="product"><a href="https://www.amazon.com/dp/B074Y8LM6T?tag=eloabder-20&linkCode=osi&th=1&psc=1"><img src="https://m.media-amazon.com/images/I/316blXt1KxL._SL500_.jpg" alt="Product Image"></a><p>NYX PROFESSIONAL MAKEUP Epic Ink Liner, Waterproof Liquid Eyeliner - Black, Vegan Formula</p><p>$8.06</p><a href="https://www.amazon.com/dp/B074Y8LM6T?tag=eloabder-20&linkCode=osi&th=1&psc=1">View Product</a></div><div class="product"><a href="https://www.amazon.com/dp/B01J1A3TFW?tag=eloabder-20&linkCode=osi&th=1&psc=1"><img src="https://m.media-amazon.com/images/I/51z42sdOArL._SL500_.jpg" alt="Product Image"></a><p>Revlon Pencil Eyeliner, ColorStay Eye Makeup with Built-in Sharpener, Waterproof, Smudge-proof, Longwearing with Ultra-Fine Tip, 201 Black, 2 count (Pack of 1)</p><p>$11.38</p><a href="https://www.amazon.com/dp/B01J1A3TFW?tag=eloabder-20&linkCode=osi&th=1&psc=1">View Product</a></div><div class="product"><a href="https://www.amazon.com/dp/B07W8JJ61X?tag=eloabder-20&linkCode=osi&th=1&psc=1"><img src="https://m.media-amazon.com/images/I/31wj5vRROwL._SL500_.jpg" alt="Product Image"></a><p>Maybelline Hyper Easy Liquid Pen No-Skip Eyeliner, Satin Finish, Waterproof Formula, Pitch Black, 0.018 Fl Oz</p><p>$8.38</p><a href="https://www.amazon.com/dp/B07W8JJ61X?tag=eloabder-20&linkCode=osi&th=1&psc=1">View Product</a></div><div class="product"><a href="https://www.amazon.com/dp/B005G9E9FW?tag=eloabder-20&linkCode=osi&th=1&psc=1"><img src="https://m.media-amazon.com/images/I/51poZdEojrL._SL500_.jpg" alt="Product Image"></a><p>NYX PROFESSIONAL MAKEUP Vivid Rich Mechanical Eye Pencil, Vivid Rich Mechanical, Creamy Retractable Eyeliner - Smokin Topaz, Brown Eyeliner</p><p>$6.00</p><a href="https://www.amazon.com/dp/B005G9E9FW?tag=eloabder-20&linkCode=osi&th=1&psc=1">View Product</a></div><div class="product"><a href="https://www.amazon.com/dp/B07NX61ZHN?tag=eloabder-20&linkCode=osi&th=1&psc=1"><img src="https://m.media-amazon.com/images/I/31kQNTwJazL._SL500_.jpg" alt="Product Image"></a><p>Rimmel London exaggerate auto waterproof eye definer in blackest black, 2 Count</p><p>$6.97</p><a href="https://www.amazon.com/dp/B07NX61ZHN?tag=eloabder-20&linkCode=osi&th=1&psc=1">View Product</a></div><div class="product"><a href="https://www.amazon.com/dp/B0BQWT8R9K?tag=eloabder-20&linkCode=osi&th=1&psc=1"><img src="https://m.media-amazon.com/images/I/31F1asQuosL._SL500_.jpg" alt="Product Image"></a><p>wet n wild Breakup Proof Liquid Eyeliner - Ultra-Fine Brush, Waterproof, Long-Lasting - Cruelty-Free & Vegan - Ultra Black</p><p>$4.04</p><a href="https://www.amazon.com/dp/B0BQWT8R9K?tag=eloabder-20&linkCode=osi&th=1&psc=1">View Product</a></div><div class="product"><a href="https://www.amazon.com/dp/B082YPRCMM?tag=eloabder-20&linkCode=osi&th=1&psc=1"><img src="https://m.media-amazon.com/images/I/317ubI9GTBL._SL500_.jpg" alt="Product Image"></a><p>wet n wild Mega Last Breakup Proof Eyeliner, Quick Drying, Waterproof, 16-Hour Wear - Cruelty-Free & Vegan - Blackest Black</p><p>$2.28</p><a href="https://www.amazon.com/dp/B082YPRCMM?tag=eloabder-20&linkCode=osi&th=1&psc=1">View Product</a></div><div class="product"><a href="https://www.amazon.com/dp/B07GX832KD?tag=eloabder-20&linkCode=osi&th=1&psc=1"><img src="https://m.media-amazon.com/images/I/315wR2F58-L._SL500_.jpg" alt="Product Image"></a><p>Maybelline TattooStudio Long-Lasting Sharpenable Eyeliner Pencil, Glide on Smooth Gel Pigments with 36 Hour Wear, Waterproof, Deep Onyx, 1 Count</p><p>$6.66</p><a href="https://www.amazon.com/dp/B07GX832KD?tag=eloabder-20&linkCode=osi&th=1&psc=1">View Product</a></div>
<div class="product"><a href="https://www.amazon.com/dp/B09T8DQ1SG?tag=eloabder-20&linkCode=osi&th=1&psc=1"><img src="https://m.media-amazon.com/images/I/41gpuwrIhOL._SL500_.jpg" alt="Product Image"></a><p>Maybelline Super Stay Vinyl Ink Longwear No-Budge Liquid Lipcolor Makeup, Highly Pigmented Color and Instant Shine, Royal, Deep Wine Red Lipstick, 0.14 fl oz, 1 Count</p><p>$9.82</p><a href="https://www.amazon.com/dp/B09T8DQ1SG?tag=eloabder-20&linkCode=osi&th=1&psc=1">View Product</a></div><div class="product"><a href="https://www.amazon.com/dp/B004BCTEF0?tag=eloabder-20&linkCode=osi&th=1&psc=1"><img src="https://m.media-amazon.com/images/I/31G9f-P8tML._SL500_.jpg" alt="Product Image"></a><p>L’Oréal Paris Colour Riche Original Creamy, Hydrating Satin Lipstick with Argan Oil and Vitamin E, Saucy Mauve , 1 Count</p><p>$6.71</p><a href="https://www.amazon.com/dp/B004BCTEF0?tag=eloabder-20&linkCode=osi&th=1&psc=1">View Product</a></div><div class="product"><a href="https://www.amazon.com/dp/B08H4FSGDX?tag=eloabder-20&linkCode=osi&th=1&psc=1"><img src="https://m.media-amazon.com/images/I/31OAiyoloML._SL500_.jpg" alt="Product Image"></a><p>Maybelline Super Stay Matte Ink Liquid Lipstick Makeup, Long Lasting High Impact Color, Up to 16H Wear, Exhilarator, Ruby Red, 1 Count</p><p>$9.18</p><a href="https://www.amazon.com/dp/B08H4FSGDX?tag=eloabder-20&linkCode=osi&th=1&psc=1">View Product</a></div><div class="product"><a href="https://www.amazon.com/dp/B07XTTDTWR?tag=eloabder-20&linkCode=osi&th=1&psc=1"><img src="https://m.media-amazon.com/images/I/31M4QldCq3L._SL500_.jpg" alt="Product Image"></a><p>REVLON Lipstick, Super Lustrous Lipstick, Creamy Formula For Soft, Fuller-Looking Lips, Moisturized Feel in Nudes & Browns, Bare It All (755) 0.15 oz</p><p>$6.48</p><a href="https://www.amazon.com/dp/B07XTTDTWR?tag=eloabder-20&linkCode=osi&th=1&psc=1">View Product</a></div><div class="product"><a href="https://www.amazon.com/dp/B079KFP7NT?tag=eloabder-20&linkCode=osi&th=1&psc=1"><img src="https://m.media-amazon.com/images/I/41Ih8G0FSmL._SL500_.jpg" alt="Product Image"></a><p>wet n wild Silk Finish Lipstick, Hydrating Rich Buildable Lip Color, Formulated with Vitamins A,E, & Macadamia for Ultimate Hydration, Cruelty-Free & Vegan - Raging Red</p><p>$1.29</p><a href="https://www.amazon.com/dp/B079KFP7NT?tag=eloabder-20&linkCode=osi&th=1&psc=1">View Product</a></div><div class="product"><a href="https://www.amazon.com/dp/B002F3R44K?tag=eloabder-20&linkCode=osi&th=1&psc=1"><img src="https://m.media-amazon.com/images/I/41-gXIE96GL._SL500_.jpg" alt="Product Image"></a><p>Revlon Lipstick, Super Lustrous Lipstick, Creamy Formula For Soft, Fuller-Looking Lips, Moisturized Feel in Pinks, Pink In The Afternoon (415) 0.15 oz</p><p>$6.48</p><a href="https://www.amazon.com/dp/B002F3R44K?tag=eloabder-20&linkCode=osi&th=1&psc=1">View Product</a></div><div class="product"><a href="https://www.amazon.com/dp/B001LFER98?tag=eloabder-20&linkCode=osi&th=1&psc=1"><img src="https://m.media-amazon.com/images/I/41wezVKuIoL._SL500_.jpg" alt="Product Image"></a><p>REVLON Lipstick, Super Lustrous Lipstick, Creamy Formula For Soft, Fuller-Looking Lips, Moisturized Feel in Reds & Corals, Peach Me (628) 0.15 oz</p><p>$4.99</p><a href="https://www.amazon.com/dp/B001LFER98?tag=eloabder-20&linkCode=osi&th=1&psc=1">View Product</a></div><div class="product"><a href="https://www.amazon.com/dp/B082YQ2978?tag=eloabder-20&linkCode=osi&th=1&psc=1"><img src="https://m.media-amazon.com/images/I/31QsMhXUSeL._SL500_.jpg" alt="Product Image"></a><p>wet n wild Mega Last High-Shine Lipstick Lip Color, Infused with Seed Oils For a Nourishing High-Shine, Buildable & Blendable Creamy Color, Cruelty-Free & Vegan - Mad for Mauve</p><p>$2.28</p><a href="https://www.amazon.com/dp/B082YQ2978?tag=eloabder-20&linkCode=osi&th=1&psc=1">View Product</a></div>
<div class="product"><a href="https://www.amazon.com/dp/B09SP2XHKT?tag=eloabder-20&linkCode=osi&th=1&psc=1"><img src="https://m.media-amazon.com/images/I/31KGrScgA8L._SL500_.jpg" alt="Product Image"></a><p>NYX PROFESSIONAL MAKEUP Butter Gloss, Non-Sticky Lip Gloss - Sugar Glass (Clear)</p><p>$5.99</p><a href="https://www.amazon.com/dp/B09SP2XHKT?tag=eloabder-20&linkCode=osi&th=1&psc=1">View Product</a></div><div class="product"><a href="https://www.amazon.com/dp/B08GSTZ7ZW?tag=eloabder-20&linkCode=osi&th=1&psc=1"><img src="https://m.media-amazon.com/images/I/41nPuTtXVgL._SL500_.jpg" alt="Product Image"></a><p>Ruby Kisses Broadway Vita-Lip Clear Lip Gloss - Moisturizing, Hydrating, Nourishing with Mint, Rosehip, Coconut, Mango, Argan, Honey & Shea</p><p>$7.99 ($2.12 / Ounce)</p><a href="https://www.amazon.com/dp/B08GSTZ7ZW?tag=eloabder-20&linkCode=osi&th=1&psc=1">View Product</a></div><div class="product"><a href="https://www.amazon.com/dp/B015RPE14S?tag=eloabder-20&linkCode=osi&th=1&psc=1"><img src="https://m.media-amazon.com/images/I/31FRC3fz7EL._SL500_.jpg" alt="Product Image"></a><p>L.A. Colors High Shine Shea Butter Lip Gloss, Clear, 0.14 Ounce</p><p>$1.98</p><a href="https://www.amazon.com/dp/B015RPE14S?tag=eloabder-20&linkCode=osi&th=1&psc=1">View Product</a></div><div class="product"><a href="https://www.amazon.com/dp/B00Q26VWZI?tag=eloabder-20&linkCode=osi&th=1&psc=1"><img src="https://m.media-amazon.com/images/I/31Bqig96T0L._SL500_.jpg" alt="Product Image"></a><p>Rimmel Stay Glossy Lip Gloss - Non-Sticky and Lightweight Formula for Lip Color and Shine - 130 Blushing Belgraves, .18oz</p><p>$4.32</p><a href="https://www.amazon.com/dp/B00Q26VWZI?tag=eloabder-20&linkCode=osi&th=1&psc=1">View Product</a></div><div class="product"><a href="https://www.amazon.com/dp/B0C1MH8R2M?tag=eloabder-20&linkCode=osi&th=1&psc=1"><img src="https://m.media-amazon.com/images/I/31adT7DtBYL._SL500_.jpg" alt="Product Image"></a><p>Maybelline New York Lifter Gloss Hydrating Lip Gloss with Hyaluronic Acid, Gummy Bear, Sheer Light Pink, 1 Count</p><p>$8.98</p><a href="https://www.amazon.com/dp/B0C1MH8R2M?tag=eloabder-20&linkCode=osi&th=1&psc=1">View Product</a></div><div class="product"><a href="https://www.amazon.com/dp/B01N1ZC8JZ?tag=eloabder-20&linkCode=osi&th=1&psc=1"><img src="https://m.media-amazon.com/images/I/41fsaqWz6SL._SL500_.jpg" alt="Product Image"></a><p>Broadway Vita-Lip Clear Lip Gloss 0.47oz/14ml (5PCS Mint & Coconut & Rosehip & Mango Butter & Argan Oil) (5 PCS SET)</p><p>$5.99</p><a href="https://www.amazon.com/dp/B01N1ZC8JZ?tag=eloabder-20&linkCode=osi&th=1&psc=1">View Product</a></div><div class="product"><a href="https://www.amazon.com/dp/B07DY2QRF6?tag=eloabder-20&linkCode=osi&th=1&psc=1"><img src="https://m.media-amazon.com/images/I/31qXrVfhvCL._SL500_.jpg" alt="Product Image"></a><p>LANEIGE Lip Glowy Balm Berry: Hydrate, Glossy, Lightweight, Moisturize & Tint with Shea Butter</p><p>$19.00 ($54.29 / Ounce)</p><a href="https://www.amazon.com/dp/B07DY2QRF6?tag=eloabder-20&linkCode=osi&th=1&psc=1">View Product</a></div><div class="product"><a href="https://www.amazon.com/dp/B09DMGWJKY?tag=eloabder-20&linkCode=osi&th=1&psc=1"><img src="https://m.media-amazon.com/images/I/41nIFmIKHRL._SL500_.jpg" alt="Product Image"></a><p>Broadway Vita-Lip Clear Lip Gloss Moisturizing Hydrating Nourishing Long Lasting High Shine Glossy Lip Care Gloss 0.47oz/14ml (10 PCS SET)</p><p>$9.99</p><a href="https://www.amazon.com/dp/B09DMGWJKY?tag=eloabder-20&linkCode=osi&th=1&psc=1">View Product</a></div><div class="product"><a href="https://www.amazon.com/dp/B0BSR85M24?tag=eloabder-20&linkCode=osi&th=1&psc=1"><img src="https://m.media-amazon.com/images/I/31eKHNoE3KL._SL500_.jpg" alt="Product Image"></a><p>e.l.f. Lip Lacquer, Nourishing, Non-Sticky Ultra-Shine Lip Gloss With Sheer Color, Infused With Vitamins A & E, Vegan & Cruelty-Free, Whisper Pink</p><p>$3.00</p><a href="https://www.amazon.com/dp/B0BSR85M24?tag=eloabder-20&linkCode=osi&th=1&psc=1">View Product</a></div><div class="product"><a href="https://www.amazon.com/dp/B081C6PXZJ?tag=eloabder-20&linkCode=osi&th=1&psc=1"><img src="https://m.media-amazon.com/images/I/51+emO79aqL._SL500_.jpg" alt="Product Image"></a><p>NICKA K NEW YORK VARIETY SET OF 5 NK Hydrating Lip Gel - Vitamin E (Clear, Rosehip Oil, Bubble Gum, Cherry, Strawberry)</p><p>$5.43</p><a href="https://www.amazon.com/dp/B081C6PXZJ?tag=eloabder-20&linkCode=osi&th=1&psc=1">View Product</a></div>
<div class="product"><a href="https://www.amazon.com/dp/B07PNCB73M?tag=eloabder-20&linkCode=osi&th=1&psc=1"><img src="https://m.media-amazon.com/images/I/41+KYSFOLML._SL500_.jpg" alt="Product Image"></a><p>Milani Baked Blush - Petal Primavera (0.12 Ounce) Cruelty-Free Powder Blush - Shape, Contour & Highlight Face for a Shimmery or Matte Finish</p><p>$8.97</p><a href="https://www.amazon.com/dp/B07PNCB73M?tag=eloabder-20&linkCode=osi&th=1&psc=1">View Product</a></div><div class="product"><a href="https://www.amazon.com/dp/B0CZ5HLDK9?tag=eloabder-20&linkCode=osi&th=1&psc=1"><img src="https://m.media-amazon.com/images/I/41rZu1cS8QL._SL500_.jpg" alt="Product Image"></a><p>NYX PROFESSIONAL MAKEUP Buttermelt Powder Blush, Fade and Transfer-Resistant Blush, Up to 12HR Make Up Wear, Vegan Formula - For The Butta</p><p>$9.97</p><a href="https://www.amazon.com/dp/B0CZ5HLDK9?tag=eloabder-20&linkCode=osi&th=1&psc=1">View Product</a></div><div class="product"><a href="https://www.amazon.com/dp/B0CPFYGNR7?tag=eloabder-20&linkCode=osi&th=1&psc=1"><img src="https://m.media-amazon.com/images/I/31EJvMa7jyL._SL500_.jpg" alt="Product Image"></a><p>e.l.f. Camo Liquid Blush, Long-lasting Liquid Blush For High-pigment Color, Creates A Soft, Dewy Finish, Vegan & Cruelty-free, Dusty Rosé</p><p>$7.00</p><a href="https://www.amazon.com/dp/B0CPFYGNR7?tag=eloabder-20&linkCode=osi&th=1&psc=1">View Product</a></div><div class="product"><a href="https://www.amazon.com/dp/B06XDNPXD1?tag=eloabder-20&linkCode=osi&th=1&psc=1"><img src="https://m.media-amazon.com/images/I/41IryPTf51L._SL500_.jpg" alt="Product Image"></a><p>Maybelline Fit Me Powder Blush, Lightweight, Smooth, Blendable, Long-lasting All-Day Face Enhancing Makeup Color, Mauve, 1 Count</p><p>$4.62</p><a href="https://www.amazon.com/dp/B06XDNPXD1?tag=eloabder-20&linkCode=osi&th=1&psc=1">View Product</a></div><div class="product"><a href="https://www.amazon.com/dp/B082YPNTZ4?tag=eloabder-20&linkCode=osi&th=1&psc=1"><img src="https://m.media-amazon.com/images/I/41vtXkWXs8L._SL500_.jpg" alt="Product Image"></a><p>wet n wild Color Icon Blush, Effortless Glow & Seamless Blend infused with Luxuriously Smooth Jojoba Oil, Sheer Finish with a Matte Natural Glow, Cruelty-Free & Vegan - Pinch Me Pink</p><p>$3.28</p><a href="https://www.amazon.com/dp/B082YPNTZ4?tag=eloabder-20&linkCode=osi&th=1&psc=1">View Product</a></div><div class="product"><a href="https://www.amazon.com/dp/B0CPFWJJQJ?tag=eloabder-20&linkCode=osi&th=1&psc=1"><img src="https://m.media-amazon.com/images/I/41+GdEwyGqL._SL500_.jpg" alt="Product Image"></a><p>e.l.f. Primer-Infused Matte Blush, Long-Lasting, Lightweight & Buildable Powder Blush, Delivers A Matte Finish, Vegan & Cruelty-Free, Always Crushing</p><p>$7.00</p><a href="https://www.amazon.com/dp/B0CPFWJJQJ?tag=eloabder-20&linkCode=osi&th=1&psc=1">View Product</a></div><div class="product"><a href="https://www.amazon.com/dp/B0B64GX5LN?tag=eloabder-20&linkCode=osi&th=1&psc=1"><img src="https://m.media-amazon.com/images/I/31aZBeyUSsL._SL500_.jpg" alt="Product Image"></a><p>LAURA GELLER NEW YORK Serum Blush Tint, Lightweight Liquid Blush for Cheeks, Weightless Watercolor Sheer Finish, Practical Pink</p><p>$15.74</p><a href="https://www.amazon.com/dp/B0B64GX5LN?tag=eloabder-20&linkCode=osi&th=1&psc=1">View Product</a></div><div class="product"><a href="https://www.amazon.com/dp/B00J56D0G6?tag=eloabder-20&linkCode=osi&th=1&psc=1"><img src="https://m.media-amazon.com/images/I/31MVN0QAhfL._SL500_.jpg" alt="Product Image"></a><p>e.l.f. Cosmetics Powder Blush Palette, Four Blush Shades for Beautiful, Long-Lasting Pigment, Light</p><p>$6.00</p><a href="https://www.amazon.com/dp/B00J56D0G6?tag=eloabder-20&linkCode=osi&th=1&psc=1">View Product</a></div><div class="product"><a href="https://www.amazon.com/dp/B0BHFBBH25?tag=eloabder-20&linkCode=osi&th=1&psc=1"><img src="https://m.media-amazon.com/images/I/31uqOuPPf5L._SL500_.jpg" alt="Product Image"></a><p>SHEGLAM Color Bloom Liquid Blush Makeup for Cheeks Matte Finish - Love Cake</p><p>$6.99</p><a href="https://www.amazon.com/dp/B0BHFBBH25?tag=eloabder-20&linkCode=osi&th=1&psc=1">View Product</a></div><div class="product"><a href="https://www.amazon.com/dp/B07J47FHR1?tag=eloabder-20&linkCode=osi&th=1&psc=1"><img src="https://m.media-amazon.com/images/I/41Xyor9x2SL._SL500_.jpg" alt="Product Image"></a><p>Nars Blush in ORGASM Full Size 0.16 oz. / 4.8 g in Retail Box New Edition</p><p>$22.00</p><a href="https://www.amazon.com/dp/B07J47FHR1?tag=eloabder-20&linkCode=osi&th=1&psc=1">View Product</a></div>
<div class="product"><a href="https://www.amazon.com/dp/B018B8Q5Z6?tag=eloabder-20&linkCode=osi&th=1&psc=1"><img src="https://m.media-amazon.com/images/I/41D9ZHQRaSL._SL500_.jpg" alt="Product Image"></a><p>Physicians Formula Murumuru Butter Bronzer, Moisturizing, Nourishing Murumuru Butter Blend for Silky All-Day Luminous Glow, Dermatologist Tested, Hypoallergenic, Vegan & Cruelty-Free -Bronzer</p><p>$12.15</p><a href="https://www.amazon.com/dp/B018B8Q5Z6?tag=eloabder-20&linkCode=osi&th=1&psc=1">View Product</a></div><div class="product"><a href="https://www.amazon.com/dp/B001B0H82Q?tag=eloabder-20&linkCode=osi&th=1&psc=1"><img src="https://m.media-amazon.com/images/I/41I3B-YoLkL._SL500_.jpg" alt="Product Image"></a><p>Rimmel London Natural - 022 Sun Bronze - Bronzer, Matte Finish, 0.49oz</p><p>$3.97</p><a href="https://www.amazon.com/dp/B001B0H82Q?tag=eloabder-20&linkCode=osi&th=1&psc=1">View Product</a></div><div class="product"><a href="https://www.amazon.com/dp/B0BM5HX7DN?tag=eloabder-20&linkCode=osi&th=1&psc=1"><img src="https://m.media-amazon.com/images/I/41DwoHQgzsL._SL500_.jpg" alt="Product Image"></a><p>Benefit Hoola Matte Bronzer Mini 0.08 Ounce</p><p>$17.92</p><a href="https://www.amazon.com/dp/B0BM5HX7DN?tag=eloabder-20&linkCode=osi&th=1&psc=1">View Product</a></div><div class="product"><a href="https://www.amazon.com/dp/B07M7NGVW7?tag=eloabder-20&linkCode=osi&th=1&psc=1"><img src="https://m.media-amazon.com/images/I/51dvod9PjTL._SL500_.jpg" alt="Product Image"></a><p>wet n wild Color Icon Bronzer What Shady Beaches</p><p>$2.96</p><a href="https://www.amazon.com/dp/B07M7NGVW7?tag=eloabder-20&linkCode=osi&th=1&psc=1">View Product</a></div><div class="product"><a href="https://www.amazon.com/dp/B0CPFVTY7M?tag=eloabder-20&linkCode=osi&th=1&psc=1"><img src="https://m.media-amazon.com/images/I/41rO68Q0mlL._SL500_.jpg" alt="Product Image"></a><p>e.l.f. Primer-Infused Bronzer, Long-Lasting, Lightweight & Buildable Powder Bronzer, Delivers A Matte Finish, Vegan & Cruelty-Free, Fresh Tan</p><p>$7.00</p><a href="https://www.amazon.com/dp/B0CPFVTY7M?tag=eloabder-20&linkCode=osi&th=1&psc=1">View Product</a></div><div class="product"><a href="https://www.amazon.com/dp/B07ZR187P5?tag=eloabder-20&linkCode=osi&th=1&psc=1"><img src="https://m.media-amazon.com/images/I/410nkMFZLYL._SL500_.jpg" alt="Product Image"></a><p>e.l.f. Primer-infused Bronzer, Long-Wear, Matte, Bold, Lightweight, Blends Easily, Contours Cheeks, Forever Sun Kissed, All-Day Wear, 0.35 Oz</p><p>$7.00 ($20.00 / Ounce)</p><a href="https://www.amazon.com/dp/B07ZR187P5?tag=eloabder-20&linkCode=osi&th=1&psc=1">View Product</a></div><div class="product"><a href="https://www.amazon.com/dp/B00518N3VE?tag=eloabder-20&linkCode=osi&th=1&psc=1"><img src="https://m.media-amazon.com/images/I/41SzIseWK6L._SL500_.jpg" alt="Product Image"></a><p>Milani Baked Bronzer - Glow, Cruelty-Free Shimmer Bronzing Powder to Use For Contour Makeup, Highlighters Makeup, Bronzer Makeup, 0.25 Ounce</p><p>$9.97 ($39.88 / Ounce)</p><a href="https://www.amazon.com/dp/B00518N3VE?tag=eloabder-20&linkCode=osi&th=1&psc=1">View Product</a></div><div class="product"><a href="https://www.amazon.com/dp/B0CNTYPSSZ?tag=eloabder-20&linkCode=osi&th=1&psc=1"><img src="https://m.media-amazon.com/images/I/416D4Z7hQ8L._SL500_.jpg" alt="Product Image"></a><p>Milani Cheek Kiss Cream Bronzer-110 Hey Honey</p><p>$9.97</p><a href="https://www.amazon.com/dp/B0CNTYPSSZ?tag=eloabder-20&linkCode=osi&th=1&psc=1">View Product</a></div><div class="product"><a href="https://www.amazon.com/dp/B006WZ9O72?tag=eloabder-20&linkCode=osi&th=1&psc=1"><img src="https://m.media-amazon.com/images/I/51rDNo9JnqL._SL500_.jpg" alt="Product Image"></a><p>Physicians Formula Bronze Booster Glow-Boosting Season-to-Season, Customizable Seasonal Glow Glow, Lasting Tan Boost, Hypoallergenic Powder, Cruelty-Free & Hypoallergenic- Light-to-Medium</p><p>$12.98</p><a href="https://www.amazon.com/dp/B006WZ9O72?tag=eloabder-20&linkCode=osi&th=1&psc=1">View Product</a></div>
<div class="product"><a href="https://www.amazon.com/dp/B09288DSSX?tag=eloabder-20&linkCode=osi&th=1&psc=1"><img src="https://m.media-amazon.com/images/I/417z6evbmhL._SL500_.jpg" alt="Product Image"></a><p>KYDA Face Highlighter Palette, High Glossy Face Illuminator Palette, Narutal Glow Finish, Pearl Shimmer Smooth Baked Powder, Lasting Sparkling Highlighter Makeup-SUN GLOW</p><p>$9.99</p><a href="https://www.amazon.com/dp/B09288DSSX?tag=eloabder-20&linkCode=osi&th=1&psc=1">View Product</a></div><div class="product"><a href="https://www.amazon.com/dp/B082YPL2SV?tag=eloabder-20&linkCode=osi&th=1&psc=1"><img src="https://m.media-amazon.com/images/I/51Y+MCkwArL._SL500_.jpg" alt="Product Image"></a><p>Wet n Wild MegaGlo Blushlighter, Blendable Blush & Highlighter Set, Shimmery Metallic Finish, Highlight Bling</p><p>$5.47</p><a href="https://www.amazon.com/dp/B082YPL2SV?tag=eloabder-20&linkCode=osi&th=1&psc=1">View Product</a></div><div class="product"><a href="https://www.amazon.com/dp/B0C41PSDZF?tag=eloabder-20&linkCode=osi&th=1&psc=1"><img src="https://m.media-amazon.com/images/I/41FLNU-tL-L._SL500_.jpg" alt="Product Image"></a><p>NYX PROFESSIONAL MAKEUP, Jumbo Multi-Use Face Highlighter Stick - Vanilla Ice Cream</p><p>$7.97</p><a href="https://www.amazon.com/dp/B0C41PSDZF?tag=eloabder-20&linkCode=osi&th=1&psc=1">View Product</a></div><div class="product"><a href="https://www.amazon.com/dp/B0C6V67KJW?tag=eloabder-20&linkCode=osi&th=1&psc=1"><img src="https://m.media-amazon.com/images/I/31Yh8b8JEjL._SL500_.jpg" alt="Product Image"></a><p>e.l.f. Halo Glow Highlight Beauty Wand, Liquid Highlighter Wand For Luminous, Glowing Skin, Buildable Formula, Vegan & Cruelty-free,Champagne Campaign</p><p>$9.00</p><a href="https://www.amazon.com/dp/B0C6V67KJW?tag=eloabder-20&linkCode=osi&th=1&psc=1">View Product</a></div><div class="product"><a href="https://www.amazon.com/dp/B073WMG59J?tag=eloabder-20&linkCode=osi&th=1&psc=1"><img src="https://m.media-amazon.com/images/I/51fz8bpJNNL._SL500_.jpg" alt="Product Image"></a><p>wet n wild MegaGlo Highlighting Powder, Highlighter Makeup, Shimmer Glow, Pink Rose Gold Blossom Glow</p><p>$5.41</p><a href="https://www.amazon.com/dp/B073WMG59J?tag=eloabder-20&linkCode=osi&th=1&psc=1">View Product</a></div><div class="product"><a href="https://www.amazon.com/dp/B07QPY11KY?tag=eloabder-20&linkCode=osi&th=1&psc=1"><img src="https://m.media-amazon.com/images/I/312T7p8cW6L._SL500_.jpg" alt="Product Image"></a><p>Revolution Beauty, Reloaded Pressed Powder Highlighter, Intensely Pigmented for a High Impact Dewy Finish, Dare To Divulge, 0.22 Oz.</p><p>$6.91</p><a href="https://www.amazon.com/dp/B07QPY11KY?tag=eloabder-20&linkCode=osi&th=1&psc=1">View Product</a></div><div class="product"><a href="https://www.amazon.com/dp/B074PTZCNW?tag=eloabder-20&linkCode=osi&th=1&psc=1"><img src="https://m.media-amazon.com/images/I/31btEAGukiL._SL500_.jpg" alt="Product Image"></a><p>L'Oreal Paris Makeup True Match Lumi Glotion, Natural Glow Enhancer, Illuminator Highlighter Skin Tint, for an All Day Radiant Glow, Light, 1.35 Ounces</p><p>$12.81</p><a href="https://www.amazon.com/dp/B074PTZCNW?tag=eloabder-20&linkCode=osi&th=1&psc=1">View Product</a></div><div class="product"><a href="https://www.amazon.com/dp/B075K784FK?tag=eloabder-20&linkCode=osi&th=1&psc=1"><img src="https://m.media-amazon.com/images/I/51q6Nf009iL._SL500_.jpg" alt="Product Image"></a><p>Physicians Formula Murumuru Butter Highlighter Makeup Face Powder Make Up, Pearl, Dermatologist Approved</p><p>$10.00</p><a href="https://www.amazon.com/dp/B075K784FK?tag=eloabder-20&linkCode=osi&th=1&psc=1">View Product</a></div><div class="product"><a href="https://www.amazon.com/dp/B0BD9HYBKD?tag=eloabder-20&linkCode=osi&th=1&psc=1"><img src="https://m.media-amazon.com/images/I/319tXl8nMUL._SL500_.jpg" alt="Product Image"></a><p>LAURA GELLER NEW YORK Baked Natural Glow Highlighter Radiance Enhancing Makeup, French Vanilla</p><p>$18.99</p><a href="https://www.amazon.com/dp/B0BD9HYBKD?tag=eloabder-20&linkCode=osi&th=1&psc=1">View Product</a></div><div class="product"><a href="https://www.amazon.com/dp/B083574V27?tag=eloabder-20&linkCode=osi&th=1&psc=1"><img src="https://m.media-amazon.com/images/I/41fyFVpDrXL._SL500_.jpg" alt="Product Image"></a><p>Milani Baked Highlighter (Dolce Perla) - Cruelty-Free Powder Highlighter, Highlight Face for a Shimmery or Matte Finish</p><p>$10.97 ($39.18 / Ounce)</p><a href="https://www.amazon.com/dp/B083574V27?tag=eloabder-20&linkCode=osi&th=1&psc=1">View Product</a></div>
<div class="product"><a href="https://www.amazon.com/dp/B0CMHSNYG8?tag=eloabder-20&linkCode=osi&th=1&psc=1"><img src="https://m.media-amazon.com/images/I/51iVcKQ6eIL._SL500_.jpg" alt="Product Image"></a><p>JODSONE Gel Nail Set 20 Colors High Shine Gorgeous Gel Polish Base Top Matte Coat Nice Gifts Show Charm</p><p>$19.99</p><a href="https://www.amazon.com/dp/B0CMHSNYG8?tag=eloabder-20&linkCode=osi&th=1&psc=1">View Product</a></div><div class="product"><a href="https://www.amazon.com/dp/B09KC56289?tag=eloabder-20&linkCode=osi&th=1&psc=1"><img src="https://m.media-amazon.com/images/I/51M-P1nM7QL._SL500_.jpg" alt="Product Image"></a><p>JODSONE 36 PCS Gel Nail Polish Set-32 Colors Gel Polish Kit Base Coat Glossy Matte and Glitter Top Coat Nail Polish Set Green Blue Red Pink Collection Gifts for Women</p><p>$25.99</p><a href="https://www.amazon.com/dp/B09KC56289?tag=eloabder-20&linkCode=osi&th=1&psc=1">View Product</a></div><div class="product"><a href="https://www.amazon.com/dp/B00GXVVDG0?tag=eloabder-20&linkCode=osi&th=1&psc=1"><img src="https://m.media-amazon.com/images/I/21vF-y2FfJL._SL500_.jpg" alt="Product Image"></a><p>Essie Nail Polish, Salon-Quality, 8-free Vegan, Finish, Mademoiselle, 0.46 Ounces (Packaging May Vary) Sheer Pink</p><p>$8.99</p><a href="https://www.amazon.com/dp/B00GXVVDG0?tag=eloabder-20&linkCode=osi&th=1&psc=1">View Product</a></div><div class="product"><a href="https://www.amazon.com/dp/B0987JZSP8?tag=eloabder-20&linkCode=osi&th=1&psc=1"><img src="https://m.media-amazon.com/images/I/31VZYZfCKbL._SL500_.jpg" alt="Product Image"></a><p>OPI Nature Strong Vegan Nail Polish, Knowledge is Flower, Pink Nail Polish, Natural Origin, Cruelty-Free Nail Lacquer, 0.5 fl oz.</p><p>$12.99 ($25.98 / Fl Oz)</p><a href="https://www.amazon.com/dp/B0987JZSP8?tag=eloabder-20&linkCode=osi&th=1&psc=1">View Product</a></div><div class="product"><a href="https://www.amazon.com/dp/B0CYLRWVVF?tag=eloabder-20&linkCode=osi&th=1&psc=1"><img src="https://m.media-amazon.com/images/I/51G1EY8ny6L._SL500_.jpg" alt="Product Image"></a><p>modelones Pearl Nail Polish 6 Colors Shimmer Pearl White Pink Mermaid Purple Nail Polish Set Summer Quick Dry Nail Polish Finger Nail Polish Bulk Manicure Diy Nail Art Salon Home Gift For Women Girl</p><p>$12.99</p><a href="https://www.amazon.com/dp/B0CYLRWVVF?tag=eloabder-20&linkCode=osi&th=1&psc=1">View Product</a></div>
<div class="product"><a href="https://www.amazon.com/dp/B005HGWGVS?tag=eloabder-20&linkCode=osi&th=1&psc=1"><img src="https://m.media-amazon.com/images/I/41NVfMcQBQL._SL500_.jpg" alt="Product Image"></a><p>Hard As Hoof Nail Strengthening Cream with Coconut Scent, Nail Growth & Conditioning Cuticle Cream Stops Splits, Chips, Cracks & Strengthens Nails, 1 oz</p><p>$8.88</p><a href="https://www.amazon.com/dp/B005HGWGVS?tag=eloabder-20&linkCode=osi&th=1&psc=1">View Product</a></div><div class="product"><a href="https://www.amazon.com/dp/B08YMJ4X4B?tag=eloabder-20&linkCode=osi&th=1&psc=1"><img src="https://m.media-amazon.com/images/I/41JNcOM8lBL._SL500_.jpg" alt="Product Image"></a><p>C CARE Sweet Almond Cuticle Oil For Nails - Repairs Cuticles Overnight - Moisturizes and Strengthens Nails and Cuticles - Dropper & Brush included - 2.5oz</p><p>$5.97 ($2.39 / Fl Oz)</p><a href="https://www.amazon.com/dp/B08YMJ4X4B?tag=eloabder-20&linkCode=osi&th=1&psc=1">View Product</a></div><div class="product"><a href="https://www.amazon.com/dp/B0046MK34G?tag=eloabder-20&linkCode=osi&th=1&psc=1"><img src="https://m.media-amazon.com/images/I/41PPyJFVAlL._SL500_.jpg" alt="Product Image"></a><p>Sally Hansen Instant Cuticle Remover™, Nail Treatment, Fast Drying, Contains Aloe and Chamomile</p><p>$4.97</p><a href="https://www.amazon.com/dp/B0046MK34G?tag=eloabder-20&linkCode=osi&th=1&psc=1">View Product</a></div><div class="product"><a href="https://www.amazon.com/dp/B00F644LTQ?tag=eloabder-20&linkCode=osi&th=1&psc=1"><img src="https://m.media-amazon.com/images/I/31+v2SZDagL._SL500_.jpg" alt="Product Image"></a><p>Cuccio Naturale Revitalizing- Hydrating Oil For Repaired Cuticles Overnight - Remedy For Damaged Skin And Thin Nails - Paraben /Cruelty-Free Formula - Milk And Honey - 2.5 Oz</p><p>$9.48 ($3.79 / Fl Oz)</p><a href="https://www.amazon.com/dp/B00F644LTQ?tag=eloabder-20&linkCode=osi&th=1&psc=1">View Product</a></div><div class="product"><a href="https://www.amazon.com/dp/B007QBKX08?tag=eloabder-20&linkCode=osi&th=1&psc=1"><img src="https://m.media-amazon.com/images/I/51BgkFaTnpL._SL500_.jpg" alt="Product Image"></a><p>Nail Tek Repairs Damaged Nails kit.Intensive Therapy(.5OZ),Foundation(.5OZ)& Renew(.48OZ)</p><p>$14.95</p><a href="https://www.amazon.com/dp/B007QBKX08?tag=eloabder-20&linkCode=osi&th=1&psc=1">View Product</a></div>
<div class="product"><a href="https://www.amazon.com/dp/B017PCGAXQ?tag=eloabder-20&linkCode=osi&th=1&psc=1"><img src="https://m.media-amazon.com/images/I/31-daQlUgGL._SL500_.jpg" alt="Product Image"></a><p>Garnier Micellar Water For Waterproof Makeup, Hydrating Facial Cleanser & Makeup Remover, Suitable for Sensitive Skin, Vegan, Cruelty Free, 13.5 Fl Oz (400mL), 1 Count</p><p>$8.97 ($0.66 / Fl Oz)</p><a href="https://www.amazon.com/dp/B017PCGAXQ?tag=eloabder-20&linkCode=osi&th=1&psc=1">View Product</a></div><div class="product"><a href="https://www.amazon.com/dp/B017PCGABI?tag=eloabder-20&linkCode=osi&th=1&psc=1"><img src="https://m.media-amazon.com/images/I/3106WC85aAL._SL500_.jpg" alt="Product Image"></a><p>Garnier Micellar Water, Hydrating Facial Cleanser & Makeup Remover, Suitable for Sensitive Skin, Vegan, Cruelty Free, 13.5 Fl Oz (400mL), 1 Count</p><p>$8.97 ($0.66 / Fl Oz)</p><a href="https://www.amazon.com/dp/B017PCGABI?tag=eloabder-20&linkCode=osi&th=1&psc=1">View Product</a></div><div class="product"><a href="https://www.amazon.com/dp/B00U2VQZDS?tag=eloabder-20&linkCode=osi&th=1&psc=1"><img src="https://m.media-amazon.com/images/I/41VzZfHAKpL._SL500_.jpg" alt="Product Image"></a><p>Neutrogena Makeup Remover Wipes, Ultra-Soft Cleansing Facial Towelettes for Waterproof Makeup, Alcohol-Free, Plant-Based, Twin Pack, 25 Count (Pack of 2)</p><p>$9.16 ($0.18 / Count)</p><a href="https://www.amazon.com/dp/B00U2VQZDS?tag=eloabder-20&linkCode=osi&th=1&psc=1">View Product</a></div><div class="product"><a href="https://www.amazon.com/dp/B07T9JV956?tag=eloabder-20&linkCode=osi&th=1&psc=1"><img src="https://m.media-amazon.com/images/I/310x+0QrxsL._SL500_.jpg" alt="Product Image"></a><p>Neutrogena Gentle Oil-Free Eye Makeup Remover & Cleanser for Sensitive Eyes, Non-Greasy Makeup Remover, Removes Waterproof Mascara, Dermatologist & Ophthalmologist Tested, 8.0 fl. oz</p><p>$9.39 ($1.17 / Fl Oz)</p><a href="https://www.amazon.com/dp/B07T9JV956?tag=eloabder-20&linkCode=osi&th=1&psc=1">View Product</a></div><div class="product"><a href="https://www.amazon.com/dp/B01M31HY3S?tag=eloabder-20&linkCode=osi&th=1&psc=1"><img src="https://m.media-amazon.com/images/I/319i79e7f4L._SL500_.jpg" alt="Product Image"></a><p>Cetaphil Gentle Waterproof Makeup Remover, Mother's Day Gifts, Oil-Free Formula Suitable for Sensitive Skin, 6.0 Fluid Ounce</p><p>$9.87 ($1.64 / Fl Oz)</p><a href="https://www.amazon.com/dp/B01M31HY3S?tag=eloabder-20&linkCode=osi&th=1&psc=1">View Product</a></div><div class="product"><a href="https://www.amazon.com/dp/B07SS6LFRG?tag=eloabder-20&linkCode=osi&th=1&psc=1"><img src="https://m.media-amazon.com/images/I/31Mwa89HfCL._SL500_.jpg" alt="Product Image"></a><p>Amazon Basics Eye Makeup Remover, Removes Waterproof Mascara, Dermatologist Tested, Fragrance Free, 5.5 Fl Oz (Pack of 1)</p><p>$5.99 ($1.09 / Fl Oz)</p><a href="https://www.amazon.com/dp/B07SS6LFRG?tag=eloabder-20&linkCode=osi&th=1&psc=1">View Product</a></div><div class="product"><a href="https://www.amazon.com/dp/B08TQTT8LK?tag=eloabder-20&linkCode=osi&th=1&psc=1"><img src="https://m.media-amazon.com/images/I/31R-Y-dhjEL._SL500_.jpg" alt="Product Image"></a><p>e.l.f. Holy Hydration! Makeup Melting Cleansing Balm, Face Cleanser & Makeup Remover, Infused with Hyaluronic Acid to Hydrate Skin, 2 Oz</p><p>$11.00 ($5.50 / Ounce)</p><a href="https://www.amazon.com/dp/B08TQTT8LK?tag=eloabder-20&linkCode=osi&th=1&psc=1">View Product</a></div><div class="product"><a href="https://www.amazon.com/dp/B08Q3CQM7X?tag=eloabder-20&linkCode=osi&th=1&psc=1"><img src="https://m.media-amazon.com/images/I/31edyzkByfL._SL500_.jpg" alt="Product Image"></a><p>JUNO & Co. Clean 10 Cleansing Balm 10 Ingredients Makeup Remover 85g / 3.0oz</p><p>$14.99 ($5.00 / Ounce)</p><a href="https://www.amazon.com/dp/B08Q3CQM7X?tag=eloabder-20&linkCode=osi&th=1&psc=1">View Product</a></div><div class="product"><a href="https://www.amazon.com/dp/B0B1PP1XCM?tag=eloabder-20&linkCode=osi&th=1&psc=1"><img src="https://m.media-amazon.com/images/I/31kOCqV2+BL._SL500_.jpg" alt="Product Image"></a><p>CeraVe Cleansing Balm for Sensitive Skin | Hydrating Makeup Remover with Ceramides and Plant-based Jojoba Oil for Face | Non-Comedogenic Fragrance Free Non-Greasy |1.3 Ounces</p><p>$9.97 ($7.67 / Ounce)</p><a href="https://www.amazon.com/dp/B0B1PP1XCM?tag=eloabder-20&linkCode=osi&th=1&psc=1">View Product</a></div><div class="product"><a href="https://www.amazon.com/dp/B0BX65V1BZ?tag=eloabder-20&linkCode=osi&th=1&psc=1"><img src="https://m.media-amazon.com/images/I/31t6WiWvdDL._SL500_.jpg" alt="Product Image"></a><p>Prime Prometics PrimeSkin Beauty Water – Deeply Hydrating Pro-Age Make-Up Remover for Mature Women – Clean, One Swipe – for All Skin Types – pH balanced, Hypoallergenic</p><p>$27.00 ($5.29 / Fl Oz)</p><a href="https://www.amazon.com/dp/B0BX65V1BZ?tag=eloabder-20&linkCode=osi&th=1&psc=1">View Product</a></div>
<div class="product"><a href="https://www.amazon.com/dp/B07XC569XF?tag=eloabder-20&linkCode=osi&th=1&psc=1"><img src="https://m.media-amazon.com/images/I/4109uyzn-sL._SL500_.jpg" alt="Product Image"></a><p>Neutrogena Hydro Boost Facial Cleansing Towelettes + Hyaluronic Acid, Hydrating Makeup Remover Face Wipes Remove Dirt & Waterproof Makeup, Hypoallergenic, 100% Plant-Based Cloth, 2 x 25 ct</p><p>$13.20 ($0.26 / Count)</p><a href="https://www.amazon.com/dp/B07XC569XF?tag=eloabder-20&linkCode=osi&th=1&psc=1">View Product</a></div><div class="product"><a href="https://www.amazon.com/dp/B00479FP4Q?tag=eloabder-20&linkCode=osi&th=1&psc=1"><img src="https://m.media-amazon.com/images/I/41L2wro-FlL._SL500_.jpg" alt="Product Image"></a><p>Olay Daily Facials, Daily Clean Makeup Removing Facial Cleansing Wipes, 5-in-1 Water Activated Cloths, Exfoliates, Tones and Hydrates Skin, 66 count</p><p>$9.74 ($0.15 / Count)</p><a href="https://www.amazon.com/dp/B00479FP4Q?tag=eloabder-20&linkCode=osi&th=1&psc=1">View Product</a></div><div class="product"><a href="https://www.amazon.com/dp/B0864VDH6F?tag=eloabder-20&linkCode=osi&th=1&psc=1"><img src="https://m.media-amazon.com/images/I/418baEPkUdL._SL500_.jpg" alt="Product Image"></a><p>Amazon Basics Make Up Remover Wipes, Night Calming, 50 Count (2 Packs of 25) (Previously Solimo)</p><p>$7.93 ($0.16 / Count)</p><a href="https://www.amazon.com/dp/B0864VDH6F?tag=eloabder-20&linkCode=osi&th=1&psc=1">View Product</a></div><div class="product"><a href="https://www.amazon.com/dp/B093T3LQPP?tag=eloabder-20&linkCode=osi&th=1&psc=1"><img src="https://m.media-amazon.com/images/I/51mLU+qr6tL._SL500_.jpg" alt="Product Image"></a><p>Burt's Bees Rose Water Face Wipes, for All Skin Types, Hydrating Micellar Makeup Remover & Facial Cleansing Towelettes, 30 Ct (3-Pack)</p><p>$16.47 ($0.18 / Count)</p><a href="https://www.amazon.com/dp/B093T3LQPP?tag=eloabder-20&linkCode=osi&th=1&psc=1">View Product</a></div><div class="product"><a href="https://www.amazon.com/dp/B00NUJQG7Y?tag=eloabder-20&linkCode=osi&th=1&psc=1"><img src="https://m.media-amazon.com/images/I/51apu8FIluL._SL500_.jpg" alt="Product Image"></a><p>Burt's Bees Aloe Vera Face Wipes, for Sensitive Skin, Soothing Makeup Remover & Facial Cleansing Towelettes, 30 Ct. (3-Pack)</p><p>$16.41 ($0.18 / Count)</p><a href="https://www.amazon.com/dp/B00NUJQG7Y?tag=eloabder-20&linkCode=osi&th=1&psc=1">View Product</a></div><div class="product"><a href="https://www.amazon.com/dp/B09LXWPB1V?tag=eloabder-20&linkCode=osi&th=1&psc=1"><img src="https://m.media-amazon.com/images/I/4117i-jJMKL._SL500_.jpg" alt="Product Image"></a><p>CeraVe Hydrating Facial Cleansing Makeup Remover Wipes| Plant Based Face Biodegradable in Home Compost| Wash Cloth| Suitable for Sensitive Skin| Fragrance-free Non-comedogenic| 25 Count</p><p>$9.97 ($0.40 / Count)</p><a href="https://www.amazon.com/dp/B09LXWPB1V?tag=eloabder-20&linkCode=osi&th=1&psc=1">View Product</a></div><div class="product"><a href="https://www.amazon.com/dp/B006RFZ9IK?tag=eloabder-20&linkCode=osi&th=1&psc=1"><img src="https://m.media-amazon.com/images/I/41c4Ogejt9L._SL500_.jpg" alt="Product Image"></a><p>Bioré Daily Make Up Removing Cloths, Facial Cleansing Wipes with Dirt-grabbing Fibers for Deep Pore Cleansing without Oily Residue, 60 Count</p><p>$11.99 ($0.20 / Count)</p><a href="https://www.amazon.com/dp/B006RFZ9IK?tag=eloabder-20&linkCode=osi&th=1&psc=1">View Product</a></div><div class="product"><a href="https://www.amazon.com/dp/B01M4NFD2N?tag=eloabder-20&linkCode=osi&th=1&psc=1"><img src="https://m.media-amazon.com/images/I/41-iPdzYWDL._SL500_.jpg" alt="Product Image"></a><p>Cetaphil Gentle Makeup Removing Face Wipes, Daily Cleansing Facial Towelettes Gently Remove Makeup, Fragrance and Alcohol Free, 25 Count</p><p>$6.85 ($0.27 / Count)</p><a href="https://www.amazon.com/dp/B01M4NFD2N?tag=eloabder-20&linkCode=osi&th=1&psc=1">View Product</a></div><div class="product"><a href="https://www.amazon.com/dp/B0B644ZQLV?tag=eloabder-20&linkCode=osi&th=1&psc=1"><img src="https://m.media-amazon.com/images/I/41E5FGVZrnL._SL500_.jpg" alt="Product Image"></a><p>Cetaphil Face and Body Wipes, Gentle Skin Cleansing Cloths, 25 Count (Pack of 3), for Dry, Sensitive Skin, Flip Top Closure, Great for the Gym, Hypoallergenic, Fragrance Free</p><p>$20.91 ($0.28 / Count)</p><a href="https://www.amazon.com/dp/B0B644ZQLV?tag=eloabder-20&linkCode=osi&th=1&psc=1">View Product</a></div>
<div class="product"><a href="https://www.amazon.com/dp/B08RD6S5HF?tag=eloabder-20&linkCode=osi&th=1&psc=1"><img src="https://m.media-amazon.com/images/I/41uDw-xQNuL._SL500_.jpg" alt="Product Image"></a><p>BAIMEI IcyMe Gua Sha & Jade Roller Facial Tools Face Roller and Gua Sha Set for Puffiness and Redness Reducing Skin Care Routine, Self Care Gift for Men Women - Green</p><p>$9.99</p><a href="https://www.amazon.com/dp/B08RD6S5HF?tag=eloabder-20&linkCode=osi&th=1&psc=1">View Product</a></div><div class="product"><a href="https://www.amazon.com/dp/B09961TCV4?tag=eloabder-20&linkCode=osi&th=1&psc=1"><img src="https://m.media-amazon.com/images/I/41cLCDErk6L._SL500_.jpg" alt="Product Image"></a><p>huefull Gua Sha Facial Tools & Jade Roller Set for Skin Care, Reduce Puffiness and Improve Wrinkles, Guasha Tool for Face, Gua Sha Stone Self Care Gift for Woman Man</p><p>$7.99 ($4.00 / Count)</p><a href="https://www.amazon.com/dp/B09961TCV4?tag=eloabder-20&linkCode=osi&th=1&psc=1">View Product</a></div><div class="product"><a href="https://www.amazon.com/dp/B09P88YNZZ?tag=eloabder-20&linkCode=osi&th=1&psc=1"><img src="https://m.media-amazon.com/images/I/31gv5dz1KML._SL500_.jpg" alt="Product Image"></a><p>Ice Roller for Face and Eye, Ice Face Roller,Facial Beauty Ice Roller Skin Care Tools, Ice Facial Cube, Gua Sha Face Massage, Silicone Ice Mold for Face Beauty (Pink)</p><p>$5.99 ($1.20 / Ounce)</p><a href="https://www.amazon.com/dp/B09P88YNZZ?tag=eloabder-20&linkCode=osi&th=1&psc=1">View Product</a></div><div class="product"><a href="https://www.amazon.com/dp/B09V5TRZTS?tag=eloabder-20&linkCode=osi&th=1&psc=1"><img src="https://m.media-amazon.com/images/I/31NWpXealIL._SL500_.jpg" alt="Product Image"></a><p>ROSELYNBOUTIQUE Ice Roller for Face Wrinkles Fine Lines Puffiness Stick Massager Facial Skin Care Tools Self Care Gifts for Men Women (Green)</p><p>$6.39</p><a href="https://www.amazon.com/dp/B09V5TRZTS?tag=eloabder-20&linkCode=osi&th=1&psc=1">View Product</a></div><div class="product"><a href="https://www.amazon.com/dp/B0BR7YG7QH?tag=eloabder-20&linkCode=osi&th=1&psc=1"><img src="https://m.media-amazon.com/images/I/41gFogNe+dL._SL500_.jpg" alt="Product Image"></a><p>8 Pieces Triangle Powder Puff Face Soft Triangle Makeup Puff Velour Cosmetic Foundation Blender Sponge Beauty Makeup Tools</p><p>$3.99 ($0.50 / Count)</p><a href="https://www.amazon.com/dp/B0BR7YG7QH?tag=eloabder-20&linkCode=osi&th=1&psc=1">View Product</a></div><div class="product"><a href="https://www.amazon.com/dp/B09XJYZDVG?tag=eloabder-20&linkCode=osi&th=1&psc=1"><img src="https://m.media-amazon.com/images/I/41jMEmTiSQL._SL500_.jpg" alt="Product Image"></a><p>Aaiffey Eyeliner Applicator Kit, Eyeliner Tool with Eyeliner Cream Black Eyeliner Gel Reusable Silicone Eye Liner Applicator Waterproof Eyeliner Easy No-Skip (eyeliner tool +black eyeliner creams)</p><p>$9.98</p><a href="https://www.amazon.com/dp/B09XJYZDVG?tag=eloabder-20&linkCode=osi&th=1&psc=1">View Product</a></div>
<div class="product"><a href="https://www.amazon.com/dp/B075S543DR?tag=eloabder-20&linkCode=osi&th=1&psc=1"><img src="https://m.media-amazon.com/images/I/418N6a3fvaL._SL500_.jpg" alt="Product Image"></a><p>EcoTools Start The Day Beautifully 6 Piece Makeup Brush Set, Makeup Brushes For Eyeshadow, Blush, Concealer, & Foundation Application, Eco-Friendly, Gift Set, Synthetic Hair, Vegan & Cruelty-Free</p><p>$9.98</p><a href="https://www.amazon.com/dp/B075S543DR?tag=eloabder-20&linkCode=osi&th=1&psc=1">View Product</a></div><div class="product"><a href="https://www.amazon.com/dp/B07FTXBNVL?tag=eloabder-20&linkCode=osi&th=1&psc=1"><img src="https://m.media-amazon.com/images/I/41O4pc78hYL._SL500_.jpg" alt="Product Image"></a><p>Real Techniques 5 Piece Everyday Essentials Makeup Brush Set, Includes 4 Brushes & Makeup Sponge, For Foundation, Blush, Bronzer, Contour, Eyeshadow, & Powder, Travel Gift Set, Cruelty-Free & Vegan</p><p>$13.99</p><a href="https://www.amazon.com/dp/B07FTXBNVL?tag=eloabder-20&linkCode=osi&th=1&psc=1">View Product</a></div>
<div class="product"><a href="https://www.amazon.com/dp/B00WZQTCS8?tag=eloabder-20&linkCode=osi&th=1&psc=1"><img src="https://m.media-amazon.com/images/I/41iVoW5QboL._SL500_.jpg" alt="Product Image"></a><p>NYX PROFESSIONAL MAKEUP Micro Brow Pencil, Eyebrow Pencil - Espresso</p><p>$7.50</p><a href="https://www.amazon.com/dp/B00WZQTCS8?tag=eloabder-20&linkCode=osi&th=1&psc=1">View Product</a></div><div class="product"><a href="https://www.amazon.com/dp/B01643FI0I?tag=eloabder-20&linkCode=osi&th=1&psc=1"><img src="https://m.media-amazon.com/images/I/21w1DpgxRoL._SL500_.jpg" alt="Product Image"></a><p>L'Oreal Paris Makeup Brow Stylist Definer Waterproof Eyebrow Pencil, Ultra-Fine Mechanical Pencil, Draws Tiny Brow Hairs and Fills in Sparse Areas and Gaps, Dark Brunette, 0.003 Ounce (Pack of 1)</p><p>$8.98</p><a href="https://www.amazon.com/dp/B01643FI0I?tag=eloabder-20&linkCode=osi&th=1&psc=1">View Product</a></div><div class="product"><a href="https://www.amazon.com/dp/B0B52KG7YP?tag=eloabder-20&linkCode=osi&th=1&psc=1"><img src="https://m.media-amazon.com/images/I/31Mi4FEPxYL._SL500_.jpg" alt="Product Image"></a><p>e.l.f. Instant Lift Brow Pencil, Dual-Ended Precision Brow Pencils For Shaping & Defining Eyebrows, Vegan & Cruelty-Free, Neutral Brown, 2-Pack</p><p>$5.00</p><a href="https://www.amazon.com/dp/B0B52KG7YP?tag=eloabder-20&linkCode=osi&th=1&psc=1">View Product</a></div><div class="product"><a href="https://www.amazon.com/dp/B078KB7L4G?tag=eloabder-20&linkCode=osi&th=1&psc=1"><img src="https://m.media-amazon.com/images/I/31QF5SK3tzL._SL500_.jpg" alt="Product Image"></a><p>wet n wild Ultimate Eyebrow Retractable Definer Pencil, Medium Brown, Dual-Sided Brow Brush, Fine Tip, Shapes, Defines, Fills Brow Makeup</p><p>$2.74</p><a href="https://www.amazon.com/dp/B078KB7L4G?tag=eloabder-20&linkCode=osi&th=1&psc=1">View Product</a></div><div class="product"><a href="https://www.amazon.com/dp/B074VD4X7W?tag=eloabder-20&linkCode=osi&th=1&psc=1"><img src="https://m.media-amazon.com/images/I/41eK8J1W2rL._SL500_.jpg" alt="Product Image"></a><p>Maybelline Total Temptation Eyebrow Definer Pencil, Soft Brown, 1 Count</p><p>$8.99</p><a href="https://www.amazon.com/dp/B074VD4X7W?tag=eloabder-20&linkCode=osi&th=1&psc=1">View Product</a></div><div class="product"><a href="https://www.amazon.com/dp/B001ESKLZQ?tag=eloabder-20&linkCode=osi&th=1&psc=1"><img src="https://m.media-amazon.com/images/I/31bw47frHzS._SL500_.jpg" alt="Product Image"></a><p>COVERGIRL - Easy Breezy Brow Fill + Define Brow Pencil, Sharpener Included, Long-Lasting, Deeply Pigmented, Blendable Formula, 100% Cruelty-Free</p><p>$4.47</p><a href="https://www.amazon.com/dp/B001ESKLZQ?tag=eloabder-20&linkCode=osi&th=1&psc=1">View Product</a></div><div class="product"><a href="https://www.amazon.com/dp/B0D12PWNK6?tag=eloabder-20&linkCode=osi&th=1&psc=1"><img src="https://m.media-amazon.com/images/I/51u7eOlEtFL._SL500_.jpg" alt="Product Image"></a><p>iMethod Microblading Eyebrow Pen - Eyebrow Pencil Magical 2-in-1 Dual-Ended Eye Brow Pencils for Women with 4-Fork-Tip & Precise Brush-Tip Create Natural Hair-Like Brows, Last All-Day, Dark Brown</p><p>$14.97 ($14.97 / Count)</p><a href="https://www.amazon.com/dp/B0D12PWNK6?tag=eloabder-20&linkCode=osi&th=1&psc=1">View Product</a></div><div class="product"><a href="https://www.amazon.com/dp/B0CPFY8K8W?tag=eloabder-20&linkCode=osi&th=1&psc=1"><img src="https://m.media-amazon.com/images/I/21SmXiqZZYL._SL500_.jpg" alt="Product Image"></a><p>e.l.f. Instant Lift Waterproof Brow Pencil, Long-Lasting Eyebrow Pencil For Grooming & Shaping Brows, Vegan & Cruelty-free, Deep Brown</p><p>$4.00</p><a href="https://www.amazon.com/dp/B0CPFY8K8W?tag=eloabder-20&linkCode=osi&th=1&psc=1">View Product</a></div>
<div class="product"><a href="https://www.amazon.com/dp/B079B8BFR3?tag=eloabder-20&linkCode=osi&th=1&psc=1"><img src="https://m.media-amazon.com/images/I/41DSmndr3KL._SL500_.jpg" alt="Product Image"></a><p>KISS Looks So Natural, False Eyelashes, Shy', 12 mm, Includes 5 Pairs Of Lashes, Contact Lens Friendly, Easy to Apply, Reusable Strip Lashes, Glue On</p><p>$7.09</p><a href="https://www.amazon.com/dp/B079B8BFR3?tag=eloabder-20&linkCode=osi&th=1&psc=1">View Product</a></div><div class="product"><a href="https://www.amazon.com/dp/B09MQCDVM7?tag=eloabder-20&linkCode=osi&th=1&psc=1"><img src="https://m.media-amazon.com/images/I/510lQqrrVtL._SL500_.jpg" alt="Product Image"></a><p>False Eyelashes 14mm Faux 3D Mink Lashes Natural Look Fluffy Cat Eye Wispy Lashes Pack by Kiromiro, 14 Pairs</p><p>$8.89</p><a href="https://www.amazon.com/dp/B09MQCDVM7?tag=eloabder-20&linkCode=osi&th=1&psc=1">View Product</a></div><div class="product"><a href="https://www.amazon.com/dp/B00DS4EIEE?tag=eloabder-20&linkCode=osi&th=1&psc=1"><img src="https://m.media-amazon.com/images/I/415k4JSKxOL._SL500_.jpg" alt="Product Image"></a><p>KISS So Wispy, False Eyelashes, Style #11', 12 mm, Includes 5 Pairs Of Lashes, Contact Lens Friendly, Easy to Apply, Reusable Strip Lashes, Glue On, Mulitpack</p><p>$8.97 ($1.79 / Count)</p><a href="https://www.amazon.com/dp/B00DS4EIEE?tag=eloabder-20&linkCode=osi&th=1&psc=1">View Product</a></div><div class="product"><a href="https://www.amazon.com/dp/B0C5QK1QHP?tag=eloabder-20&linkCode=osi&th=1&psc=1"><img src="https://m.media-amazon.com/images/I/51eSQ4cj35L._SL500_.jpg" alt="Product Image"></a><p>Veleasha Lashes 5D Faux Mink Lashes 100% Handmade Luxurious Fake Eyelashes Lightweight Fluffy False Eyelashes 5 Pairs Pack (G2)</p><p>$6.98 ($1.40 / Count)</p><a href="https://www.amazon.com/dp/B0C5QK1QHP?tag=eloabder-20&linkCode=osi&th=1&psc=1">View Product</a></div><div class="product"><a href="https://www.amazon.com/dp/B0B1LRRTCH?tag=eloabder-20&linkCode=osi&th=1&psc=1"><img src="https://m.media-amazon.com/images/I/41gc2Df+nAL._SL500_.jpg" alt="Product Image"></a><p>GMAGICTOBO False Eyelashes Natural Half Lashes Short Wispy Clear Band Lashes Pack Cat Eye 3D Faux Mink Lashes Fake Eyelashes 7 Pairs Multipack</p><p>$8.59 ($1.23 / Count)</p><a href="https://www.amazon.com/dp/B0B1LRRTCH?tag=eloabder-20&linkCode=osi&th=1&psc=1">View Product</a></div><div class="product"><a href="https://www.amazon.com/dp/B08R6PR7ND?tag=eloabder-20&linkCode=osi&th=1&psc=1"><img src="https://m.media-amazon.com/images/I/41r4c3ZiCWL._SL500_.jpg" alt="Product Image"></a><p>KISS My Lash But Better, False Eyelashes, All Mine', 10 mm, Includes 1 Pair Of Lashes, Contact Lens Friendly, Easy to Apply, Reusable Strip Lashes, Glue-On</p><p>$3.97</p><a href="https://www.amazon.com/dp/B08R6PR7ND?tag=eloabder-20&linkCode=osi&th=1&psc=1">View Product</a></div><div class="product"><a href="https://www.amazon.com/dp/B0BX3YHN14?tag=eloabder-20&linkCode=osi&th=1&psc=1"><img src="https://m.media-amazon.com/images/I/51YYa1vTElL._SL500_.jpg" alt="Product Image"></a><p>KISS imPRESS Falsies False Eyelashes, Lash Clusters, Voluminous', 14 mm, Includes 20 Clusters, 1 applicator, Contact Lens Friendly, Easy to Apply, Reusable Strip Lashes</p><p>$12.72</p><a href="https://www.amazon.com/dp/B0BX3YHN14?tag=eloabder-20&linkCode=osi&th=1&psc=1">View Product</a></div><div class="product"><a href="https://www.amazon.com/dp/B00YYHHI1E?tag=eloabder-20&linkCode=osi&th=1&psc=1"><img src="https://m.media-amazon.com/images/I/419bv9iNI9L._SL500_.jpg" alt="Product Image"></a><p>Ardell False Eyelashes Demi Wispies Black, 1 pack (6 pairs per pack)</p><p>$9.74 ($1.95 / Count)</p><a href="https://www.amazon.com/dp/B00YYHHI1E?tag=eloabder-20&linkCode=osi&th=1&psc=1">View Product</a></div><div class="product"><a href="https://www.amazon.com/dp/B0CG5SY8J1?tag=eloabder-20&linkCode=osi&th=1&psc=1"><img src="https://m.media-amazon.com/images/I/41SWlZB3plL._SL500_.jpg" alt="Product Image"></a><p>Natural Lashes Natural Eyelashes Short Eyelashes Natural Look False Eyelashes Wispy Eye Lashes 10mm Small Lashes Fake Lashes K50</p><p>$7.93 ($1.13 / Count)</p><a href="https://www.amazon.com/dp/B0CG5SY8J1?tag=eloabder-20&linkCode=osi&th=1&psc=1">View Product</a></div><div class="product"><a href="https://www.amazon.com/dp/B08SPVMDTV?tag=eloabder-20&linkCode=osi&th=1&psc=1"><img src="https://m.media-amazon.com/images/I/41Q6wh0HacL._SL500_.jpg" alt="Product Image"></a><p>KISS Falscara Multipack False Eyelashes, Lash Clusters, Natural Wispy Wisps', 10mm-12mm-14mm, Includes 24 Assorted Lengths Wisps, Contact Lens Friendly, Easy to Apply, Reusable Strip Lashes</p><p>$6.47 ($0.27 / Count)</p><a href="https://www.amazon.com/dp/B08SPVMDTV?tag=eloabder-20&linkCode=osi&th=1&psc=1">View Product</a></div>
<div class="product"><a href="https://www.amazon.com/dp/B08ZYKFNLK?tag=eloabder-20&linkCode=osi&th=1&psc=1"><img src="https://m.media-amazon.com/images/I/41LSyt4W-HL._SL500_.jpg" alt="Product Image"></a><p>Makeup Sponge Set BS-MALL Blender Sponges 7 Pcs for Liquid, Cream, and Powder, Multi-colored with 1 Mini Makeup Sponge Pink (A-Pink）</p><p>$6.99 ($1.00 / Count)</p><a href="https://www.amazon.com/dp/B08ZYKFNLK?tag=eloabder-20&linkCode=osi&th=1&psc=1">View Product</a></div><div class="product"><a href="https://www.amazon.com/dp/B01F36JEXE?tag=eloabder-20&linkCode=osi&th=1&psc=1"><img src="https://m.media-amazon.com/images/I/41AHaVc97tL._SL500_.jpg" alt="Product Image"></a><p>BEAKEY Makeup Sponge 5 Pcs Set, Makeup Sponges for Foundation, Liquid, Cream and Powder. Latex-Free Boun Boun Beauty Sponge for Blending, Blender for Enhanced Make Up Application, Ideal Gift</p><p>$6.99 ($1.40 / Count)</p><a href="https://www.amazon.com/dp/B01F36JEXE?tag=eloabder-20&linkCode=osi&th=1&psc=1">View Product</a></div><div class="product"><a href="https://www.amazon.com/dp/B07VBNQ367?tag=eloabder-20&linkCode=osi&th=1&psc=1"><img src="https://m.media-amazon.com/images/I/41tK1+FK+ML._SL500_.jpg" alt="Product Image"></a><p>Beautyblender® | Original Pink Beauty Blender Makeup Sponge, Super-Soft Foam Easily Blends Foundations, Powders & Creams, Made in USA, Reusable, Washable, Streak Free Application, Vegan, Cruelty Free</p><p>$20.00</p><a href="https://www.amazon.com/dp/B07VBNQ367?tag=eloabder-20&linkCode=osi&th=1&psc=1">View Product</a></div><div class="product"><a href="https://www.amazon.com/dp/B013XJUWC0?tag=eloabder-20&linkCode=osi&th=1&psc=1"><img src="https://m.media-amazon.com/images/I/519iY4n1lHL._SL500_.jpg" alt="Product Image"></a><p>Aesthetica Cosmetics Beauty Sponge Blender - Latex Free and Vegan Makeup Sponge Blender - For Powder, Cream or Liquid Application - One Piece Make Up Sponge</p><p>$3.97</p><a href="https://www.amazon.com/dp/B013XJUWC0?tag=eloabder-20&linkCode=osi&th=1&psc=1">View Product</a></div><div class="product"><a href="https://www.amazon.com/dp/B08T79281H?tag=eloabder-20&linkCode=osi&th=1&psc=1"><img src="https://m.media-amazon.com/images/I/41OyxvePdBL._SL500_.jpg" alt="Product Image"></a><p>DUAIU 4 Pcs Makeup Sponge Set Beauty Sponge Foundation Blending Sponge, Flawless for Liquid, Cream, and Powder, Multi-colored Makeup Sponges with Storage Box</p><p>$4.99 ($1.25 / Count)</p><a href="https://www.amazon.com/dp/B08T79281H?tag=eloabder-20&linkCode=osi&th=1&psc=1">View Product</a></div><div class="product"><a href="https://www.amazon.com/dp/B00EUBPHR6?tag=eloabder-20&linkCode=osi&th=1&psc=1"><img src="https://m.media-amazon.com/images/I/31BZh7Bg7hL._SL500_.jpg" alt="Product Image"></a><p>Real Techniques Miracle Complexion Sponge, Makeup Blending Sponge, For Liquid & Cream Foundation, Offers Light To Medium Coverage, Natural, Dewy Makeup, Orange Sponge, Latex-Free Foam, 1 Count</p><p>$4.57</p><a href="https://www.amazon.com/dp/B00EUBPHR6?tag=eloabder-20&linkCode=osi&th=1&psc=1">View Product</a></div><div class="product"><a href="https://www.amazon.com/dp/B0CL2FKVH2?tag=eloabder-20&linkCode=osi&th=1&psc=1"><img src="https://m.media-amazon.com/images/I/41u81y8DJoL._SL500_.jpg" alt="Product Image"></a><p>14 Pcs Makeup Sponge Set,Beauty Sponges Blender with 4 Pcs Powder Puff and 4 Pcs Mini Make up Sponges Valentine's Day Gift,Mother's Day Gift for Women Liquid,Foundation,Powder,Concealer,Cream(Pink)</p><p>$8.99 ($0.64 / Count)</p><a href="https://www.amazon.com/dp/B0CL2FKVH2?tag=eloabder-20&linkCode=osi&th=1&psc=1">View Product</a></div><div class="product"><a href="https://www.amazon.com/dp/B0CTX1X4F1?tag=eloabder-20&linkCode=osi&th=1&psc=1"><img src="https://m.media-amazon.com/images/I/31dP1yTUmWL._SL500_.jpg" alt="Product Image"></a><p>GFOUNS 15 pcs Beauty blender Makeup Sponge Bulk:Blender Sponges 15 Pcs for Liquid, Cream, and Powder, Multi-colored Pink make up sponges for foundation</p><p>$5.99</p><a href="https://www.amazon.com/dp/B0CTX1X4F1?tag=eloabder-20&linkCode=osi&th=1&psc=1">View Product</a></div>
<div class="product"><a href="https://www.amazon.com/dp/B010CRFSTI?tag=eloabder-20&linkCode=osi&th=1&psc=1"><img src="https://m.media-amazon.com/images/I/41JQ+znx4gL._SL500_.jpg" alt="Product Image"></a><p>Conair Salon Results Hairbrush Set - Travel Hair Brush - Hairbrushes for All Hair Types - Travel size + Full-size Brush</p><p>$5.88 ($2.94 / Count)</p><a href="https://www.amazon.com/dp/B010CRFSTI?tag=eloabder-20&linkCode=osi&th=1&psc=1">View Product</a></div><div class="product"><a href="https://www.amazon.com/dp/B094DK6JNF?tag=eloabder-20&linkCode=osi&th=1&psc=1"><img src="https://m.media-amazon.com/images/I/31dF+T3k3nL._SL500_.jpg" alt="Product Image"></a><p>Wet Brush Original Detangler Hair Brush, Amazon Exclusive Aqua- Ultra-Soft IntelliFlex Bristles-Detangling Hairbrush Glides Through Tangles For All Hair Types (Wet Dry & Damaged Hair) - Women & Men</p><p>$8.99</p><a href="https://www.amazon.com/dp/B094DK6JNF?tag=eloabder-20&linkCode=osi&th=1&psc=1">View Product</a></div>

<div class="product"><a href="https://www.amazon.com/dp/B07KSQZ4MR?tag=eloabder-20&linkCode=osi&th=1&psc=1"><img src="https://m.media-amazon.com/images/I/31A-mCllrgL._SL500_.jpg" alt="Product Image"></a><p>Hot Tools Pro Artist Black Gold Evolve Ionic Salon Hair Flat Iron | Long-Lasting Finish for Straightening Hair, (1-1/4 in), HT7123BG</p><p>$61.50</p><a href="https://www.amazon.com/dp/B07KSQZ4MR?tag=eloabder-20&linkCode=osi&th=1&psc=1">View Product</a></div>
<div class="product"><a href="https://www.amazon.com/dp/B0027SU9JU?tag=eloabder-20&linkCode=osi&th=1&psc=1"><img src="https://m.media-amazon.com/images/I/31rfzenB9mL._SL500_.jpg" alt="Product Image"></a><p>REVLON Turbo Hair Dryer with Advanced Ionic Technology, Ceramic Coating | Turbo Heat and Cold Shot Features, 1875 Watts for Fast Drying and Shine (Silver)</p><p>$19.99</p><a href="https://www.amazon.com/dp/B0027SU9JU?tag=eloabder-20&linkCode=osi&th=1&psc=1">View Product</a></div>

<div class="product"><a href="https://www.amazon.com/dp/B07PBXXNCY?tag=eloabder-20&linkCode=osi&th=1&psc=1"><img src="https://m.media-amazon.com/images/I/31OVxUr+bUL._SL500_.jpg" alt="Product Image"></a><p>Clean Skin Club Clean Towels XL™, 100% USDA Biobased Face Towel, Disposable Face Towelette, Makeup Remover Dry Wipes, Ultra Soft, 50 Ct, 1 Pack</p><p>$17.95 ($0.36 / Count)</p><a href="https://www.amazon.com/dp/B07PBXXNCY?tag=eloabder-20&linkCode=osi&th=1&psc=1">View Product</a></div><div class="product"><a href="https://www.amazon.com/dp/B01LEJ5MSK?tag=eloabder-20&linkCode=osi&th=1&psc=1"><img src="https://m.media-amazon.com/images/I/418xEMrk6LL._SL500_.jpg" alt="Product Image"></a><p>COSRX Snail Mucin 92% Repair Cream, Daily Face Gel Moisturizer for Dry Skin, Acne-prone, Sensitive Skin, Not Tested on Animals, No Parabens, Korean Skincare (3.52 Fl Oz (Pack of 1))</p><p>$13.99 ($3.97 / Fl Oz)</p><a href="https://www.amazon.com/dp/B01LEJ5MSK?tag=eloabder-20&linkCode=osi&th=1&psc=1">View Product</a></div>
<div class="product"><a href="https://www.amazon.com/dp/B076FHJ3K5?tag=eloabder-20&linkCode=osi&th=1&psc=1"><img src="https://m.media-amazon.com/images/I/31QAqxeYpoL._SL500_.jpg" alt="Product Image"></a><p>Marc Anthony Leave-In Conditioner Spray & Detangler, Grow Long Biotin - Anti-Frizz Deep Conditioner For Split Ends & Breakage - Vitamin E, Caffeine & Ginseng for Curly, Dry & Damaged Hair</p><p>$7.67 ($0.91 / Fl Oz)</p><a href="https://www.amazon.com/dp/B076FHJ3K5?tag=eloabder-20&linkCode=osi&th=1&psc=1">View Product</a></div><div class="product"><a href="https://www.amazon.com/dp/B0B941W753?tag=eloabder-20&linkCode=osi&th=1&psc=1"><img src="https://m.media-amazon.com/images/I/3154MYZlHiL._SL500_.jpg" alt="Product Image"></a><p>MONDAY HAIRCARE Volume Shampoo + Conditioner Set (2 Pack) 12oz Each for Thin, Fine, and Oily Hair, Made from Coconut Oil, Ginger Extract, & Vitamin E, 100% Recyclable Bottles</p><p>$13.99 ($0.58 / Fl Oz)</p><a href="https://www.amazon.com/dp/B0B941W753?tag=eloabder-20&linkCode=osi&th=1&psc=1">View Product</a></div><div class="product"><a href="https://www.amazon.com/dp/B0CS29PK2J?tag=eloabder-20&linkCode=osi&th=1&psc=1"><img src="https://m.media-amazon.com/images/I/315FU9SHGsL._SL500_.jpg" alt="Product Image"></a><p>Monday Moisture Leave-in Conditioner 5 Oz</p><p>$5.41 ($1.08 / Fl Oz)</p><a href="https://www.amazon.com/dp/B0CS29PK2J?tag=eloabder-20&linkCode=osi&th=1&psc=1">View Product</a></div><div class="product"><a href="https://www.amazon.com/dp/B0B941XTDZ?tag=eloabder-20&linkCode=osi&th=1&psc=1"><img src="https://m.media-amazon.com/images/I/41eavjiNYyL._SL500_.jpg" alt="Product Image"></a><p>MONDAY HAIRCARE Moisture Shampoo + Conditioner Set for Dry, Coarse, Stressed, Coily & Curly Hair, Made from Coconut Oil, Rice Protein, Shea Butter, & Vitamin E, All-Natural, 12 Fl Oz (Pack of 2)</p><p>$13.99 ($0.58 / Fl Oz)</p><a href="https://www.amazon.com/dp/B0B941XTDZ?tag=eloabder-20&linkCode=osi&th=1&psc=1">View Product</a></div><div class="product"><a href="https://www.amazon.com/dp/B07N7PK9QK?tag=eloabder-20&linkCode=osi&th=1&psc=1"><img src="https://m.media-amazon.com/images/I/416K3ahcJsL._SL500_.jpg" alt="Product Image"></a><p>Mielle Organics Rosemary Mint Scalp & Hair Strengthening Oil for All Hair Types, 2 Ounce</p><p>$9.50 ($4.75 / Fl Oz)</p><a href="https://www.amazon.com/dp/B07N7PK9QK?tag=eloabder-20&linkCode=osi&th=1&psc=1">View Product</a></div><div class="product"><a href="https://www.amazon.com/dp/B005PV0FDG?tag=eloabder-20&linkCode=osi&th=1&psc=1"><img src="https://m.media-amazon.com/images/I/310l+q4ImxL._SL500_.jpg" alt="Product Image"></a><p>It's a 10 Haircare Miracle Leave-In product, 10 fl. oz.</p><p>$27.98 ($2.80 / Fl Oz)</p><a href="https://www.amazon.com/dp/B005PV0FDG?tag=eloabder-20&linkCode=osi&th=1&psc=1">View Product</a></div><div class="product"><a href="https://www.amazon.com/dp/B0C3K3XX95?tag=eloabder-20&linkCode=osi&th=1&psc=1"><img src="https://m.media-amazon.com/images/I/41+CLmIGVIL._SL500_.jpg" alt="Product Image"></a><p>MONDAY HAIRCARE Repair Shampoo and Conditioner Set 12oz for Dry to Damaged Hair, Made with Keratin, Coconut Oil, Shea Butter and Vitamin E</p><p>$13.99 ($0.58 / Fl Oz)</p><a href="https://www.amazon.com/dp/B0C3K3XX95?tag=eloabder-20&linkCode=osi&th=1&psc=1">View Product</a></div>
<div class="product"><a href="https://www.amazon.com/dp/B09F5L7756?tag=eloabder-20&linkCode=osi&th=1&psc=1"><img src="https://m.media-amazon.com/images/I/61qJVRNSjFL._SL500_.jpg" alt="Product Image"></a><p>Vaseline Intensive Care Cocoa Radiant For Glowing Skin 3 Count Body Gel Oil Body Oil Made with 100% Pure Cocoa Butter + Replenishing Oils 6.8oz</p><p>$19.44 ($0.95 / Fl Oz)</p><a href="https://www.amazon.com/dp/B09F5L7756?tag=eloabder-20&linkCode=osi&th=1&psc=1">View Product</a></div><div class="product"><a href="https://www.amazon.com/dp/B08T4FLJQZ?tag=eloabder-20&linkCode=osi&th=1&psc=1"><img src="https://m.media-amazon.com/images/I/317LIpGPZiL._SL500_.jpg" alt="Product Image"></a><p>Dove Scrub Brown Sugar & Coconut Butter For Silky Smooth Skin Body Scrub Exfoliates & Restores Skin's Natural Nutrients 10.5 oz</p><p>$6.97 ($0.66 / Ounce)</p><a href="https://www.amazon.com/dp/B08T4FLJQZ?tag=eloabder-20&linkCode=osi&th=1&psc=1">View Product</a></div><div class="product"><a href="https://www.amazon.com/dp/B0CNKZW8HL?tag=eloabder-20&linkCode=osi&th=1&psc=1"><img src="https://m.media-amazon.com/images/I/61vGHE3wEWL._SL500_.jpg" alt="Product Image"></a><p>Dove Men+Care Body Wash Sandalwood + Cardamom Oil to Rebuild Skin in the Shower with Plant-Based Cleansers and Moisturizers 26 oz</p><p>$9.97 ($0.38 / Fl Oz)</p><a href="https://www.amazon.com/dp/B0CNKZW8HL?tag=eloabder-20&linkCode=osi&th=1&psc=1">View Product</a></div><div class="product"><a href="https://www.amazon.com/dp/B089NCFBQZ?tag=eloabder-20&linkCode=osi&th=1&psc=1"><img src="https://m.media-amazon.com/images/I/41WGBM4YipL._SL500_.jpg" alt="Product Image"></a><p>Vaseline Illuminate Me Shimmering Body Oil Created for Melanin Rich Skin, Illuminates Skin with Finishing Touch of Shimmer for Glowing Skin 3.3 oz</p><p>$8.75 ($2.65 / Fl Oz)</p><a href="https://www.amazon.com/dp/B089NCFBQZ?tag=eloabder-20&linkCode=osi&th=1&psc=1">View Product</a></div><div class="product"><a href="https://www.amazon.com/dp/B0CNL19TQG?tag=eloabder-20&linkCode=osi&th=1&psc=1"><img src="https://m.media-amazon.com/images/I/61kqkkFXOkL._SL500_.jpg" alt="Product Image"></a><p>Dove Men+Care Body Wash Eucalyptus + Cedar Oil to Rebuild Skin in the Shower with Plant-Based Cleansers and Moisturizers 26 oz</p><p>$9.99 ($0.38 / Fl Oz)</p><a href="https://www.amazon.com/dp/B0CNL19TQG?tag=eloabder-20&linkCode=osi&th=1&psc=1">View Product</a></div><div class="product"><a href="https://www.amazon.com/dp/B07HMDGJCJ?tag=eloabder-20&linkCode=osi&th=1&psc=1"><img src="https://m.media-amazon.com/images/I/31TuC5EJeNL._SL500_.jpg" alt="Product Image"></a><p>SOL DE JANEIRO 4 Play Moisturizing Shower Cream Gel Body Wash 90mL</p><p>$10.00 ($3.33 / Fl Oz)</p><a href="https://www.amazon.com/dp/B07HMDGJCJ?tag=eloabder-20&linkCode=osi&th=1&psc=1">View Product</a></div>
<div class="product"><a href="https://www.amazon.com/dp/B00HVI8WYU?tag=eloabder-20&linkCode=osi&th=1&psc=1"><img src="https://m.media-amazon.com/images/I/31educzzSsL._SL500_.jpg" alt="Product Image"></a><p>e.l.f. Hydrating Face Primer, Makeup Primer For Flawless, Smooth Skin & Long-Lasting Makeup, Fills In Pores & Fine Lines, Vegan & Cruelty-free, Small</p><p>$8.00</p><a href="https://www.amazon.com/dp/B00HVI8WYU?tag=eloabder-20&linkCode=osi&th=1&psc=1">View Product</a></div><div class="product"><a href="https://www.amazon.com/dp/B088W7L534?tag=eloabder-20&linkCode=osi&th=1&psc=1"><img src="https://m.media-amazon.com/images/I/31A5rZUAKyL._SL500_.jpg" alt="Product Image"></a><p>e.l.f. Monochromatic Multi Stick, Luxuriously Creamy & Blendable Color, For Eyes, Lips & Cheeks, Dazzling Peony, 0.17 oz (5 g)</p><p>$5.00</p><a href="https://www.amazon.com/dp/B088W7L534?tag=eloabder-20&linkCode=osi&th=1&psc=1">View Product</a></div><div class="product"><a href="https://www.amazon.com/dp/B0CMJZ8G6Y?tag=eloabder-20&linkCode=osi&th=1&psc=1"><img src="https://m.media-amazon.com/images/I/31KdGu0F8vL._SL500_.jpg" alt="Product Image"></a><p>e.l.f. Glow Reviver Lip Oil, Nourishing Tinted Lip Oil For A High-shine Finish, Infused With Jojoba Oil, Vegan & Cruelty-free, Rose Envy</p><p>$8.00</p><a href="https://www.amazon.com/dp/B0CMJZ8G6Y?tag=eloabder-20&linkCode=osi&th=1&psc=1">View Product</a></div><div class="product"><a href="https://www.amazon.com/dp/B08H3JPH74?tag=eloabder-20&linkCode=osi&th=1&psc=1"><img src="https://m.media-amazon.com/images/I/31hf532TEHL._SL500_.jpg" alt="Product Image"></a><p>Maybelline Lash Sensational Sky High Washable Mascara Makeup, Volumizing, Lengthening, Defining, Curling, Multiplying, Buildable Formula, Blackest Black, 1 Count</p><p>$9.98</p><a href="https://www.amazon.com/dp/B08H3JPH74?tag=eloabder-20&linkCode=osi&th=1&psc=1">View Product</a></div>
<div class="product"><a href="https://www.amazon.com/dp/B09C8VNWBP?tag=eloabder-20&linkCode=osi&th=1&psc=1"><img src="https://m.media-amazon.com/images/I/31ObnTRpJ5L._SL500_.jpg" alt="Product Image"></a><p>Lattafa Yara for Women Eau de Parfum Spray, 3.40 Ounce / 100 ml</p><p>$22.77 ($6.70 / Fl Oz)</p><a href="https://www.amazon.com/dp/B09C8VNWBP?tag=eloabder-20&linkCode=osi&th=1&psc=1">View Product</a></div><div class="product"><a href="https://www.amazon.com/dp/B000E7WHCI?tag=eloabder-20&linkCode=osi&th=1&psc=1"><img src="https://m.media-amazon.com/images/I/31V1XkKkWXL._SL500_.jpg" alt="Product Image"></a><p>Vera Wang Eau de Parfum for Women - Delicate, Floral Scent - Notes of Iris, Lillies, & Sandalwood - Feminine & Subtle - 3.4 Fl Oz</p><p>$26.47 ($7.79 / Fl Oz)</p><a href="https://www.amazon.com/dp/B000E7WHCI?tag=eloabder-20&linkCode=osi&th=1&psc=1">View Product</a></div><div class="product"><a href="https://www.amazon.com/dp/B0B1HB719V?tag=eloabder-20&linkCode=osi&th=1&psc=1"><img src="https://m.media-amazon.com/images/I/31R9CfuokSL._SL500_.jpg" alt="Product Image"></a><p>Sol de Janeiro Cheirosa '68 Hair & Body Fragrance Mist 90mL/3.0 fl oz.</p><p>$24.00 ($8.00 / Fl Oz)</p><a href="https://www.amazon.com/dp/B0B1HB719V?tag=eloabder-20&linkCode=osi&th=1&psc=1">View Product</a></div><div class="product"><a href="https://www.amazon.com/dp/B01KYRUBT8?tag=eloabder-20&linkCode=osi&th=1&psc=1"><img src="https://m.media-amazon.com/images/I/41BYbHm20iL._SL500_.jpg" alt="Product Image"></a><p>Al-Rehab Choco Musk Eau de Parfum Spray for Women, 1.7 Ounce</p><p>$7.80 ($4.59 / Fl Oz)</p><a href="https://www.amazon.com/dp/B01KYRUBT8?tag=eloabder-20&linkCode=osi&th=1&psc=1">View Product</a></div><div class="product"><a href="https://www.amazon.com/dp/B07NJJZK3W?tag=eloabder-20&linkCode=osi&th=1&psc=1"><img src="https://m.media-amazon.com/images/I/41YNfQAjjLL._SL500_.jpg" alt="Product Image"></a><p>Swiss Arabian Layali Rouge - Luxury Products From Dubai - Lasting And Addictive Personal Perfume Oil Fragrance - A Seductive, Signature Aroma - The Luxurious Scent Of Arabia - 0.5 Oz</p><p>$23.48 ($46.96 / Fl Oz)</p><a href="https://www.amazon.com/dp/B07NJJZK3W?tag=eloabder-20&linkCode=osi&th=1&psc=1">View Product</a></div><div class="product"><a href="https://www.amazon.com/dp/B000JL7WQK?tag=eloabder-20&linkCode=osi&th=1&psc=1"><img src="https://m.media-amazon.com/images/I/41WJsYdkRbL._SL500_.jpg" alt="Product Image"></a><p>Vera Wang Princess Eau de Toilette Spray for Women, Vanilla, 3.4 Fl Ounce</p><p>$25.49 ($7.50 / Fl Oz)</p><a href="https://www.amazon.com/dp/B000JL7WQK?tag=eloabder-20&linkCode=osi&th=1&psc=1">View Product</a></div><div class="product"><a href="https://www.amazon.com/dp/B000C1Z5AW?tag=eloabder-20&linkCode=osi&th=1&psc=1"><img src="https://m.media-amazon.com/images/I/31pCnWTh3yL._SL500_.jpg" alt="Product Image"></a><p>Pleasures By Estee Lauder For Women. Eau De Parfum Spray 3.4 Ounces</p><p>$35.00 ($10.29 / Fl Oz)</p><a href="https://www.amazon.com/dp/B000C1Z5AW?tag=eloabder-20&linkCode=osi&th=1&psc=1">View Product</a></div><div class="product"><a href="https://www.amazon.com/dp/B000P22TIY?tag=eloabder-20&linkCode=osi&th=1&psc=1"><img src="https://m.media-amazon.com/images/I/31h9AoIGn3L._SL500_.jpg" alt="Product Image"></a><p>Nautica Voyage Eau De Toilette for Men - Fresh, Romantic, Fruity Scent Woody, Aquatic Notes of Apple, Water Lotus, Cedarwood, and Musk Ideal Day Wear 3.3 Fl Oz</p><p>$18.90 ($5.73 / Fl Oz)</p><a href="https://www.amazon.com/dp/B000P22TIY?tag=eloabder-20&linkCode=osi&th=1&psc=1">View Product</a></div><div class="product"><a href="https://www.amazon.com/dp/B00GZP041Y?tag=eloabder-20&linkCode=osi&th=1&psc=1"><img src="https://m.media-amazon.com/images/I/41-2Bb4gj+L._SL500_.jpg" alt="Product Image"></a><p>Versace Bright Crystal Absolu Eau de Perfume Spray, 3.0 Ounce</p><p>$52.67 ($17.56 / Fl Oz)</p><a href="https://www.amazon.com/dp/B00GZP041Y?tag=eloabder-20&linkCode=osi&th=1&psc=1">View Product</a></div>





<div class="product"><a href="https://www.amazon.com/dp/B0B2RM68G2?tag=eloabder-20&linkCode=osi&th=1&psc=1"><img src="https://m.media-amazon.com/images/I/41VafG53fjL._SL500_.jpg" alt="Product Image"></a><p>BIODANCE Bio-Collagen Real Deep Mask, Hydrating Overnight Hydrogel Mask, Pore Minimizing, Elasticity Improvement, 34g x4ea</p><p>$19.00 ($4.75 / Count)</p><a href="https://www.amazon.com/dp/B0B2RM68G2?tag=eloabder-20&linkCode=osi&th=1&psc=1">View Product</a></div><div class="product"><a href="https://www.amazon.com/dp/B00BAM7F8C?tag=eloabder-20&linkCode=osi&th=1&psc=1"><img src="https://m.media-amazon.com/images/I/51jsS9SDHeL._SL500_.jpg" alt="Product Image"></a><p>DERMAL 16 Combo Pack A Collagen Essencce Korean Face Mask - Hydrating & Soothing Facial Mask with Panthenol - Hypoallergenic Self Care Sheet Mask for All Skin Types - Natural Home Spa Treatment Masks</p><p>$11.99</p><a href="https://www.amazon.com/dp/B00BAM7F8C?tag=eloabder-20&linkCode=osi&th=1&psc=1">View Product</a></div><div class="product"><a href="https://www.amazon.com/dp/B07FPJHPX1?tag=eloabder-20&linkCode=osi&th=1&psc=1"><img src="https://m.media-amazon.com/images/I/51uNOnTpxTL._SL500_.jpg" alt="Product Image"></a><p>Celavi Essence Facial Sheet Face Mask Variety Set Classic Authentic Korean Moisturizing Skincare (12-Packs)</p><p>$9.40 ($0.78 / Count)</p><a href="https://www.amazon.com/dp/B07FPJHPX1?tag=eloabder-20&linkCode=osi&th=1&psc=1">View Product</a></div><div class="product"><a href="https://www.amazon.com/dp/B0722LVW3B?tag=eloabder-20&linkCode=osi&th=1&psc=1"><img src="https://m.media-amazon.com/images/I/51Vm0lozSIL._SL500_.jpg" alt="Product Image"></a><p>DERMAL 24 Combo Pack A Collagen Essence Korean Face Mask - Hydrating & Soothing Facial Mask with Panthenol - Hypoallergenic Self Care Sheet Mask for All Skin Types - Natural Home Spa Treatment Mask</p><p>$16.99 ($0.71 / Count)</p><a href="https://www.amazon.com/dp/B0722LVW3B?tag=eloabder-20&linkCode=osi&th=1&psc=1">View Product</a></div><div class="product"><a href="https://www.amazon.com/dp/B0D7LXSSS5?tag=eloabder-20&linkCode=osi&th=1&psc=1"><img src="https://m.media-amazon.com/images/I/41N5HKnGTtL._SL500_.jpg" alt="Product Image"></a><p>SOYUB Collagen Face Mask - Hydrating Overnight Collagen Face Mask Deep Collagen Anti Wrinkle Lifting Mask - Pure Collagen Films for Improve Elasticity Firming And Moisturizing (4pcs/1 Box)</p><p>$13.79 ($3.45 / Count)</p><a href="https://www.amazon.com/dp/B0D7LXSSS5?tag=eloabder-20&linkCode=osi&th=1&psc=1">View Product</a></div><div class="product"><a href="https://www.amazon.com/dp/B007CY2C76?tag=eloabder-20&linkCode=osi&th=1&psc=1"><img src="https://m.media-amazon.com/images/I/31-131ZWvEL._SL500_.jpg" alt="Product Image"></a><p>Freeman Dead Sea Minerals Anti-Stress Clay Facial Mask, Hydrating & Clarifying, Clears Pores, Face Mask With Lavender & Bergamot For Radiant Skin, For All Skin Types, 6 fl. oz./175 mL Tube, 1 Count</p><p>$3.86 ($0.64 / Ounce)</p><a href="https://www.amazon.com/dp/B007CY2C76?tag=eloabder-20&linkCode=osi&th=1&psc=1">View Product</a></div>



<div class="product"><a href="https://www.amazon.com/dp/B0CZXG68J4?tag=eloabder-20&linkCode=osi&th=1&psc=1"><img src="https://m.media-amazon.com/images/I/41Xkis0092L._SL500_.jpg" alt="Product Image"></a><p>CNP Honey Lip Butter (0.5 fl.oz / 15ml) - Propolis Lipcerin™, Hydrating Overnight Manuka Lip Balm & Mask, 12hrs Long-lasting Moisture, Gentle Exfoliation, Hygienic Twist Dispenser, Korean Skin Care</p><p>$17.80 ($35.60 / Fl Oz)</p><a href="https://www.amazon.com/dp/B0CZXG68J4?tag=eloabder-20&linkCode=osi&th=1&psc=1">View Product</a></div><div class="product"><a href="https://www.amazon.com/dp/B08GJH4RZV?tag=eloabder-20&linkCode=osi&th=1&psc=1"><img src="https://m.media-amazon.com/images/I/41PXqEpAI1L._SL500_.jpg" alt="Product Image"></a><p>2PCS Lip Mask Overnight, Honey&Sakura Day and Night Repair Sleeping Lip Balm, Fade Lip Lines Bee Balm, Hydrating &Prevention Dry and Crack Lip Scrubs Exfoliator</p><p>$6.49</p><a href="https://www.amazon.com/dp/B08GJH4RZV?tag=eloabder-20&linkCode=osi&th=1&psc=1">View Product</a></div><div class="product"><a href="https://www.amazon.com/dp/B07XXPHQZK?tag=eloabder-20&linkCode=osi&th=1&psc=1"><img src="https://m.media-amazon.com/images/I/31mJBoxFgQL._SL500_.jpg" alt="Product Image"></a><p>LANEIGE Lip Sleeping Mask Berry: Nourish, Hydrate, Vitamin C, Murumuru & Shea Butter, Antioxidants, Flaky, Dry Lips</p><p>$24.00 ($34.29 / Ounce)</p><a href="https://www.amazon.com/dp/B07XXPHQZK?tag=eloabder-20&linkCode=osi&th=1&psc=1">View Product</a></div><div class="product"><a href="https://www.amazon.com/dp/B07Y91BMSK?tag=eloabder-20&linkCode=osi&th=1&psc=1"><img src="https://m.media-amazon.com/images/I/51P5ul4ewsL._SL500_.jpg" alt="Product Image"></a><p>NIVEA Lip Care, Fruity Tinted Lip Balm Variety Pack, Includes Cherry, Strawberry, Blackberry and Watermelon Scents, 0.17 Oz, Pack of 4</p><p>$9.69</p><a href="https://www.amazon.com/dp/B07Y91BMSK?tag=eloabder-20&linkCode=osi&th=1&psc=1">View Product</a></div><div class="product"><a href="https://www.amazon.com/dp/B082JJ4D98?tag=eloabder-20&linkCode=osi&th=1&psc=1"><img src="https://m.media-amazon.com/images/I/41zIrQdHI5L._SL500_.jpg" alt="Product Image"></a><p>NIVEA Smoothness Lip Care, Lip Balm SPF 15, Mineral Oil Free Lip Moisturizer with Shea Butter, Jojoba Oil and Avocado Oil, 0.17 Oz, Pack of 4</p><p>$8.40</p><a href="https://www.amazon.com/dp/B082JJ4D98?tag=eloabder-20&linkCode=osi&th=1&psc=1">View Product</a></div><div class="product"><a href="https://www.amazon.com/dp/B07MBHRYTJ?tag=eloabder-20&linkCode=osi&th=1&psc=1"><img src="https://m.media-amazon.com/images/I/410u8zP2pDL._SL500_.jpg" alt="Product Image"></a><p>Palmer's Coconut Oil Formula Lip Balm Duo, All-Day Moisturization, Lip Balm Easter Basket Stuffers, Hydrates Dry, Cracked Lips (Pack of 2)</p><p>$3.10 ($1.94 / Ounce)</p><a href="https://www.amazon.com/dp/B07MBHRYTJ?tag=eloabder-20&linkCode=osi&th=1&psc=1">View Product</a></div><div class="product"><a href="https://www.amazon.com/dp/B07YG8YVQW?tag=eloabder-20&linkCode=osi&th=1&psc=1"><img src="https://m.media-amazon.com/images/I/41tKxZOfwPL._SL500_.jpg" alt="Product Image"></a><p>NIVEA Moisture Lip Care, Lip Balm Stick with Shea Butter, Jojoba Oil and Avocado Oil, 0.17 Oz, Pack of 4</p><p>$9.98</p><a href="https://www.amazon.com/dp/B07YG8YVQW?tag=eloabder-20&linkCode=osi&th=1&psc=1">View Product</a></div><div class="product"><a href="https://www.amazon.com/dp/B08C8WMPMR?tag=eloabder-20&linkCode=osi&th=1&psc=1"><img src="https://m.media-amazon.com/images/I/410NuIkftlL._SL500_.jpg" alt="Product Image"></a><p>eos Medicated Lip Balm - The Fixer | Lip Care to Repair and Protect Chapped and Dry Lips | Instant Cooling and Pain Relief with Natural Ingredients | 0.35 oz</p><p>$3.97 ($11.34 / Fl Oz)</p><a href="https://www.amazon.com/dp/B08C8WMPMR?tag=eloabder-20&linkCode=osi&th=1&psc=1">View Product</a></div>




<div class="product"><a href="https://www.amazon.com/dp/B002CMLS50?tag=eloabder-20&linkCode=osi&th=1&psc=1"><img src="https://m.media-amazon.com/images/I/314ruNgESmL._SL500_.jpg" alt="Product Image"></a><p>Moroccanoil Hydrating Styling Cream, 10.2 Fl. Oz.</p><p>$36.00 ($3.53 / Fl Oz)</p><a href="https://www.amazon.com/dp/B002CMLS50?tag=eloabder-20&linkCode=osi&th=1&psc=1">View Product</a></div><div class="product"><a href="https://www.amazon.com/dp/B0050N4DLE?tag=eloabder-20&linkCode=osi&th=1&psc=1"><img src="https://m.media-amazon.com/images/I/31-lmMmL35L._SL500_.jpg" alt="Product Image"></a><p>Garnier Fructis Style Pure Clean Styling Gel 6.8 Fl Oz, 1 Count, (Packaging May Vary)</p><p>$4.49 ($0.66 / Fl Oz)</p><a href="https://www.amazon.com/dp/B0050N4DLE?tag=eloabder-20&linkCode=osi&th=1&psc=1">View Product</a></div><div class="product"><a href="https://www.amazon.com/dp/B07KB39L6L?tag=eloabder-20&linkCode=osi&th=1&psc=1"><img src="https://m.media-amazon.com/images/I/51U76BCUc5L._SL500_.jpg" alt="Product Image"></a><p>Hair Dough Styling Clay For Men, Matte Finish Molding Hair Wax Paste Quiff, Strong Hold Without The Shine</p><p>$18.99 ($5.43 / Ounce)</p><a href="https://www.amazon.com/dp/B07KB39L6L?tag=eloabder-20&linkCode=osi&th=1&psc=1">View Product</a></div><div class="product"><a href="https://www.amazon.com/dp/B0914XZT2W?tag=eloabder-20&linkCode=osi&th=1&psc=1"><img src="https://m.media-amazon.com/images/I/417h8kM6cCL._SL500_.jpg" alt="Product Image"></a><p>Samnyte Hair Wax Stick, Wax Stick for Hair Slick Stick, Hair Wax Stick for Women Kids, Hair Gel Stick for Girls Hair Accessories for Women Fly away Hair Tamer, Hair Bun Maker for Kids Styling Cream</p><p>$7.99 ($2.96 / Fl Oz)</p><a href="https://www.amazon.com/dp/B0914XZT2W?tag=eloabder-20&linkCode=osi&th=1&psc=1">View Product</a></div>



<div class="product"><a href="https://www.amazon.com/dp/B08GSTPT8Y?tag=eloabder-20&linkCode=osi&th=1&psc=1"><img src="https://m.media-amazon.com/images/I/41sX+hKcbML._SL500_.jpg" alt="Product Image"></a><p>AOA Studio Collection makeup Sponge Set Latex Free and High-definition Set of 6 makeup Wonder blender For Powder Cream and Liquid, Super Soft Wonder Beauty Cosmetic</p><p>$9.95 ($1.66 / Count)</p><a href="https://www.amazon.com/dp/B08GSTPT8Y?tag=eloabder-20&linkCode=osi&th=1&psc=1">View Product</a></div><div class="product"><a href="https://www.amazon.com/dp/B0CJFFR574?tag=eloabder-20&linkCode=osi&th=1&psc=1"><img src="https://m.media-amazon.com/images/I/41nkQ05yLcL._SL500_.jpg" alt="Product Image"></a><p>SUNGBOON EDITOR Deep Collagen Overnight Mask 37gx4ea | The real collagen 2,160,000ppb | Facial Hydrogel Masks with low molecular weight collagen for elasticity, firming, and moisturizing</p><p>$19.00 ($4.75 / Count)</p><a href="https://www.amazon.com/dp/B0CJFFR574?tag=eloabder-20&linkCode=osi&th=1&psc=1">View Product</a></div><div class="product"><a href="https://www.amazon.com/dp/B0B45LL4DD?tag=eloabder-20&linkCode=osi&th=1&psc=1"><img src="https://m.media-amazon.com/images/I/31ZNIWikbtL._SL500_.jpg" alt="Product Image"></a><p>Beauty of Joseon Revive Eye Serum with Retinal Niacinamide Correction for Puffy Eye Bags Fine Lines Dark Circles Wrinkles, Korean Skin Care 30ml, 1 fl.oz</p><p>$14.50 ($14.50 / Fl Oz)</p><a href="https://www.amazon.com/dp/B0B45LL4DD?tag=eloabder-20&linkCode=osi&th=1&psc=1">View Product</a></div><div class="product"><a href="https://www.amazon.com/dp/B0C4H1GPG1?tag=eloabder-20&linkCode=osi&th=1&psc=1"><img src="https://m.media-amazon.com/images/I/41jyzyKyY2L._SL500_.jpg" alt="Product Image"></a><p>BEAKEY Latex Free Blender Makeup Sponge for Blending, Pink Makeup Sponge Set, Soft Beauty Sponge, for Flawless Application of Liquid, Cream, and Powder Cosmetics, Pink Makeup Gifts</p><p>$6.99 ($1.40 / Count)</p><a href="https://www.amazon.com/dp/B0C4H1GPG1?tag=eloabder-20&linkCode=osi&th=1&psc=1">View Product</a></div><div class="product"><a href="https://www.amazon.com/dp/B00QPNVC0I?tag=eloabder-20&linkCode=osi&th=1&psc=1"><img src="https://m.media-amazon.com/images/I/31wV3gYUEpL._SL500_.jpg" alt="Product Image"></a><p>Real Techniques Miracle Complexion Sponge Set Duo, 2 Makeup Sponges For Liquid & Cream Makeup, Makeup Blender Sponge For Buildable Coverage, Foundation Sponge For Natural, Dewy Base, Latex-Free Foam</p><p>$7.69 ($3.84 / Count)</p><a href="https://www.amazon.com/dp/B00QPNVC0I?tag=eloabder-20&linkCode=osi&th=1&psc=1">View Product</a></div><div class="product"><a href="https://www.amazon.com/dp/B0CZYJYX4Q?tag=eloabder-20&linkCode=osi&th=1&psc=1"><img src="https://m.media-amazon.com/images/I/31hNatkE-9L._SL500_.jpg" alt="Product Image"></a><p>LANEIGE Lip Glowy Balm Mango: Hydrate, Glossy, Lightweight, Moisturize & Tint with Shea Butter</p><p>$19.00 ($54.29 / Ounce)</p><a href="https://www.amazon.com/dp/B0CZYJYX4Q?tag=eloabder-20&linkCode=osi&th=1&psc=1">View Product</a></div><div class="product"><a href="https://www.amazon.com/dp/B0CXQR14J3?tag=eloabder-20&linkCode=osi&th=1&psc=1"><img src="https://m.media-amazon.com/images/I/31RRaB6c+JL._SL500_.jpg" alt="Product Image"></a><p>e.l.f. Power Grip Dewy Setting Spray, Ultra Fine Mist Made With Hyaluronic Acid, Grips Makeup For A Hydrated, Dewy Finish, Vegan & Cruelty-Free</p><p>$10.00 ($3.70 / Fl Oz)</p><a href="https://www.amazon.com/dp/B0CXQR14J3?tag=eloabder-20&linkCode=osi&th=1&psc=1">View Product</a></div>
<div class="product"><a href="https://www.amazon.com/dp/B0057X7S7I?tag=eloabder-20&linkCode=osi&th=1&psc=1"><img src="https://m.media-amazon.com/images/I/31EGxy1hPjL._SL500_.jpg" alt="Product Image"></a><p>Rimmel Stay Glossy Lip Gloss - Non-Sticky and Lightweight Formula for Lip Color and Shine - 120 Non-Stop Glamour, .18oz</p><p>$3.97</p><a href="https://www.amazon.com/dp/B0057X7S7I?tag=eloabder-20&linkCode=osi&th=1&psc=1">View Product</a></div><div class="product"><a href="https://www.amazon.com/dp/B07MWTH3BY?tag=eloabder-20&linkCode=osi&th=1&psc=1"><img src="https://m.media-amazon.com/images/I/31xb-X48IBL._SL500_.jpg" alt="Product Image"></a><p>e.l.f. Monochromatic Multi Stick, Luxuriously Creamy & Blendable Color, For Eyes, Lips & Cheeks, Glistening Peach, 0.17 oz (5g)</p><p>$5.00</p><a href="https://www.amazon.com/dp/B07MWTH3BY?tag=eloabder-20&linkCode=osi&th=1&psc=1">View Product</a></div><div class="product"><a href="https://www.amazon.com/dp/B0CPFXMMBH?tag=eloabder-20&linkCode=osi&th=1&psc=1"><img src="https://m.media-amazon.com/images/I/21poCyHDdxL._SL500_.jpg" alt="Product Image"></a><p>e.l.f. Instant Lift Waterproof Brow Pencil, Long-Lasting Eyebrow Pencil For Grooming & Shaping Eyebrows, Vegan & Cruelty-free, Taupe</p><p>$3.00</p><a href="https://www.amazon.com/dp/B0CPFXMMBH?tag=eloabder-20&linkCode=osi&th=1&psc=1">View Product</a></div><div class="product"><a href="https://www.amazon.com/dp/B082YQ4QWW?tag=eloabder-20&linkCode=osi&th=1&psc=1"><img src="https://m.media-amazon.com/images/I/31S+aqgvx6L._SL500_.jpg" alt="Product Image"></a><p>wet n wild Mega Last High-Shine Lipstick Lip Color, Infused with Seed Oils For a Nourishing High-Shine, Buildable & Blendable Creamy Color, Cruelty-Free & Vegan - Pinky Ring</p><p>$2.28</p><a href="https://www.amazon.com/dp/B082YQ4QWW?tag=eloabder-20&linkCode=osi&th=1&psc=1">View Product</a></div><div class="product"><a href="https://www.amazon.com/dp/B0BDD7D34M?tag=eloabder-20&linkCode=osi&th=1&psc=1"><img src="https://m.media-amazon.com/images/I/51O5AVRXcUL._SL500_.jpg" alt="Product Image"></a><p>Maskiss 24k Gold Under Eye Patches (25 Pairs), eye mask, Collagen Skin Care Products, Eye Patches for Puffy Eyes, eye masks for dark circles and puffiness</p><p>$14.99 ($0.60 / Count)</p><a href="https://www.amazon.com/dp/B0BDD7D34M?tag=eloabder-20&linkCode=osi&th=1&psc=1">View Product</a></div><div class="product"><a href="https://www.amazon.com/dp/B004BCXEF6?tag=eloabder-20&linkCode=osi&th=1&psc=1"><img src="https://m.media-amazon.com/images/I/31t3gAw-N7L._SL500_.jpg" alt="Product Image"></a><p>L’Oreal Paris Makeup Voluminous Original Volume Building Waterproof Mascara, Carbon Black, 0.23 Fl Oz</p><p>$8.98</p><a href="https://www.amazon.com/dp/B004BCXEF6?tag=eloabder-20&linkCode=osi&th=1&psc=1">View Product</a></div>
<div class="product"><a href="https://www.amazon.com/dp/B0BSZ23FTF?tag=eloabder-20&linkCode=osi&th=1&psc=1"><img src="https://m.media-amazon.com/images/I/31GRN7P2p8L._SL500_.jpg" alt="Product Image"></a><p>Bubble Skincare Slam Dunk Face Moisturizer - Hydrating Face Cream for Dry Skin Made with Vitamin E + Aloe Vera Juice for a Glowing Complexion - Skin Care with Blue Light Protection (50ml)</p><p>$14.98 ($8.81 / Ounce)</p><a href="https://www.amazon.com/dp/B0BSZ23FTF?tag=eloabder-20&linkCode=osi&th=1&psc=1">View Product</a></div><div class="product"><a href="https://www.amazon.com/dp/B08T7DSZYD?tag=eloabder-20&linkCode=osi&th=1&psc=1"><img src="https://m.media-amazon.com/images/I/41WwUSxcyGL._SL500_.jpg" alt="Product Image"></a><p>e.l.f. SKIN Hydrated Ever After Skincare Mini Kit, Cleanser, Makeup Remover, Moisturiser & Eye Cream For Hydrating Skin, Airplane-Friendly Sizes</p><p>$19.99</p><a href="https://www.amazon.com/dp/B08T7DSZYD?tag=eloabder-20&linkCode=osi&th=1&psc=1">View Product</a></div><div class="product"><a href="https://www.amazon.com/dp/B0BSYX57T2?tag=eloabder-20&linkCode=osi&th=1&psc=1"><img src="https://m.media-amazon.com/images/I/31ssRlEo5QL._SL500_.jpg" alt="Product Image"></a><p>Bubble Skincare Bounce Back Balancing Facial Toner Mist - Hydrating Toner Spray + Pore Minimizer Made with Sea Water and Niacinamide to Help Improve Texture & Radiance (55ml)</p><p>$12.99 ($7.22 / Fl Oz)</p><a href="https://www.amazon.com/dp/B0BSYX57T2?tag=eloabder-20&linkCode=osi&th=1&psc=1">View Product</a></div><div class="product"><a href="https://www.amazon.com/dp/B000VPPUEA?tag=eloabder-20&linkCode=osi&th=1&psc=1"><img src="https://m.media-amazon.com/images/I/31e4JzjWhkL._SL500_.jpg" alt="Product Image"></a><p>Bio-Oil Skincare Body Oil, Vitamin E, Serum for Scars & Stretchmarks, Face & Body Moisturizer, 2 oz, All Skin Types</p><p>$11.12 ($5.56 / Fl Oz)</p><a href="https://www.amazon.com/dp/B000VPPUEA?tag=eloabder-20&linkCode=osi&th=1&psc=1">View Product</a></div><div class="product"><a href="https://www.amazon.com/dp/B0C2JPBNFX?tag=eloabder-20&linkCode=osi&th=1&psc=1"><img src="https://m.media-amazon.com/images/I/51LF1OXoo0L._SL500_.jpg" alt="Product Image"></a><p>Celavi K-Beauty Skincare Essence Facial Face Mask Korea Skin Care Moisturizing B Set 12 Pack</p><p>$9.99 ($0.83 / Count)</p><a href="https://www.amazon.com/dp/B0C2JPBNFX?tag=eloabder-20&linkCode=osi&th=1&psc=1">View Product</a></div><div class="product"><a href="https://www.amazon.com/dp/B0BSYJYQY2?tag=eloabder-20&linkCode=osi&th=1&psc=1"><img src="https://m.media-amazon.com/images/I/31aQkQwjJYL._SL500_.jpg" alt="Product Image"></a><p>Bubble Skincare Level Up Balancing Face Moisturizer - Hydrating Gel Moisturizer Formulated with Zinc PCA + Niacinamide for Improved Texture & Radiance - Skin Care for Oily or Combination Skin (50ml)</p><p>$14.99 ($8.87 / Fl Oz)</p><a href="https://www.amazon.com/dp/B0BSYJYQY2?tag=eloabder-20&linkCode=osi&th=1&psc=1">View Product</a></div><div class="product"><a href="https://www.amazon.com/dp/B0B826XRPH?tag=eloabder-20&linkCode=osi&th=1&psc=1"><img src="https://m.media-amazon.com/images/I/516nsOEA-mL._SL500_.jpg" alt="Product Image"></a><p>AURUZA Ice Face Roller and Gua Sha Set, Ice Roller for Face & Eye Puffiness Relief Beauty Facial Rollers Mold Icing Massage Skin Care Tools for Brighten Lubricate Shrink Pores Remove Fine Lines</p><p>$5.49</p><a href="https://www.amazon.com/dp/B0B826XRPH?tag=eloabder-20&linkCode=osi&th=1&psc=1">View Product</a></div><div class="product"><a href="https://www.amazon.com/dp/B0BS8Y2FLK?tag=eloabder-20&linkCode=osi&th=1&psc=1"><img src="https://m.media-amazon.com/images/I/41CX-bGjaRL._SL500_.jpg" alt="Product Image"></a><p>PEAUAMIE Under Eye Patches (30 Pairs) Gold Eye Mask and Hyaluronic Acid Eye Patches for puffy eyes,Rose Eye Masks for Dark Circles and Puffiness under eye skin care Smooth Wrinkles products</p><p>$9.99 ($0.33 / Count)</p><a href="https://www.amazon.com/dp/B0BS8Y2FLK?tag=eloabder-20&linkCode=osi&th=1&psc=1">View Product</a></div><div class="product"><a href="https://www.amazon.com/dp/B09NXS395V?tag=eloabder-20&linkCode=osi&th=1&psc=1"><img src="https://m.media-amazon.com/images/I/41ZHn0qwWwL._SL500_.jpg" alt="Product Image"></a><p>NAZANO Under Eye Patches - 60 Pcs - 24K Gold Eye Mask- Puffy Eyes & Dark Circles Treatments,Reduce Under Eye Bags and Smooth Wrinkles,Eye Skin Care Pads With Collagen,Hyaluronic Acid & Castor Oil</p><p>$8.99 ($0.30 / Count)</p><a href="https://www.amazon.com/dp/B09NXS395V?tag=eloabder-20&linkCode=osi&th=1&psc=1">View Product</a></div>
<div class="product"><a href="https://www.amazon.com/dp/B01N9SPQHQ?tag=eloabder-20&linkCode=osi&th=1&psc=1"><img src="https://m.media-amazon.com/images/I/41NHgWAaYAL._SL500_.jpg" alt="Product Image"></a><p>La Roche-Posay Toleriane Double Repair Face Moisturizer, Daily Moisturizer Face Cream with Ceramide and Niacinamide for All Skin Types, Oil Free, Fragrance Free</p><p>$23.99 ($7.10 / Fl Oz)</p><a href="https://www.amazon.com/dp/B01N9SPQHQ?tag=eloabder-20&linkCode=osi&th=1&psc=1">View Product</a></div><div class="product"><a href="https://www.amazon.com/dp/B00TTD9BRC?tag=eloabder-20&linkCode=osi&th=1&psc=1"><img src="https://m.media-amazon.com/images/I/41Kc6H7fboL._SL500_.jpg" alt="Product Image"></a><p>CeraVe Moisturizing Cream | Body and Face Moisturizer for Dry Skin | Body Cream with Hyaluronic Acid and Ceramides | Daily Moisturizer | Oil-Free | Fragrance Free | Non-Comedogenic | 19 Ounce</p><p>$17.78 ($0.94 / Ounce)</p><a href="https://www.amazon.com/dp/B00TTD9BRC?tag=eloabder-20&linkCode=osi&th=1&psc=1">View Product</a></div><div class="product"><a href="https://www.amazon.com/dp/B00NR1YQHM?tag=eloabder-20&linkCode=osi&th=1&psc=1"><img src="https://m.media-amazon.com/images/I/41yzZFTW63L._SL500_.jpg" alt="Product Image"></a><p>Neutrogena Hydro Boost Face Moisturizer with Hyaluronic Acid for Dry Skin, Oil-Free and Non-Comedogenic Water Gel Face Lotion, 1.7 oz</p><p>$13.31 ($7.83 / Ounce)</p><a href="https://www.amazon.com/dp/B00NR1YQHM?tag=eloabder-20&linkCode=osi&th=1&psc=1">View Product</a></div><div class="product"><a href="https://www.amazon.com/dp/B00HNSSPHC?tag=eloabder-20&linkCode=osi&th=1&psc=1"><img src="https://m.media-amazon.com/images/I/41rWFzQZdOL._SL500_.jpg" alt="Product Image"></a><p>Neutrogena Triple Age Repair Anti-Aging Daily Facial Moisturizer with SPF 25 Sunscreen & Vitamin C, Firming Anti-Wrinkle Face & Neck Cream for Dark Spots, Glycerin & Shea Butter, 1.7 oz</p><p>$19.56 ($11.51 / Ounce)</p><a href="https://www.amazon.com/dp/B00HNSSPHC?tag=eloabder-20&linkCode=osi&th=1&psc=1">View Product</a></div><div class="product"><a href="https://www.amazon.com/dp/B000YJ2SLG?tag=eloabder-20&linkCode=osi&th=1&psc=1"><img src="https://m.media-amazon.com/images/I/31J9bWXnQ+L._SL500_.jpg" alt="Product Image"></a><p>CeraVe Daily Moisturizing Lotion for Dry Skin | Body Lotion & Face Moisturizer with Hyaluronic Acid and Ceramides | Daily Moisturizer | Fragrance Free | Oil-Free | 12 Ounce</p><p>$13.68 ($1.14 / Fl Oz)</p><a href="https://www.amazon.com/dp/B000YJ2SLG?tag=eloabder-20&linkCode=osi&th=1&psc=1">View Product</a></div><div class="product"><a href="https://www.amazon.com/dp/B099N1LC4R?tag=eloabder-20&linkCode=osi&th=1&psc=1"><img src="https://m.media-amazon.com/images/I/41lZIG8wQNL._SL500_.jpg" alt="Product Image"></a><p>Cetaphil Face & Body Moisturizer, Hydrating Moisturizing Cream For Dry To Very Dry, Sensitive Skin, NEW 20 Oz, Fragrance Free, Non-Comedogenic, Non-Greasy (Packaging May Vary)</p><p>$15.97 ($0.80 / Ounce)</p><a href="https://www.amazon.com/dp/B099N1LC4R?tag=eloabder-20&linkCode=osi&th=1&psc=1">View Product</a></div><div class="product"><a href="https://www.amazon.com/dp/B01H20MA62?tag=eloabder-20&linkCode=osi&th=1&psc=1"><img src="https://m.media-amazon.com/images/I/41xuvNUpUML._SL500_.jpg" alt="Product Image"></a><p>Cetaphil Face & Body Moisturizer, Hydrating Moisturizing Cream for Dry to Very Dry, Sensitive Skin, NEW 16 Oz 2 Pack, Fragrance Free, Non-Comedogenic, Non-Greasy</p><p>$19.48 ($0.61 / Ounce)</p><a href="https://www.amazon.com/dp/B01H20MA62?tag=eloabder-20&linkCode=osi&th=1&psc=1">View Product</a></div><div class="product"><a href="https://www.amazon.com/dp/B01NCWV3KM?tag=eloabder-20&linkCode=osi&th=1&psc=1"><img src="https://m.media-amazon.com/images/I/41Q1ESUhSeL._SL500_.jpg" alt="Product Image"></a><p>La Roche-Posay Toleriane Double Repair UV SPF Moisturizer for Face, Daily Facial Moisturizer with Sunscreen SPF 30, Niacinamide and Glycerin, Oil Free, Moisturizing Sun Protection</p><p>$24.99 ($10.00 / Fl Oz)</p><a href="https://www.amazon.com/dp/B01NCWV3KM?tag=eloabder-20&linkCode=osi&th=1&psc=1">View Product</a></div>
<div class="product"><a href="https://www.amazon.com/dp/B07P5TMHD9?tag=eloabder-20&linkCode=osi&th=1&psc=1"><img src="https://m.media-amazon.com/images/I/51xr2lw0Y7L._SL500_.jpg" alt="Product Image"></a><p>Vitamin C Face Serum - Dark Spot Remover Facial Serum, Vit C Serum with Hyaluronic Acid, Ferulic Acid, & Vit E - Anti Aging and Skin Brightening Serum, Pure Vitamin C Serum Skin Care</p><p>$9.98</p><a href="https://www.amazon.com/dp/B07P5TMHD9?tag=eloabder-20&linkCode=osi&th=1&psc=1">View Product</a></div><div class="product"><a href="https://www.amazon.com/dp/B014PGEEO2?tag=eloabder-20&linkCode=osi&th=1&psc=1"><img src="https://m.media-amazon.com/images/I/51v+djIfQGL._SL500_.jpg" alt="Product Image"></a><p>Tree of Life Facial Serum Set for Face, Brightening, Firming, Hydrating, Dry Skin, Dermatologist Tested - Trio Power Skin Care Set, Vitamin C, Retinol and Hyaluronic Acid, 3 count of 1 Fl Oz</p><p>$19.99 ($6.66 / Fl Oz)</p><a href="https://www.amazon.com/dp/B014PGEEO2?tag=eloabder-20&linkCode=osi&th=1&psc=1">View Product</a></div><div class="product"><a href="https://www.amazon.com/dp/B08R994Q1L?tag=eloabder-20&linkCode=osi&th=1&psc=1"><img src="https://m.media-amazon.com/images/I/418KUv8uVkL._SL500_.jpg" alt="Product Image"></a><p>Good Molecules Niacinamide Serum - 10% Niacinamide Balancing B3 Facial Serum for Acne, Tone, Texture - Brightening and Hydrating Skincare for Face</p><p>$6.00</p><a href="https://www.amazon.com/dp/B08R994Q1L?tag=eloabder-20&linkCode=osi&th=1&psc=1">View Product</a></div><div class="product"><a href="https://www.amazon.com/dp/B07VWSN95S?tag=eloabder-20&linkCode=osi&th=1&psc=1"><img src="https://m.media-amazon.com/images/I/411Y0nzh9zL._SL500_.jpg" alt="Product Image"></a><p>CeraVe Retinol Serum for Post-Acne Marks and Skin Texture | Pore Refining, Resurfacing, Brightening Facial Serum with Retinol and Niacinamide | Fragrance Free, Paraben Free & Non-Comedogenic| 1 Oz</p><p>$18.68</p><a href="https://www.amazon.com/dp/B07VWSN95S?tag=eloabder-20&linkCode=osi&th=1&psc=1">View Product</a></div><div class="product"><a href="https://www.amazon.com/dp/B08L8B5JR2?tag=eloabder-20&linkCode=osi&th=1&psc=1"><img src="https://m.media-amazon.com/images/I/51Ee0RzYONL._SL500_.jpg" alt="Product Image"></a><p>Vibriance Super C Serum for Mature Skin, Made in USA, All-In-One Formula Hydrates, Firms, Lifts, Smooths, Targets Age Spots, Wrinkles, Vitamin C Serum; 1 fl oz</p><p>$32.90</p><a href="https://www.amazon.com/dp/B08L8B5JR2?tag=eloabder-20&linkCode=osi&th=1&psc=1">View Product</a></div><div class="product"><a href="https://www.amazon.com/dp/B0CLLV2T1P?tag=eloabder-20&linkCode=osi&th=1&psc=1"><img src="https://m.media-amazon.com/images/I/31ZBa-zgbjL._SL500_.jpg" alt="Product Image"></a><p>Anua 10% Niacinamide+ 4% Tranexamic Acid Serum, Ceramide, Hyaluronic Acid, Vitamin B12 natural color, for Sensitive skin, Korean Glass Skin, Fragrance-Free (30ml /1.01 fl.oz.)</p><p>$19.00 ($18.81 / Fl Oz)</p><a href="https://www.amazon.com/dp/B0CLLV2T1P?tag=eloabder-20&linkCode=osi&th=1&psc=1">View Product</a></div><div class="product"><a href="https://www.amazon.com/dp/B08TM8DLFJ?tag=eloabder-20&linkCode=osi&th=1&psc=1"><img src="https://m.media-amazon.com/images/I/41g0Mg7pRIL._SL500_.jpg" alt="Product Image"></a><p>Good Molecules Hyaluronic Acid Serum - Hydrating, Non-greasy formula to Moisturize, Plump - 1% HA, Anti-aging, Water-Based Skincare for Face</p><p>$6.00 ($6.00 / Fl Oz)</p><a href="https://www.amazon.com/dp/B08TM8DLFJ?tag=eloabder-20&linkCode=osi&th=1&psc=1">View Product</a></div><div class="product"><a href="https://www.amazon.com/dp/B01B5G45R6?tag=eloabder-20&linkCode=osi&th=1&psc=1"><img src="https://m.media-amazon.com/images/I/51JgyVg967L._SL500_.jpg" alt="Product Image"></a><p>artnaturals Anti-Aging-Set with Vitamin-C Retinol and Hyaluronic-Acid - (3 x 1 Fl Oz / 30ml) Serum for Anti Wrinkle and Dark Circle Remover – All Natural and Moisturizing</p><p>$24.95 ($8.32 / Fl Oz)</p><a href="https://www.amazon.com/dp/B01B5G45R6?tag=eloabder-20&linkCode=osi&th=1&psc=1">View Product</a></div><div class="product"><a href="https://www.amazon.com/dp/B086VKZZZY?tag=eloabder-20&linkCode=osi&th=1&psc=1"><img src="https://m.media-amazon.com/images/I/31l7jUL7jOL._SL500_.jpg" alt="Product Image"></a><p>Beauty of Joseon Glow Serum Propolis and Niacinamide Hydrating Facial Soothing Moisturizer for Irritated Uneven Skin Tone, Korean Skin Care 30ml, 1 fl.oz</p><p>$13.60 ($13.47 / Fl Oz)</p><a href="https://www.amazon.com/dp/B086VKZZZY?tag=eloabder-20&linkCode=osi&th=1&psc=1">View Product</a></div>
<div class="product"><a href="https://www.amazon.com/dp/B0CYGT3CR4?tag=eloabder-20&linkCode=osi&th=1&psc=1"><img src="https://m.media-amazon.com/images/I/51LbfzrqiUL._SL500_.jpg" alt="Product Image"></a><p>KONEUK 14 Pack Sheet Face Masks Skincare for All Skin Types, Hydrating Face Masks Suitable for Sensitive Skin, Bulk Facial Mask Set for Women Skin Care, Face Mask Gifts Set for Face Spa</p><p>$8.99 ($0.64 / Count)</p><a href="https://www.amazon.com/dp/B0CYGT3CR4?tag=eloabder-20&linkCode=osi&th=1&psc=1">View Product</a></div><div class="product"><a href="https://www.amazon.com/dp/B01N37AK8V?tag=eloabder-20&linkCode=osi&th=1&psc=1"><img src="https://m.media-amazon.com/images/I/41zyExDkGCL._SL500_.jpg" alt="Product Image"></a><p>Ebanel 10 Pack Collagen Face Mask, Instant Brightening & Hydrating Face Sheet Mask with Aloe Vera, Hyaluronic Acid, Vitamin C and E, Chamomile, Anti Aging Face Mask with Hydrolyzed Collagen, Peptide</p><p>$13.99 ($1.40 / Count)</p><a href="https://www.amazon.com/dp/B01N37AK8V?tag=eloabder-20&linkCode=osi&th=1&psc=1">View Product</a></div><div class="product"><a href="https://www.amazon.com/dp/B07C3NBJ33?tag=eloabder-20&linkCode=osi&th=1&psc=1"><img src="https://m.media-amazon.com/images/I/51DMM9KU+AL._SL500_.jpg" alt="Product Image"></a><p>GLAM UP Premium Facial Sheet Mask 12 Combo (Pack of 12) | Clean Face Masks Skincare, Hydrating Face Masks, Moisturizing, Soothing, Beauty Mask For All Skin Type Variety Beauty Mask Set</p><p>$13.20 ($1.10 / Count)</p><a href="https://www.amazon.com/dp/B07C3NBJ33?tag=eloabder-20&linkCode=osi&th=1&psc=1">View Product</a></div><div class="product"><a href="https://www.amazon.com/dp/B0B5XTMJMJ?tag=eloabder-20&linkCode=osi&th=1&psc=1"><img src="https://m.media-amazon.com/images/I/61voysA0eEL._SL500_.jpg" alt="Product Image"></a><p>Meleell Collagen Sheet Face Masks Skincare Bulk Pack,Hydrating Spa Face Mask For Sensitive Skin,Anti Aging Facial Masks Sets For Women/Teen Girls(40 Combo Pack)</p><p>$25.99 ($0.65 / Count)</p><a href="https://www.amazon.com/dp/B0B5XTMJMJ?tag=eloabder-20&linkCode=osi&th=1&psc=1">View Product</a></div><div class="product"><a href="https://www.amazon.com/dp/B0CR6NHHVL?tag=eloabder-20&linkCode=osi&th=1&psc=1"><img src="https://m.media-amazon.com/images/I/514yWBJNkFL._SL500_.jpg" alt="Product Image"></a><p>Kaely 10 Pack Variety Sheet Masks,Spa Face Masks for Kids Skin Care,Facial Mask Skincare Set Korean,Moisturize,Brighten,Nourish for All Skin Types,Birthday Gifts for Women Men Boys Girls,Set01</p><p>$8.99 ($0.90 / Count)</p><a href="https://www.amazon.com/dp/B0CR6NHHVL?tag=eloabder-20&linkCode=osi&th=1&psc=1">View Product</a></div><div class="product"><a href="https://www.amazon.com/dp/B086V843R8?tag=eloabder-20&linkCode=osi&th=1&psc=1"><img src="https://m.media-amazon.com/images/I/410evC+SQHL._SL500_.jpg" alt="Product Image"></a><p>ANAI RUI Turmeric Clay Mask - Green Tea Clay Mask - Dead Sea Minerals Mud Mask, Spa Facial Mask Set, Face Mask Gift Set 2.5 oz each</p><p>$22.99</p><a href="https://www.amazon.com/dp/B086V843R8?tag=eloabder-20&linkCode=osi&th=1&psc=1">View Product</a></div><div class="product"><a href="https://www.amazon.com/dp/B07JMTMHGS?tag=eloabder-20&linkCode=osi&th=1&psc=1"><img src="https://m.media-amazon.com/images/I/41PeKCZ7NtL._SL500_.jpg" alt="Product Image"></a><p>LAPCOS Aloe Sheet Mask, Daily Face Mask with Cucumber and Aloe Gel to Calm and Moisturize Skin, Korean Beauty Favorite, 5-Pack</p><p>$20.00 ($4.00 / count)</p><a href="https://www.amazon.com/dp/B07JMTMHGS?tag=eloabder-20&linkCode=osi&th=1&psc=1">View Product</a></div><div class="product"><a href="https://www.amazon.com/dp/B0CMQKTJDQ?tag=eloabder-20&linkCode=osi&th=1&psc=1"><img src="https://m.media-amazon.com/images/I/51oosdS4y8L._SL500_.jpg" alt="Product Image"></a><p>VESPRO 100 Pack Collagen Essence Sheet Facial Masks, Bulk Face Masks Skincare, Hydrating Face Masks for All Skin Types, Moisturizing and Soothing, Natural Skin Care Spa Face Mask</p><p>$45.99 ($0.46 / Count)</p><a href="https://www.amazon.com/dp/B0CMQKTJDQ?tag=eloabder-20&linkCode=osi&th=1&psc=1">View Product</a></div><div class="product"><a href="https://www.amazon.com/dp/B0B41LVMJ3?tag=eloabder-20&linkCode=osi&th=1&psc=1"><img src="https://m.media-amazon.com/images/I/51xduFirI6L._SL500_.jpg" alt="Product Image"></a><p>#OOTD Collagen Hydrating Sheet Masks for Face Korean Anti Aging Mask Sheet for Dry Skin & Sensitive Skin, EVE Vegan, Not Tested on Animals, No Parabens, No Sulfates, Hyaluronic Acid, Witch Hazel 10EA</p><p>$18.00 ($1.80 / Count)</p><a href="https://www.amazon.com/dp/B0B41LVMJ3?tag=eloabder-20&linkCode=osi&th=1&psc=1">View Product</a></div>
<div class="product"><a href="https://www.amazon.com/dp/B01N34XW93?tag=eloabder-20&linkCode=osi&th=1&psc=1"><img src="https://m.media-amazon.com/images/I/31OMOTCxlmL._SL500_.jpg" alt="Product Image"></a><p>La Roche-Posay Toleriane Purifying Foaming Facial Cleanser, Oil Free Face Wash for Oily Skin and for Sensitive Skin with Niacinamide, Pore Cleanser Won’t Dry Out Skin, Unscented</p><p>$17.99 ($1.33 / Fl Oz)</p><a href="https://www.amazon.com/dp/B01N34XW93?tag=eloabder-20&linkCode=osi&th=1&psc=1">View Product</a></div><div class="product"><a href="https://www.amazon.com/dp/B01MSSDEPK?tag=eloabder-20&linkCode=osi&th=1&psc=1"><img src="https://m.media-amazon.com/images/I/41YuSwjJUIL._SL500_.jpg" alt="Product Image"></a><p>CeraVe Hydrating Facial Cleanser | Moisturizing Face Wash For Dry Skin | Hyaluronic Acid + Ceramides + Glycerin | Hydrating Cleanser For Normal To Dry Skin | National Eczema Assosiation Certified</p><p>$15.48 ($0.97 / Fl Oz)</p><a href="https://www.amazon.com/dp/B01MSSDEPK?tag=eloabder-20&linkCode=osi&th=1&psc=1">View Product</a></div><div class="product"><a href="https://www.amazon.com/dp/B01N7T7JKJ?tag=eloabder-20&linkCode=osi&th=1&psc=1"><img src="https://m.media-amazon.com/images/I/31VXK3y1KYL._SL500_.jpg" alt="Product Image"></a><p>La Roche-Posay Toleriane Hydrating Gentle Face Cleanser, Daily Facial Cleanser with Niacinamide and Ceramides for Sensitive Skin, Moisturizing Face Wash for Normal to Dry Skin, Fragrance Free</p><p>$17.99 ($1.33 / Fl Oz)</p><a href="https://www.amazon.com/dp/B01N7T7JKJ?tag=eloabder-20&linkCode=osi&th=1&psc=1">View Product</a></div><div class="product"><a href="https://www.amazon.com/dp/B01N1LL62W?tag=eloabder-20&linkCode=osi&th=1&psc=1"><img src="https://m.media-amazon.com/images/I/41kwN8dWWzL._SL500_.jpg" alt="Product Image"></a><p>CeraVe Foaming Facial Cleanser | Daily Face Wash for Oily Skin with Hyaluronic Acid, Ceramides, and Niacinamide| Fragrance Free | 16 Fluid Ounce</p><p>$15.19 ($0.95 / Fl Oz)</p><a href="https://www.amazon.com/dp/B01N1LL62W?tag=eloabder-20&linkCode=osi&th=1&psc=1">View Product</a></div><div class="product"><a href="https://www.amazon.com/dp/B00U1YCRD8?tag=eloabder-20&linkCode=osi&th=1&psc=1"><img src="https://m.media-amazon.com/images/I/31LVb8KvKwL._SL500_.jpg" alt="Product Image"></a><p>CeraVe SA Cleanser | Salicylic Acid Cleanser with Hyaluronic Acid, Niacinamide & Ceramides| BHA Exfoliant for Face | Fragrance Free Non-Comedogenic | 8 Ounce</p><p>$12.37 ($1.55 / Ounce)</p><a href="https://www.amazon.com/dp/B00U1YCRD8?tag=eloabder-20&linkCode=osi&th=1&psc=1">View Product</a></div><div class="product"><a href="https://www.amazon.com/dp/B0BVV8BNYJ?tag=eloabder-20&linkCode=osi&th=1&psc=1"><img src="https://m.media-amazon.com/images/I/31tSZvBReoL._SL500_.jpg" alt="Product Image"></a><p>ANUA Heartleaf Quercetinol Pore Deep Cleansing Foam, Facial Cleanser, for Double Cleansing, BHA, Hyaluronic Acid, Glycerin, Face Wash, Blackhead Remover, Korean Skincare (150ml/5.07 fl.oz.)</p><p>$13.00 ($2.56 / Fl Oz)</p><a href="https://www.amazon.com/dp/B0BVV8BNYJ?tag=eloabder-20&linkCode=osi&th=1&psc=1">View Product</a></div><div class="product"><a href="https://www.amazon.com/dp/B00QY1XZ4W?tag=eloabder-20&linkCode=osi&th=1&psc=1"><img src="https://m.media-amazon.com/images/I/319pG+OQZxL._SL500_.jpg" alt="Product Image"></a><p>Vanicream Gentle Facial Cleanser with Pump Dispenser - 8 fl oz - Formulated Without Common Irritants for Those with Sensitive Skin</p><p>$8.86 ($1.11 / Fl Oz)</p><a href="https://www.amazon.com/dp/B00QY1XZ4W?tag=eloabder-20&linkCode=osi&th=1&psc=1">View Product</a></div><div class="product"><a href="https://www.amazon.com/dp/B016NRXO06?tag=eloabder-20&linkCode=osi&th=1&psc=1"><img src="https://m.media-amazon.com/images/I/31jSFIvh2TS._SL500_.jpg" alt="Product Image"></a><p>COSRX Low pH Good Morning Gel Cleanser, Daily Mild Face Cleanser for Sensitive Skin with BHA & Tea-Tree Oil, PH Balancing, Korean Skincare (5.07fl.oz/150ml)</p><p>$11.49 ($2.27 / Fl Oz)</p><a href="https://www.amazon.com/dp/B016NRXO06?tag=eloabder-20&linkCode=osi&th=1&psc=1">View Product</a></div><div class="product"><a href="https://www.amazon.com/dp/B09Y4HHY1P?tag=eloabder-20&linkCode=osi&th=1&psc=1"><img src="https://m.media-amazon.com/images/I/41Crw80Q3yL._SL500_.jpg" alt="Product Image"></a><p>Cetaphil Face Wash, Daily Facial Cleanser for Sensitive, Combination to Oily Skin, NEW 16 oz, Fragrance Free, Gentle Foaming, Soap Free, Hypoallergenic (Packaging May Vary)</p><p>$11.97 ($0.75 / Fl Oz)</p><a href="https://www.amazon.com/dp/B09Y4HHY1P?tag=eloabder-20&linkCode=osi&th=1&psc=1">View Product</a></div><div class="product"><a href="https://www.amazon.com/dp/B0BN2PX8V3?tag=eloabder-20&linkCode=osi&th=1&psc=1"><img src="https://m.media-amazon.com/images/I/31n4TECLwuL._SL500_.jpg" alt="Product Image"></a><p>ANUA Heartleaf Pore Control Cleansing Oil, Oil Cleanser for Face, Makeup Blackhead Remover, Korean Skin Care 6.76 fl oz(200ml) (original)</p><p>$17.69 ($2.64 / Fl Oz)</p><a href="https://www.amazon.com/dp/B0BN2PX8V3?tag=eloabder-20&linkCode=osi&th=1&psc=1">View Product</a></div>
<div class="product"><a href="https://www.amazon.com/dp/B08CMS8P67?tag=eloabder-20&linkCode=osi&th=1&psc=1"><img src="https://m.media-amazon.com/images/I/31LVyuSsJEL._SL500_.jpg" alt="Product Image"></a><p>Anua Heartleaf 77 Soothing Toner I pH 5.5 Trouble Care, Calming Skin, Refreshing, Hydrating, Purifying, Cruelty Free, Vegan,(250ml / 8.45 fl.oz.)</p><p>$19.69 ($2.33 / Fl Oz)</p><a href="https://www.amazon.com/dp/B08CMS8P67?tag=eloabder-20&linkCode=osi&th=1&psc=1">View Product</a></div><div class="product"><a href="https://www.amazon.com/dp/B09LKXR62L?tag=eloabder-20&linkCode=osi&th=1&psc=1"><img src="https://m.media-amazon.com/images/I/31D6ydy59dL._SL500_.jpg" alt="Product Image"></a><p>CeraVe Hydrating Toner for Face Non-Alcoholic with Hyaluronic Acid, Niacinamide, and Ceramides for Sensitive Dry Skin, Fragrance-Free Non Comedogenic, Full Size, 6.8 Fl Oz</p><p>$9.86 ($1.45 / Ounce)</p><a href="https://www.amazon.com/dp/B09LKXR62L?tag=eloabder-20&linkCode=osi&th=1&psc=1">View Product</a></div><div class="product"><a href="https://www.amazon.com/dp/B0CG1H8YRS?tag=eloabder-20&linkCode=osi&th=1&psc=1"><img src="https://m.media-amazon.com/images/I/31OZES5j9LL._SL500_.jpg" alt="Product Image"></a><p>TIRTIR Milk Skin Rice Toner | Deep Moisturizing, Instant Glow, 2% Niacinamide, Rice Bran Extract, Ceramide, Panthenol, Cruelty-Free, Fungal Acne Friendly, Vegan, 5.07 fl.oz.</p><p>$24.99 ($4.93 / Fl Oz)</p><a href="https://www.amazon.com/dp/B0CG1H8YRS?tag=eloabder-20&linkCode=osi&th=1&psc=1">View Product</a></div><div class="product"><a href="https://www.amazon.com/dp/B007HD570Q?tag=eloabder-20&linkCode=osi&th=1&psc=1"><img src="https://m.media-amazon.com/images/I/31uC8ENEVqL._SL500_.jpg" alt="Product Image"></a><p>Thayers Alcohol-Free, Hydrating Rose Petal Witch Hazel Facial Toner with Aloe Vera Formula, Vegan, Dermatologist Tested and Recommended, 12 Oz</p><p>$10.53 ($0.88 / Fl Oz)</p><a href="https://www.amazon.com/dp/B007HD570Q?tag=eloabder-20&linkCode=osi&th=1&psc=1">View Product</a></div><div class="product"><a href="https://www.amazon.com/dp/B01LZK411L?tag=eloabder-20&linkCode=osi&th=1&psc=1"><img src="https://m.media-amazon.com/images/I/31la+He5vRL._SL500_.jpg" alt="Product Image"></a><p>ACWELL Licorice pH Balancing Korean Toner for Cleansing 5.07 fl.oz. - Alcohol-Free PH5.5 Hydrating Facial Astringent - Skin Clarifying & Hydration Boosting Toner</p><p>$16.00 ($3.14 / Fl Oz)</p><a href="https://www.amazon.com/dp/B01LZK411L?tag=eloabder-20&linkCode=osi&th=1&psc=1">View Product</a></div><div class="product"><a href="https://www.amazon.com/dp/B07BYJF7L7?tag=eloabder-20&linkCode=osi&th=1&psc=1"><img src="https://m.media-amazon.com/images/I/31+G3Xc+J7L._SL500_.jpg" alt="Product Image"></a><p>SOME BY MI AHA BHA PHA 30 Days Miracle Toner - 5.07Oz, 150ml - Made from Tea Tree Water for Sensitive Skin - Mild Exfoliating Daily Face Toner - Skin Wastes, Sebum and Oiliness Care - Korean Skin Care</p><p>$12.00 ($2.37 / Fl Oz)</p><a href="https://www.amazon.com/dp/B07BYJF7L7?tag=eloabder-20&linkCode=osi&th=1&psc=1">View Product</a></div><div class="product"><a href="https://www.amazon.com/dp/B00LO2RO7K?tag=eloabder-20&linkCode=osi&th=1&psc=1"><img src="https://m.media-amazon.com/images/I/31Wb52+KYzL._SL500_.jpg" alt="Product Image"></a><p>La Roche-Posay Effaclar Clarifying Solution Acne Toner with Salicylic Acid and Glycolic Acid, Pore Refining Oily Skin Toner, Gentle Exfoliant to Unclog Pores and Remove Dead Skin Cells</p><p>$16.99 ($2.51 / Fl Oz)</p><a href="https://www.amazon.com/dp/B00LO2RO7K?tag=eloabder-20&linkCode=osi&th=1&psc=1">View Product</a></div><div class="product"><a href="https://www.amazon.com/dp/B008EPPIQ4?tag=eloabder-20&linkCode=osi&th=1&psc=1"><img src="https://m.media-amazon.com/images/I/31-lQL0AkZL._SL500_.jpg" alt="Product Image"></a><p>Paula's Choice Skin Balancing Pore-Reducing Toner for Combination and Oily Skin, Minimizes Large Pores, 6.4 Fluid Ounce Bottle</p><p>$26.00 ($4.06 / Fl Oz)</p><a href="https://www.amazon.com/dp/B008EPPIQ4?tag=eloabder-20&linkCode=osi&th=1&psc=1">View Product</a></div><div class="product"><a href="https://www.amazon.com/dp/B073P6BPF5?tag=eloabder-20&linkCode=osi&th=1&psc=1"><img src="https://m.media-amazon.com/images/I/31hqlVDLizL._SL500_.jpg" alt="Product Image"></a><p>COSRX AHA/BHA Clarifying Treatment Toner, 5.07 fl.oz / 150ml | Exfoliating Facial Spray | Korean Skin Care, Hydrating, Mild Exfoliation, Vegan, Animal Testing Free, Paraben Free</p><p>$10.75 ($2.11 / Fl Oz)</p><a href="https://www.amazon.com/dp/B073P6BPF5?tag=eloabder-20&linkCode=osi&th=1&psc=1">View Product</a></div>
<div class="product"><a href="https://www.amazon.com/dp/B07C5SS6YD?tag=eloabder-20&linkCode=osi&th=1&psc=1"><img src="https://m.media-amazon.com/images/I/31tzIszvgAL._SL500_.jpg" alt="Product Image"></a><p>Paula's Choice Skin Perfecting 2% BHA Liquid Salicylic Acid Exfoliant, Gentle Facial Exfoliator for Blackheads, Large Pores, Wrinkles & Fine Lines, Travel Size, 1 Fluid Ounce</p><p>$14.00</p><a href="https://www.amazon.com/dp/B07C5SS6YD?tag=eloabder-20&linkCode=osi&th=1&psc=1">View Product</a></div><div class="product"><a href="https://www.amazon.com/dp/B07VW3YSWH?tag=eloabder-20&linkCode=osi&th=1&psc=1"><img src="https://m.media-amazon.com/images/I/410j9ZFktHL._SL500_.jpg" alt="Product Image"></a><p>Tree Hut Vitamin C Shea Sugar Scrub, 18 oz, Ultra Hydrating and Exfoliating Scrub for Nourishing Essential Body Care</p><p>$8.94 ($0.50 / Ounce)</p><a href="https://www.amazon.com/dp/B07VW3YSWH?tag=eloabder-20&linkCode=osi&th=1&psc=1">View Product</a></div><div class="product"><a href="https://www.amazon.com/dp/B07NHZP4FW?tag=eloabder-20&linkCode=osi&th=1&psc=1"><img src="https://m.media-amazon.com/images/I/41znKaYV17L._SL500_.jpg" alt="Product Image"></a><p>Seraphic Skincare (Original) Premium Exfoliating Mitt for Body (2pc) – 100% Vegan Viscose Traditional Body Scrub Glove Kessa Korean Washcloth – Body Exfoliator for Self-Tan Removal & Keratosis Pilaris</p><p>$12.99 ($6.50 / Count)</p><a href="https://www.amazon.com/dp/B07NHZP4FW?tag=eloabder-20&linkCode=osi&th=1&psc=1">View Product</a></div><div class="product"><a href="https://www.amazon.com/dp/B001VMJSCW?tag=eloabder-20&linkCode=osi&th=1&psc=1"><img src="https://m.media-amazon.com/images/I/31N7x4-aJAL._SL500_.jpg" alt="Product Image"></a><p>Dermalogica Daily Microfoliant, Face Exfoliator Scrub Powder with Salicylic Acid and Papaya Enzyme, Achieve Brighter, Smoother Skin Daily, 0.45 Oz</p><p>$19.00 ($42.22 / Ounce)</p><a href="https://www.amazon.com/dp/B001VMJSCW?tag=eloabder-20&linkCode=osi&th=1&psc=1">View Product</a></div><div class="product"><a href="https://www.amazon.com/dp/B09Q88TVGJ?tag=eloabder-20&linkCode=osi&th=1&psc=1"><img src="https://m.media-amazon.com/images/I/31jQFJt0t7L._SL500_.jpg" alt="Product Image"></a><p>tingl Face and Body Exfoliator Pads - Anti Aging Acne Treatment with Glycolic Acid, Lactic Acid, and Salicylic Acid - Pore Minimizer, Oil Cleanser, Blackhead Remover and Skin Exfoliator in One</p><p>$38.00 ($38.00 / Count)</p><a href="https://www.amazon.com/dp/B09Q88TVGJ?tag=eloabder-20&linkCode=osi&th=1&psc=1">View Product</a></div><div class="product"><a href="https://www.amazon.com/dp/B0BNWXFH3P?tag=eloabder-20&linkCode=osi&th=1&psc=1"><img src="https://m.media-amazon.com/images/I/51HkdST1FCL._SL500_.jpg" alt="Product Image"></a><p>Dermasuri Deep Exfoliating Glove for Shower - Exfoliating Mitt Body Scrubber - Skin Exfoliator & Dead Skin Remover - Keratosis Pilaris Scrub - Spray Tan Remover - Korean Skincare for Body (2 Pack)</p><p>$19.99 ($10.00 / Count)</p><a href="https://www.amazon.com/dp/B0BNWXFH3P?tag=eloabder-20&linkCode=osi&th=1&psc=1">View Product</a></div><div class="product"><a href="https://www.amazon.com/dp/B076DSRB6B?tag=eloabder-20&linkCode=osi&th=1&psc=1"><img src="https://m.media-amazon.com/images/I/51lTK55c5UL._SL500_.jpg" alt="Product Image"></a><p>Himalayan Salt Scrub Face Foot & Body Exfoliator Infused with Collagen and Stem Cell Natural Exfoliating Salt Body Scrub for Toning Cellulite Skin Care by M3 Naturals</p><p>$25.81 ($2.15 / Ounce)</p><a href="https://www.amazon.com/dp/B076DSRB6B?tag=eloabder-20&linkCode=osi&th=1&psc=1">View Product</a></div><div class="product"><a href="https://www.amazon.com/dp/B004GEV9JW?tag=eloabder-20&linkCode=osi&th=1&psc=1"><img src="https://m.media-amazon.com/images/I/41MgyDfHXfL._SL500_.jpg" alt="Product Image"></a><p>Buf-Puf Gentle Facial Sponge, Dermatologist Developed, Removes Deep Down Dirt & Makeup That Causes Breakouts and Blackheads, Reusable, Exfoliating, 1 Count</p><p>$8.71</p><a href="https://www.amazon.com/dp/B004GEV9JW?tag=eloabder-20&linkCode=osi&th=1&psc=1">View Product</a></div><div class="product"><a href="https://www.amazon.com/dp/B0000632EN?tag=eloabder-20&linkCode=osi&th=1&psc=1"><img src="https://m.media-amazon.com/images/I/314AH1Zo0lL._SL500_.jpg" alt="Product Image"></a><p>Aveeno Positively Radiant Exfoliating Facial Scrub, Brightening Face Scrub with Soy Extract to Visibly Improve Skin Tone and Texture, Oil-Free, Soap-Free, Hypoallergenic Formula, 5 FL OZ</p><p>$7.97 ($1.59 / Ounce)</p><a href="https://www.amazon.com/dp/B0000632EN?tag=eloabder-20&linkCode=osi&th=1&psc=1">View Product</a></div>
<div class="product"><a href="https://www.amazon.com/dp/B005IHT94S?tag=eloabder-20&linkCode=osi&th=1&psc=1"><img src="https://m.media-amazon.com/images/I/31YAXVCRMAL._SL500_.jpg" alt="Product Image"></a><p>Neutrogena Ultra Sheer Dry-Touch Water Resistant and Non-Greasy Sunscreen Lotion with Broad Spectrum SPF 70, 3 Fl Oz (Pack of 1)</p><p>$9.88 ($3.29 / Fl Oz)</p><a href="https://www.amazon.com/dp/B005IHT94S?tag=eloabder-20&linkCode=osi&th=1&psc=1">View Product</a></div><div class="product"><a href="https://www.amazon.com/dp/B078BC1NJ6?tag=eloabder-20&linkCode=osi&th=1&psc=1"><img src="https://m.media-amazon.com/images/I/51V4LMN2zEL._SL500_.jpg" alt="Product Image"></a><p>Coppertone Sport Sunscreen Spray SPF 50, Water Resistant Spray Sunscreen, Broad Spectrum SPF 50 Sunscreen, Bulk Sunscreen Pack, 5.5 Oz Bottle, Pack of 3</p><p>$20.63 ($1.25 / Ounce)</p><a href="https://www.amazon.com/dp/B078BC1NJ6?tag=eloabder-20&linkCode=osi&th=1&psc=1">View Product</a></div><div class="product"><a href="https://www.amazon.com/dp/B01MQXX9US?tag=eloabder-20&linkCode=osi&th=1&psc=1"><img src="https://m.media-amazon.com/images/I/41Zi7BP15NL._SL500_.jpg" alt="Product Image"></a><p>Banana Boat Sport Ultra SPF 50 Sunscreen Spray Twin Pack | Banana Boat Sunscreen Spray SPF 50, Spray On Sunscreen, Water Resistant Sunscreen, Oxybenzone Free Sunscreen Pack, 6oz each</p><p>$13.97 ($1.16 / Ounce)</p><a href="https://www.amazon.com/dp/B01MQXX9US?tag=eloabder-20&linkCode=osi&th=1&psc=1">View Product</a></div><div class="product"><a href="https://www.amazon.com/dp/B00AEN4QZ8?tag=eloabder-20&linkCode=osi&th=1&psc=1"><img src="https://m.media-amazon.com/images/I/31QMrCJPoeL._SL500_.jpg" alt="Product Image"></a><p>Neutrogena Beach Defense Water-Resistant Face & Body SPF 70 Sunscreen Lotion with Broad Spectrum UVA/UVB Protection, Oil-Free Fast-Absorbing Sunscreen Lotion, Oxybenzone-Free, 6.7 oz</p><p>$9.60 ($1.43 / Fl Oz)</p><a href="https://www.amazon.com/dp/B00AEN4QZ8?tag=eloabder-20&linkCode=osi&th=1&psc=1">View Product</a></div><div class="product"><a href="https://www.amazon.com/dp/B076GZX3KL?tag=eloabder-20&linkCode=osi&th=1&psc=1"><img src="https://m.media-amazon.com/images/I/41BQoEZMuTL._SL500_.jpg" alt="Product Image"></a><p>Neutrogena Sunscreen Spray, Ultra Sheer ® Body Mist, Broad Spectrum SPF 70, Non-Greasy Water Resistant Body Sunscreen Mist, Non-Comedogenic, 5 oz (Pack of 3)</p><p>$22.60 ($1.51 / Ounce)</p><a href="https://www.amazon.com/dp/B076GZX3KL?tag=eloabder-20&linkCode=osi&th=1&psc=1">View Product</a></div><div class="product"><a href="https://www.amazon.com/dp/B004D2DR0Q?tag=eloabder-20&linkCode=osi&th=1&psc=1"><img src="https://m.media-amazon.com/images/I/41QwzCWNnFL._SL500_.jpg" alt="Product Image"></a><p>Neutrogena Ultra Sheer Dry-Touch Water Resistant and Non-Greasy Sunscreen Lotion with Broad Spectrum SPF 45, TSA-Compliant travel Size, 3 Fl Oz, Pack of 2, 6 Fl Oz</p><p>$13.99 ($2.33 / Fl Oz)</p><a href="https://www.amazon.com/dp/B004D2DR0Q?tag=eloabder-20&linkCode=osi&th=1&psc=1">View Product</a></div><div class="product"><a href="https://www.amazon.com/dp/B002CML1VG?tag=eloabder-20&linkCode=osi&th=1&psc=1"><img src="https://m.media-amazon.com/images/I/41ufC4L5QQL._SL500_.jpg" alt="Product Image"></a><p>La Roche-Posay Anthelios Melt-In Milk Sunscreen SPF 60 | Sunscreen For Body & Face | Broad Spectrum SPF + Antioxidants | Oil Free Sunscreen Lotion | Lightweight & Fast Absorbing | Oxybenzone Free</p><p>$37.99 ($7.60 / Fl Oz)</p><a href="https://www.amazon.com/dp/B002CML1VG?tag=eloabder-20&linkCode=osi&th=1&psc=1">View Product</a></div><div class="product"><a href="https://www.amazon.com/dp/B00B81XR1Y?tag=eloabder-20&linkCode=osi&th=1&psc=1"><img src="https://m.media-amazon.com/images/I/41NtDXr-dML._SL500_.jpg" alt="Product Image"></a><p>Banana Boat Sport Ultra SPF 30 Sunscreen Spray Twin Pack | Banana Boat Sunscreen Spray SPF 30, Spray On Sunscreen, Water Resistant Sunscreen, Oxybenzone Free Sunscreen Pack, 6oz each</p><p>$13.47 ($1.12 / Ounce)</p><a href="https://www.amazon.com/dp/B00B81XR1Y?tag=eloabder-20&linkCode=osi&th=1&psc=1">View Product</a></div><div class="product"><a href="https://www.amazon.com/dp/B07X1YDGSF?tag=eloabder-20&linkCode=osi&th=1&psc=1"><img src="https://m.media-amazon.com/images/I/31PSmI7nKIL._SL500_.jpg" alt="Product Image"></a><p>Neutrogena Beach Defense Sunscreen Spray SPF 50 Water-Resistant Body Spray with Broad Spectrum , PABA-Free, Oxybenzone-Free & Fast-Drying, Superior Sun Protection, 6.5 oz, Transparent</p><p>$9.88 ($1.52 / Ounce)</p><a href="https://www.amazon.com/dp/B07X1YDGSF?tag=eloabder-20&linkCode=osi&th=1&psc=1">View Product</a></div>
<div class="product"><a href="https://www.amazon.com/dp/B00JJPMXDO?tag=eloabder-20&linkCode=osi&th=1&psc=1"><img src="https://m.media-amazon.com/images/I/41xUbY21ojL._SL500_.jpg" alt="Product Image"></a><p>CeraVe Eye Repair Cream | Under Eye Cream For Puffiness And Bags Under Eyes | Hyaluronic Acid + Niacinamide + Marine Botanical Complex | Hydrating Eye Cream | Oil Free & Opthalmologist Tested</p><p>$13.43 ($26.86 / Ounce)</p><a href="https://www.amazon.com/dp/B00JJPMXDO?tag=eloabder-20&linkCode=osi&th=1&psc=1">View Product</a></div><div class="product"><a href="https://www.amazon.com/dp/B0B3GCCRVH?tag=eloabder-20&linkCode=osi&th=1&psc=1"><img src="https://m.media-amazon.com/images/I/41EdCdrw-AL._SL500_.jpg" alt="Product Image"></a><p>CeraVe Skin Renewing Eye Cream For Wrinkles | Under Eye Cream With Peptides + Caffeine + Niacinamide | Anti Aging Eye Cream For Wrinkles & Crows Feet | Paraben Free & Opthalmologist Tested</p><p>$18.49 ($36.98 / Ounce)</p><a href="https://www.amazon.com/dp/B0B3GCCRVH?tag=eloabder-20&linkCode=osi&th=1&psc=1">View Product</a></div><div class="product"><a href="https://www.amazon.com/dp/B00005333I?tag=eloabder-20&linkCode=osi&th=1&psc=1"><img src="https://m.media-amazon.com/images/I/31webfO63dL._SL500_.jpg" alt="Product Image"></a><p>L'Oreal Paris Dermo-Expertise Eye Defense Eye Cream with Caffeine and Hyaluronic Acid 0.5 oz</p><p>$12.27 ($24.54 / Ounce)</p><a href="https://www.amazon.com/dp/B00005333I?tag=eloabder-20&linkCode=osi&th=1&psc=1">View Product</a></div><div class="product"><a href="https://www.amazon.com/dp/B0CZJ8N83D?tag=eloabder-20&linkCode=osi&th=1&psc=1"><img src="https://m.media-amazon.com/images/I/31fQO3OHiML._SL500_.jpg" alt="Product Image"></a><p>PRIME PROMETICS PrimeEyes Hydrate Under Eye Cream for Mature Women – Hydrating Eye Cream for Dark Circles and Wrinkle Repair – Soft, Glowing & Healthy Under Eyes</p><p>$62.00</p><a href="https://www.amazon.com/dp/B0CZJ8N83D?tag=eloabder-20&linkCode=osi&th=1&psc=1">View Product</a></div><div class="product"><a href="https://www.amazon.com/dp/B0009RFB76?tag=eloabder-20&linkCode=osi&th=1&psc=1"><img src="https://m.media-amazon.com/images/I/31M2iQDNDOL._SL500_.jpg" alt="Product Image"></a><p>RoC Retinol Correxion Under Eye Cream for Dark Circles & Puffiness, Daily Wrinkle Cream, Anti Aging Line Smoothing Skin Care Treatment for Women and Men, 0.5 oz (Packaging May Vary)</p><p>$19.77 ($39.54 / Fl Oz)</p><a href="https://www.amazon.com/dp/B0009RFB76?tag=eloabder-20&linkCode=osi&th=1&psc=1">View Product</a></div><div class="product"><a href="https://www.amazon.com/dp/B0D3TG6MN3?tag=eloabder-20&linkCode=osi&th=1&psc=1"><img src="https://m.media-amazon.com/images/I/21-DQIJf5xL._SL500_.jpg" alt="Product Image"></a><p>Dr.Melaxin Eyephalt Eyebag Cream for Puffiness, Dark Circles&Fine Lines | EGF Anti-Aging Under Eye Moisturizer with Niacinamide&Ceramide 0.33 fl.oz.</p><p>$59.00 ($178.79 / Fl Oz)</p><a href="https://www.amazon.com/dp/B0D3TG6MN3?tag=eloabder-20&linkCode=osi&th=1&psc=1">View Product</a></div><div class="product"><a href="https://www.amazon.com/dp/B07CKJRJXB?tag=eloabder-20&linkCode=osi&th=1&psc=1"><img src="https://m.media-amazon.com/images/I/31pJCzbhXrL._SL500_.jpg" alt="Product Image"></a><p>No7 Lift & Luminate Triple Action Eye Cream - Anti-Aging Under Eye Cream for Dark Circles, Puffiness & Wrinkles - Formulated with Vitamin C to Brighten and Refresh Tired Eyes (0.5 Fl Oz)</p><p>$15.99</p><a href="https://www.amazon.com/dp/B07CKJRJXB?tag=eloabder-20&linkCode=osi&th=1&psc=1">View Product</a></div>
<div class="product"><a href="https://www.amazon.com/dp/B0BBSP2JNQ?tag=eloabder-20&linkCode=osi&th=1&psc=1"><img src="https://m.media-amazon.com/images/I/51qb7tiAJgL._SL500_.jpg" alt="Product Image"></a><p>SimplyVital Face Moisturizer Collagen Cream - Anti Aging Neck and Décolleté - Made in USA Day & Night Face Cream - Moisturizing, Lifting & Recovery – 1.7oz</p><p>$22.89 ($13.46 / Fl Oz)</p><a href="https://www.amazon.com/dp/B0BBSP2JNQ?tag=eloabder-20&linkCode=osi&th=1&psc=1">View Product</a></div><div class="product"><a href="https://www.amazon.com/dp/B008EKY8VK?tag=eloabder-20&linkCode=osi&th=1&psc=1"><img src="https://m.media-amazon.com/images/I/419EZkaOOIL._SL500_.jpg" alt="Product Image"></a><p>L'Oreal Paris Revitalift Triple Power Anti-Aging Face Moisturizer, Pro Retinol, Hyaluronic Acid & Vitamin C to Reduce Wrinkles, Firm & Brighten Skin, 1.7 Oz</p><p>$17.86 ($10.51 / Ounce)</p><a href="https://www.amazon.com/dp/B008EKY8VK?tag=eloabder-20&linkCode=osi&th=1&psc=1">View Product</a></div><div class="product"><a href="https://www.amazon.com/dp/B00HNSSPDG?tag=eloabder-20&linkCode=osi&th=1&psc=1"><img src="https://m.media-amazon.com/images/I/41zARcUorbL._SL500_.jpg" alt="Product Image"></a><p>Neutrogena Triple Age Repair Anti-Aging Night Cream with Vitamin C; Fights Wrinkles & Evens Tone, Firming Anti-Wrinkle Face & Neck Cream; Glycerin & Shea Butter, 1.7 oz</p><p>$19.19 ($11.29 / Ounce)</p><a href="https://www.amazon.com/dp/B00HNSSPDG?tag=eloabder-20&linkCode=osi&th=1&psc=1">View Product</a></div><div class="product"><a href="https://www.amazon.com/dp/B0C9H6PD9B?tag=eloabder-20&linkCode=osi&th=1&psc=1"><img src="https://m.media-amazon.com/images/I/51MQp9qtYZL._SL500_.jpg" alt="Product Image"></a><p>Collagen Face Moisturizer with Airless Pump - Collagen Botanical Stem Cells Cream for Skin with Retinol, Niacinamide, Hyaluronic Acid - Anti-Aging Day & Night Cream - Made in USA (1.7 Oz)</p><p>$14.99 ($8.82 / Ounce)</p><a href="https://www.amazon.com/dp/B0C9H6PD9B?tag=eloabder-20&linkCode=osi&th=1&psc=1">View Product</a></div><div class="product"><a href="https://www.amazon.com/dp/B01ES349CY?tag=eloabder-20&linkCode=osi&th=1&psc=1"><img src="https://m.media-amazon.com/images/I/51C9olHbYgL._SL500_.jpg" alt="Product Image"></a><p>LilyAna Naturals Retinol Cream - Made in USA, Anti Aging Moisturizer for Face and Neck,Wrinkle, Retinol Complex - 1.7oz</p><p>$18.16 ($10.68 / Ounce)</p><a href="https://www.amazon.com/dp/B01ES349CY?tag=eloabder-20&linkCode=osi&th=1&psc=1">View Product</a></div><div class="product"><a href="https://www.amazon.com/dp/B00QSHEN0M?tag=eloabder-20&linkCode=osi&th=1&psc=1"><img src="https://m.media-amazon.com/images/I/41XiN2SLyrL._SL500_.jpg" alt="Product Image"></a><p>Burt's Bees Renewal Firming Face Cream, Anti-Aging Retinol Alternative, Moisturizing Natural Origin Skin Care, 1.8 Ounce (Packaging May Vary)</p><p>$9.75 ($5.42 / Ounce)</p><a href="https://www.amazon.com/dp/B00QSHEN0M?tag=eloabder-20&linkCode=osi&th=1&psc=1">View Product</a></div><div class="product"><a href="https://www.amazon.com/dp/B0744JV661?tag=eloabder-20&linkCode=osi&th=1&psc=1"><img src="https://m.media-amazon.com/images/I/41uJ0OhvRuL._SL500_.jpg" alt="Product Image"></a><p>RoC Retinol Correxion Max Daily Hydration Anti-Aging Face Moisturizer with Hyaluronic Acid, Oil Free Skin Care Cream for Fine Lines, Dark Spots, Post-Acne Scars, 1.7 Ounces (Packaging May Vary)</p><p>$21.53 ($12.66 / Ounce)</p><a href="https://www.amazon.com/dp/B0744JV661?tag=eloabder-20&linkCode=osi&th=1&psc=1">View Product</a></div><div class="product"><a href="https://www.amazon.com/dp/B004D2C57M?tag=eloabder-20&linkCode=osi&th=1&psc=1"><img src="https://m.media-amazon.com/images/I/4106jzuxtsL._SL500_.jpg" alt="Product Image"></a><p>Neutrogena Retinol Face Moisturizer, Rapid Wrinkle Repair with SPF 30 Sunscreen, Daily Anti-Aging Face Cream with Retinol & Hyaluronic Acid to Fight Fine Lines, Wrinkles, & Dark Spots, 1 fl. oz</p><p>$17.14</p><a href="https://www.amazon.com/dp/B004D2C57M?tag=eloabder-20&linkCode=osi&th=1&psc=1">View Product</a></div><div class="product"><a href="https://www.amazon.com/dp/B0B5TBVX6C?tag=eloabder-20&linkCode=osi&th=1&psc=1"><img src="https://m.media-amazon.com/images/I/51nRJsctWHL._SL500_.jpg" alt="Product Image"></a><p>Retinol Cream for Face - Facial Moisturizer with Collagen and Hyaluronic Acid, Anti-Wrinkle Reduce Fine Lines Vitamin C+E Natural-Ingredient Day Night Anti-Aging For Women Men</p><p>$14.99 ($8.82 / Fl Oz)</p><a href="https://www.amazon.com/dp/B0B5TBVX6C?tag=eloabder-20&linkCode=osi&th=1&psc=1">View Product</a></div>
<div class="product"><a href="https://www.amazon.com/dp/B00DG8F02Q?tag=eloabder-20&linkCode=osi&th=1&psc=1"><img src="https://m.media-amazon.com/images/I/31+WLRw2Y6L._SL500_.jpg" alt="Product Image"></a><p>NIVEA Shea Nourish Body Lotion, 48-Hour Moisturizing Shea Butter Lotion for Dry Skin with Deep Nourishing Serum, 16.9 Fl Oz Pump Bottle</p><p>$6.29 ($0.37 / Fl Oz)</p><a href="https://www.amazon.com/dp/B00DG8F02Q?tag=eloabder-20&linkCode=osi&th=1&psc=1">View Product</a></div><div class="product"><a href="https://www.amazon.com/dp/B076G2XGY3?tag=eloabder-20&linkCode=osi&th=1&psc=1"><img src="https://m.media-amazon.com/images/I/41jIXvha20L._SL500_.jpg" alt="Product Image"></a><p>NIVEA Essentially Enriched Body Lotion for Dry Skin, Pack of 2, 16.9 Fl Oz Pump Bottles</p><p>$10.98 ($0.32 / Fl Oz)</p><a href="https://www.amazon.com/dp/B076G2XGY3?tag=eloabder-20&linkCode=osi&th=1&psc=1">View Product</a></div><div class="product"><a href="https://www.amazon.com/dp/B00DG8EZKO?tag=eloabder-20&linkCode=osi&th=1&psc=1"><img src="https://m.media-amazon.com/images/I/31DT3ghuyXL._SL500_.jpg" alt="Product Image"></a><p>NIVEA Intense Healing Body Lotion for Dry Skin, 72-Hour Moisturizing Lotion with Deep Nourishing Serum and Provitamin B5, 16.9 Fl Oz Pump Bottle</p><p>$6.29 ($0.37 / Fl Oz)</p><a href="https://www.amazon.com/dp/B00DG8EZKO?tag=eloabder-20&linkCode=osi&th=1&psc=1">View Product</a></div><div class="product"><a href="https://www.amazon.com/dp/B08KT5HM98?tag=eloabder-20&linkCode=osi&th=1&psc=1"><img src="https://m.media-amazon.com/images/I/311EVJ1x7tL._SL500_.jpg" alt="Product Image"></a><p>eos Shea Better Body Lotion- Coconut Waters, 24-Hour Moisture Skin Care, Lightweight & Non-Greasy, Made with Natural Shea, Vegan, 16 fl oz</p><p>$8.98 ($0.56 / Fl Oz)</p><a href="https://www.amazon.com/dp/B08KT5HM98?tag=eloabder-20&linkCode=osi&th=1&psc=1">View Product</a></div><div class="product"><a href="https://www.amazon.com/dp/B0034F9K36?tag=eloabder-20&linkCode=osi&th=1&psc=1"><img src="https://m.media-amazon.com/images/I/319i3EFVPvL._SL500_.jpg" alt="Product Image"></a><p>Jergens Ultra Healing Dry Skin Moisturizer, Body and Hand Lotion for Dry Skin, for Quick Absorption into Extra Dry Skin, with HYDRALUCENCE blend, Vitamins C, E, and B5, 32 Ounce</p><p>$8.17 ($0.26 / Fl Oz)</p><a href="https://www.amazon.com/dp/B0034F9K36?tag=eloabder-20&linkCode=osi&th=1&psc=1">View Product</a></div><div class="product"><a href="https://www.amazon.com/dp/B003JT8PKQ?tag=eloabder-20&linkCode=osi&th=1&psc=1"><img src="https://m.media-amazon.com/images/I/31TFisQDpKL._SL500_.jpg" alt="Product Image"></a><p>Lubriderm Daily Moisture Lotion + Pro-Ceramide with Shea Butter & Glycerin Helps Moisturize Dry Skin, Hydrating Face, Hand & Body Lotion is Lightly Scented & Non-Greasy, 24 fl. oz</p><p>$10.12 ($0.42 / Fl Oz)</p><a href="https://www.amazon.com/dp/B003JT8PKQ?tag=eloabder-20&linkCode=osi&th=1&psc=1">View Product</a></div><div class="product"><a href="https://www.amazon.com/dp/B07RK4HST7?tag=eloabder-20&linkCode=osi&th=1&psc=1"><img src="https://m.media-amazon.com/images/I/412DGoW35mL._SL500_.jpg" alt="Product Image"></a><p>CeraVe Daily Moisturizing Lotion for Dry Skin | Body Lotion & Face Moisturizer with Hyaluronic Acid and Ceramides | Daily Moisturizer | Fragrance Free | Oil-Free | 19 Ounce</p><p>$18.50 ($0.97 / Fl Oz)</p><a href="https://www.amazon.com/dp/B07RK4HST7?tag=eloabder-20&linkCode=osi&th=1&psc=1">View Product</a></div><div class="product"><a href="https://www.amazon.com/dp/B0D484X4RL?tag=eloabder-20&linkCode=osi&th=1&psc=1"><img src="https://m.media-amazon.com/images/I/31rZLOx+KEL._SL500_.jpg" alt="Product Image"></a><p>Native Body Lotion Contains Naturally Derived Plant-Based Moisturizers for Women and Men | Restores Dry Skin, Coconut & Vanilla, 16.5 fl oz</p><p>$13.97 ($0.85 / Fl Oz)</p><a href="https://www.amazon.com/dp/B0D484X4RL?tag=eloabder-20&linkCode=osi&th=1&psc=1">View Product</a></div><div class="product"><a href="https://www.amazon.com/dp/B073CXZ8KR?tag=eloabder-20&linkCode=osi&th=1&psc=1"><img src="https://m.media-amazon.com/images/I/31r1ImnqoOL._SL500_.jpg" alt="Product Image"></a><p>Nivea Oil Infused Cherry Blossom and Jojoba Oil Body Lotion, Non-Greasy Cherry Blossom Scented Lotion Moisturizes for 24+ Hours, 16.9 Fl Oz Pump Bottle</p><p>$6.29 ($0.37 / Fl Oz)</p><a href="https://www.amazon.com/dp/B073CXZ8KR?tag=eloabder-20&linkCode=osi&th=1&psc=1">View Product</a></div><div class="product"><a href="https://www.amazon.com/dp/B09HHBKK15?tag=eloabder-20&linkCode=osi&th=1&psc=1"><img src="https://m.media-amazon.com/images/I/31gFI+hSGmL._SL500_.jpg" alt="Product Image"></a><p>Amazon Basics Cocoa Butter Body Lotion, Lightly scented, 20.3 fl oz</p><p>$4.89 ($0.24 / Fl Oz)</p><a href="https://www.amazon.com/dp/B09HHBKK15?tag=eloabder-20&linkCode=osi&th=1&psc=1">View Product</a></div>
<div class="product"><a href="https://www.amazon.com/dp/B0BVBZPX9B?tag=eloabder-20&linkCode=osi&th=1&psc=1"><img src="https://m.media-amazon.com/images/I/61Y09jlKZkL._SL500_.jpg" alt="Product Image"></a><p>Dove Deep Moisture Body Wash 30.6 Fl Oz Pack of 3 with Pump, Luxurious Hydration for Dry Skin, Cleanser with 24hr Renewing MicroMoisture</p><p>$23.22 ($0.25 / Fl Oz)</p><a href="https://www.amazon.com/dp/B0BVBZPX9B?tag=eloabder-20&linkCode=osi&th=1&psc=1">View Product</a></div><div class="product"><a href="https://www.amazon.com/dp/B0BT1VXDGD?tag=eloabder-20&linkCode=osi&th=1&psc=1"><img src="https://m.media-amazon.com/images/I/217eAv7yKyL._SL500_.jpg" alt="Product Image"></a><p>Method Body Wash, Pure Peace, Paraben and Phthalate Free, Biodegradable Formula, 28 oz (Pack of 1)</p><p>$11.48 ($0.41 / Fl Oz)</p><a href="https://www.amazon.com/dp/B0BT1VXDGD?tag=eloabder-20&linkCode=osi&th=1&psc=1">View Product</a></div><div class="product"><a href="https://www.amazon.com/dp/B0BVBYQGTW?tag=eloabder-20&linkCode=osi&th=1&psc=1"><img src="https://m.media-amazon.com/images/I/61En44WjwPL._SL500_.jpg" alt="Product Image"></a><p>Dove Body Wash with Pump Sensitive Skin 3 Count Hypoallergenic, Paraben-Free, Sulfate-Free, Cruelty-Free, Moisturizing Skin Cleanser Effectively Washes Away Bacteria While Nourishing Skin 30.6 oz</p><p>$23.22 ($0.25 / Fl Oz)</p><a href="https://www.amazon.com/dp/B0BVBYQGTW?tag=eloabder-20&linkCode=osi&th=1&psc=1">View Product</a></div><div class="product"><a href="https://www.amazon.com/dp/B0CGY5BLBW?tag=eloabder-20&linkCode=osi&th=1&psc=1"><img src="https://m.media-amazon.com/images/I/61X7MjVU6uL._SL500_.jpg" alt="Product Image"></a><p>Dove Exfoliating Body Wash Glow Recharge Energizes & illuminates skin 3% brightening serum with vitamin C 18.5 oz</p><p>$9.79 ($0.53 / Fl Oz)</p><a href="https://www.amazon.com/dp/B0CGY5BLBW?tag=eloabder-20&linkCode=osi&th=1&psc=1">View Product</a></div><div class="product"><a href="https://www.amazon.com/dp/B082QB23YG?tag=eloabder-20&linkCode=osi&th=1&psc=1"><img src="https://m.media-amazon.com/images/I/31QPAuuaLwL._SL500_.jpg" alt="Product Image"></a><p>NIVEA Refreshing White Peach and Jasmine Body Wash, Scented Body Wash with Nourishing Serum, Plant-Derived Oils, Essential Skin Lipids and Vitamins, 20 Fl Oz Bottle</p><p>$4.89 ($0.24 / Fl Oz)</p><a href="https://www.amazon.com/dp/B082QB23YG?tag=eloabder-20&linkCode=osi&th=1&psc=1">View Product</a></div><div class="product"><a href="https://www.amazon.com/dp/B0BHH1LBX2?tag=eloabder-20&linkCode=osi&th=1&psc=1"><img src="https://m.media-amazon.com/images/I/41aG-jLyOqL._SL500_.jpg" alt="Product Image"></a><p>Olay Ultra Rich Moisture Body Wash for Women, Deeply Nourishes, Vitamin B3 Complex, Clinically Proven, Shea Butter Scent, 22 fl oz (Pack of 4)</p><p>$27.96 ($0.32 / Fl Oz)</p><a href="https://www.amazon.com/dp/B0BHH1LBX2?tag=eloabder-20&linkCode=osi&th=1&psc=1">View Product</a></div><div class="product"><a href="https://www.amazon.com/dp/B07FD24RTR?tag=eloabder-20&linkCode=osi&th=1&psc=1"><img src="https://m.media-amazon.com/images/I/31klAgInvXL._SL500_.jpg" alt="Product Image"></a><p>Aveeno Stress Relief Body Wash with Soothing Oat for Sensitive Skin, Lavender Body Wash to help you feel Calm and Relaxed, Sulfate-Free, 33 FL OZ</p><p>$13.48 ($0.41 / Fl Oz)</p><a href="https://www.amazon.com/dp/B07FD24RTR?tag=eloabder-20&linkCode=osi&th=1&psc=1">View Product</a></div><div class="product"><a href="https://www.amazon.com/dp/B082QC2MCX?tag=eloabder-20&linkCode=osi&th=1&psc=1"><img src="https://m.media-amazon.com/images/I/31ohT5XH1TS._SL500_.jpg" alt="Product Image"></a><p>NIVEA Shea Butter Nourishing Body Wash, Moisturizing Body Wash with Nourishing Serum, Plant-Derived Oils, Essential Skin Lipids and Vitamins, 20 Fl Oz Bottle</p><p>$5.29 ($0.26 / Fl Oz)</p><a href="https://www.amazon.com/dp/B082QC2MCX?tag=eloabder-20&linkCode=osi&th=1&psc=1">View Product</a></div><div class="product"><a href="https://www.amazon.com/dp/B0BVBYDTZ6?tag=eloabder-20&linkCode=osi&th=1&psc=1"><img src="https://m.media-amazon.com/images/I/61UbJzK8yIL._SL500_.jpg" alt="Product Image"></a><p>Dove Body Wash with Pump Refreshing Cucumber and Green Tea 3 Count Refreshes Skin Cleanser That Effectively Washes Away Bacteria While Nourishing Your Skin 30.6 oz</p><p>$29.91 ($0.33 / Fl Oz)</p><a href="https://www.amazon.com/dp/B0BVBYDTZ6?tag=eloabder-20&linkCode=osi&th=1&psc=1">View Product</a></div><div class="product"><a href="https://www.amazon.com/dp/B082QBPDJC?tag=eloabder-20&linkCode=osi&th=1&psc=1"><img src="https://m.media-amazon.com/images/I/31tC4JDwHQL._SL500_.jpg" alt="Product Image"></a><p>NIVEA Coconut and Almond Milk Pampering Body Wash, Moisturizing Body Wash with Nourishing Serum, Plant-Derived Oils, Essential Skin Lipids and Vitamins, 20 Fl Oz Bottle</p><p>$4.99 ($0.25 / Fl Oz)</p><a href="https://www.amazon.com/dp/B082QBPDJC?tag=eloabder-20&linkCode=osi&th=1&psc=1">View Product</a></div>
<div class="product"><a href="https://www.amazon.com/dp/B07N7MWX72?tag=eloabder-20&linkCode=osi&th=1&psc=1"><img src="https://m.media-amazon.com/images/I/414aNTDFuRL._SL500_.jpg" alt="Product Image"></a><p>Mielle Organics Rosemary Mint Strengthening Shampoo Infused with Biotin, Cleanses and Helps Strengthen Weak and Brittle Hair, 12 Ounces</p><p>$9.97 ($0.83 / Fl Oz)</p><a href="https://www.amazon.com/dp/B07N7MWX72?tag=eloabder-20&linkCode=osi&th=1&psc=1">View Product</a></div><div class="product"><a href="https://www.amazon.com/dp/B01N97PCBH?tag=eloabder-20&linkCode=osi&th=1&psc=1"><img src="https://m.media-amazon.com/images/I/41KYNMCTIPL._SL500_.jpg" alt="Product Image"></a><p>Garnier Fructis Pure Clean Purifying Shampoo, Silicone-Free, 12.5 Fl Oz, 1 Count (Packaging May Vary)</p><p>$3.97 ($0.32 / Fl Oz)</p><a href="https://www.amazon.com/dp/B01N97PCBH?tag=eloabder-20&linkCode=osi&th=1&psc=1">View Product</a></div><div class="product"><a href="https://www.amazon.com/dp/B07D37PQGL?tag=eloabder-20&linkCode=osi&th=1&psc=1"><img src="https://m.media-amazon.com/images/I/31+tZhs5TNL._SL500_.jpg" alt="Product Image"></a><p>Olaplex No. 4 Bond Maintenance Shampoo, Repairs, Strengthens, & Nourishes All Hair Types, Adds Shine & Leaves Hair Feeling Soft, 8.5 fl oz</p><p>$30.00 ($3.53 / Fl Oz)</p><a href="https://www.amazon.com/dp/B07D37PQGL?tag=eloabder-20&linkCode=osi&th=1&psc=1">View Product</a></div><div class="product"><a href="https://www.amazon.com/dp/B084LHV2M1?tag=eloabder-20&linkCode=osi&th=1&psc=1"><img src="https://m.media-amazon.com/images/I/4174ry43L0L._SL500_.jpg" alt="Product Image"></a><p>Herbal Essences Hello hydration shampoo shampooing for hair 29.2 FL OZ</p><p>$7.97 ($0.27 / Fl Oz)</p><a href="https://www.amazon.com/dp/B084LHV2M1?tag=eloabder-20&linkCode=osi&th=1&psc=1">View Product</a></div><div class="product"><a href="https://www.amazon.com/dp/B08SSM21R4?tag=eloabder-20&linkCode=osi&th=1&psc=1"><img src="https://m.media-amazon.com/images/I/31WbRm+ZKEL._SL500_.jpg" alt="Product Image"></a><p>Redken All Soft Shampoo | Deeply Moisturizes and Hydrates | Softens, Smooths, and Adds Shine | Safe for Color-Treated Hair | Nourishing Shampoo for Dry Hair | With Argan Oil</p><p>$26.00 ($2.57 / Fl Oz)</p><a href="https://www.amazon.com/dp/B08SSM21R4?tag=eloabder-20&linkCode=osi&th=1&psc=1">View Product</a></div><div class="product"><a href="https://www.amazon.com/dp/B0D4SBLLRJ?tag=eloabder-20&linkCode=osi&th=1&psc=1"><img src="https://m.media-amazon.com/images/I/41uWwx+mKwL._SL500_.jpg" alt="Product Image"></a><p>Olaplex Wash and Shine Kit</p><p>$57.00</p><a href="https://www.amazon.com/dp/B0D4SBLLRJ?tag=eloabder-20&linkCode=osi&th=1&psc=1">View Product</a></div><div class="product"><a href="https://www.amazon.com/dp/B086S4Q7JH?tag=eloabder-20&linkCode=osi&th=1&psc=1"><img src="https://m.media-amazon.com/images/I/51i3YLQncNL._SL500_.jpg" alt="Product Image"></a><p>Herbal Essences Shampoo and Conditioner Set, Vitamin E, Rose Hips and Jojoba Extract, Smooth Collection, Bundle</p><p>$13.81 ($0.24 / Fl Oz)</p><a href="https://www.amazon.com/dp/B086S4Q7JH?tag=eloabder-20&linkCode=osi&th=1&psc=1">View Product</a></div><div class="product"><a href="https://www.amazon.com/dp/B01ENCBOA0?tag=eloabder-20&linkCode=osi&th=1&psc=1"><img src="https://m.media-amazon.com/images/I/41wcbs9bSAL._SL500_.jpg" alt="Product Image"></a><p>Rosemary and Biotin Shampoo for Thinning Hair - Vegan Volumizing Shampoo for Fine Hair with Argan and Tea Tree Oil - Paraben Silicone and Sulfate Free Shampoo for Dry Damaged Weak and Thin Hair Care</p><p>$12.95 ($1.62 / Fl Oz)</p><a href="https://www.amazon.com/dp/B01ENCBOA0?tag=eloabder-20&linkCode=osi&th=1&psc=1">View Product</a></div><div class="product"><a href="https://www.amazon.com/dp/B07NQ69L7P?tag=eloabder-20&linkCode=osi&th=1&psc=1"><img src="https://m.media-amazon.com/images/I/51c83KZZLJL._SL500_.jpg" alt="Product Image"></a><p>Herbal Essences Argan Oil of Morocco Shampoo & Conditioner Set, Repair & Smooth, Kew Endorsed, Fizzy Citrus Scent, Paraben-Free, Safe for Color-Treated Hair, pH-Balanced, 20.2 Fl Oz Each, 2 Pack</p><p>$24.99</p><a href="https://www.amazon.com/dp/B07NQ69L7P?tag=eloabder-20&linkCode=osi&th=1&psc=1">View Product</a></div>
<div class="product"><a href="https://www.amazon.com/dp/B0891BBRHW?tag=eloabder-20&linkCode=osi&th=1&psc=1"><img src="https://m.media-amazon.com/images/I/31ndDwe7VSL._SL500_.jpg" alt="Product Image"></a><p>Pureology Hydrate Moisturizing Conditioner | Softens and Deeply Hydrates Dry Hair | For Medium to Thick Color Treated or Natural Hair | Sulfate Free Conditioner | Vegan</p><p>$37.00 ($4.11 / Fl Oz)</p><a href="https://www.amazon.com/dp/B0891BBRHW?tag=eloabder-20&linkCode=osi&th=1&psc=1">View Product</a></div><div class="product"><a href="https://www.amazon.com/dp/B07D37SBHF?tag=eloabder-20&linkCode=osi&th=1&psc=1"><img src="https://m.media-amazon.com/images/I/31ivDW-ouZL._SL500_.jpg" alt="Product Image"></a><p>Olaplex No. 5 Bond Maintenance Conditioner, Repairs, Strengthens, & Nourishes All Hair Types, Leaving Hair Feeling Soft & Adds Shine, 8.5 fl oz"</p><p>$30.00 ($3.53 / Fl Oz)</p><a href="https://www.amazon.com/dp/B07D37SBHF?tag=eloabder-20&linkCode=osi&th=1&psc=1">View Product</a></div><div class="product"><a href="https://www.amazon.com/dp/B07CLD17F5?tag=eloabder-20&linkCode=osi&th=1&psc=1"><img src="https://m.media-amazon.com/images/I/61hTHQjDOkL._SL500_.jpg" alt="Product Image"></a><p>Dove Ultra Care Conditioner Coconut & Hydration for Dry Hair Conditioner with Coconut Oil, Jojoba Oil & Sweet Almond Oil 25.4 oz</p><p>$7.49 ($0.29 / Fl Oz)</p><a href="https://www.amazon.com/dp/B07CLD17F5?tag=eloabder-20&linkCode=osi&th=1&psc=1">View Product</a></div><div class="product"><a href="https://www.amazon.com/dp/B0752CBW5T?tag=eloabder-20&linkCode=osi&th=1&psc=1"><img src="https://m.media-amazon.com/images/I/31-KMa7LAlS._SL500_.jpg" alt="Product Image"></a><p>L'Oreal Paris Elvive Total Repair 5 Repairing Conditioner for Damaged Hair Conditioner with Protein and Ceramide for Strong Silky Shiny Healthy Renewed Hair 28 Fl Oz</p><p>$8.49 ($0.30 / Fl Oz)</p><a href="https://www.amazon.com/dp/B0752CBW5T?tag=eloabder-20&linkCode=osi&th=1&psc=1">View Product</a></div><div class="product"><a href="https://www.amazon.com/dp/B00L01DEII?tag=eloabder-20&linkCode=osi&th=1&psc=1"><img src="https://m.media-amazon.com/images/I/31EJqWmmSNL._SL500_.jpg" alt="Product Image"></a><p>Biolage Ultra Hydra Source Conditioning Balm | Deep Hydrating Conditioner | Renews Hair's Moisture | For Very Dry Hair | Silicone-Free | Vegan | Salon Conditioner | 33.8 Fl. Oz</p><p>$42.00 ($1.24 / Fl Oz)</p><a href="https://www.amazon.com/dp/B00L01DEII?tag=eloabder-20&linkCode=osi&th=1&psc=1">View Product</a></div><div class="product"><a href="https://www.amazon.com/dp/B08SSCQH77?tag=eloabder-20&linkCode=osi&th=1&psc=1"><img src="https://m.media-amazon.com/images/I/31P8RgJeqwL._SL500_.jpg" alt="Product Image"></a><p>Redken All Soft Conditioner | For Dry / Brittle Hair | Moisturizes & Provides Intense Softness | With Argan Oil | 10.1 Fl Oz</p><p>$26.00 ($2.57 / Fl Oz)</p><a href="https://www.amazon.com/dp/B08SSCQH77?tag=eloabder-20&linkCode=osi&th=1&psc=1">View Product</a></div><div class="product"><a href="https://www.amazon.com/dp/B074VLNPSG?tag=eloabder-20&linkCode=osi&th=1&psc=1"><img src="https://m.media-amazon.com/images/I/319FOowuSkL._SL500_.jpg" alt="Product Image"></a><p>Garnier Fructis Grow Strong Conditioner, 33.8 Fl Oz, 1 Count (Packaging May Vary)</p><p>$8.49 ($0.25 / Fl Oz)</p><a href="https://www.amazon.com/dp/B074VLNPSG?tag=eloabder-20&linkCode=osi&th=1&psc=1">View Product</a></div><div class="product"><a href="https://www.amazon.com/dp/B00JAI4FGI?tag=eloabder-20&linkCode=osi&th=1&psc=1"><img src="https://m.media-amazon.com/images/I/212rXWGPu1L._SL500_.jpg" alt="Product Image"></a><p>Biolage Color Last Conditioner | Helps Protect Hair & Maintain Vibrant Color | For Color-Treated and Natural Hair | Paraben & Silicone-Free | Vegan | Cruelty Free | Color Protecting Salon Conditioner</p><p>$24.00 ($1.78 / Fl Oz)</p><a href="https://www.amazon.com/dp/B00JAI4FGI?tag=eloabder-20&linkCode=osi&th=1&psc=1">View Product</a></div>
<div class="product"><a href="https://www.amazon.com/dp/B00I32AN4K?tag=eloabder-20&linkCode=osi&th=1&psc=1"><img src="https://m.media-amazon.com/images/I/51KpmxinYYL._SL500_.jpg" alt="Product Image"></a><p>Arvazallia Hydrating Argan Oil Hair Mask and Deep Conditioner for Dry or Damaged Hair - 8.45 Oz</p><p>$12.95 ($1.53 / Fl Oz)</p><a href="https://www.amazon.com/dp/B00I32AN4K?tag=eloabder-20&linkCode=osi&th=1&psc=1">View Product</a></div><div class="product"><a href="https://www.amazon.com/dp/B07H3GBSC3?tag=eloabder-20&linkCode=osi&th=1&psc=1"><img src="https://m.media-amazon.com/images/I/41I862UzKRL._SL500_.jpg" alt="Product Image"></a><p>amika soulfood nourishing Mask, 8 Fl oz</p><p>$34.00 ($4.25 / Fl Oz)</p><a href="https://www.amazon.com/dp/B07H3GBSC3?tag=eloabder-20&linkCode=osi&th=1&psc=1">View Product</a></div><div class="product"><a href="https://www.amazon.com/dp/B075L6BL61?tag=eloabder-20&linkCode=osi&th=1&psc=1"><img src="https://m.media-amazon.com/images/I/41zCFV7oGTL._SL500_.jpg" alt="Product Image"></a><p>Karseell Collagen Hair Treatment Deep Repair Conditioning Argan Oil Collagen Hair Mask Essence for Dry Damaged Hair All Hair Types 16.90 oz 500ml</p><p>$23.33 ($1.38 / Fl Oz)</p><a href="https://www.amazon.com/dp/B075L6BL61?tag=eloabder-20&linkCode=osi&th=1&psc=1">View Product</a></div><div class="product"><a href="https://www.amazon.com/dp/B0BQ54DQNM?tag=eloabder-20&linkCode=osi&th=1&psc=1"><img src="https://m.media-amazon.com/images/I/41uhtWPJeuL._SL500_.jpg" alt="Product Image"></a><p>Eva NYC Therapy Session Hair Mask, Deep Conditioning Hair Mask Infused with Argan Oil and Plant Protein, 16.9 fl oz</p><p>$19.00 ($1.12 / Fl Oz)</p><a href="https://www.amazon.com/dp/B0BQ54DQNM?tag=eloabder-20&linkCode=osi&th=1&psc=1">View Product</a></div><div class="product"><a href="https://www.amazon.com/dp/B01I2ZQJSG?tag=eloabder-20&linkCode=osi&th=1&psc=1"><img src="https://m.media-amazon.com/images/I/41ctrFUeQAL._SL500_.jpg" alt="Product Image"></a><p>Elizavecca cer-100 collagen coating hair protein treatment 100ml</p><p>$7.40 ($2.19 / Fl Oz)</p><a href="https://www.amazon.com/dp/B01I2ZQJSG?tag=eloabder-20&linkCode=osi&th=1&psc=1">View Product</a></div><div class="product"><a href="https://www.amazon.com/dp/B07N7NBYSP?tag=eloabder-20&linkCode=osi&th=1&psc=1"><img src="https://m.media-amazon.com/images/I/515lD0OXQ+L._SL500_.jpg" alt="Product Image"></a><p>Mielle Organics Rosemary Mint Strengthening Hair Masque, Essential Oil & Biotin Deep Treatment, Miracle Repair for Dry, Damaged, & Frizzy Hair, 12 Ounces</p><p>$9.97 ($0.83 / Ounce)</p><a href="https://www.amazon.com/dp/B07N7NBYSP?tag=eloabder-20&linkCode=osi&th=1&psc=1">View Product</a></div><div class="product"><a href="https://www.amazon.com/dp/B002N5MKMG?tag=eloabder-20&linkCode=osi&th=1&psc=1"><img src="https://m.media-amazon.com/images/I/41NxqnExYnL._SL500_.jpg" alt="Product Image"></a><p>Moroccanoil Intense Hydrating Mask, 8.5 Fl. Oz.</p><p>$42.00 ($4.94 / Fl Oz)</p><a href="https://www.amazon.com/dp/B002N5MKMG?tag=eloabder-20&linkCode=osi&th=1&psc=1">View Product</a></div><div class="product"><a href="https://www.amazon.com/dp/B07M7PP9KX?tag=eloabder-20&linkCode=osi&th=1&psc=1"><img src="https://m.media-amazon.com/images/I/41Mpv3wIxEL._SL500_.jpg" alt="Product Image"></a><p>Marc Anthony Grow Long Hair Anti-Breakage Mask, 10.4 OZ</p><p>$8.99 ($0.90 / Fl Oz)</p><a href="https://www.amazon.com/dp/B07M7PP9KX?tag=eloabder-20&linkCode=osi&th=1&psc=1">View Product</a></div><div class="product"><a href="https://www.amazon.com/dp/B09HR5KSR8?tag=eloabder-20&linkCode=osi&th=1&psc=1"><img src="https://m.media-amazon.com/images/I/51aIw6AhsXL._SL500_.jpg" alt="Product Image"></a><p>K18 Mini Leave-In Molecular Hair Mask, Repairs Dry or Damaged Hair, Reverse Hair Damage from Bleach, Color, Chemical Services & Heat, 0.51 Fl Oz</p><p>$29.00 ($56.86 / Fl Oz)</p><a href="https://www.amazon.com/dp/B09HR5KSR8?tag=eloabder-20&linkCode=osi&th=1&psc=1">View Product</a></div>
<div class="product"><a href="https://www.amazon.com/dp/B004J1MNII?tag=eloabder-20&linkCode=osi&th=1&psc=1"><img src="https://m.media-amazon.com/images/I/31nFgivW0gL._SL500_.jpg" alt="Product Image"></a><p>Moroccanoil Hydrating Styling Cream, Travel Size, 2.53 Fl Oz</p><p>$16.00 ($6.40 / Fl Oz)</p><a href="https://www.amazon.com/dp/B004J1MNII?tag=eloabder-20&linkCode=osi&th=1&psc=1">View Product</a></div><div class="product"><a href="https://www.amazon.com/dp/B00G187CP6?tag=eloabder-20&linkCode=osi&th=1&psc=1"><img src="https://m.media-amazon.com/images/I/31belqXvyyL._SL500_.jpg" alt="Product Image"></a><p>COLOR WOW One Minute Transformation – Instant frizz fix| Nourishing styling cream smooths, tames + defrizzes on the spot| Avocado oil + Omega 3’s hydrate, repair for silkier, smoother texture</p><p>$24.00</p><a href="https://www.amazon.com/dp/B00G187CP6?tag=eloabder-20&linkCode=osi&th=1&psc=1">View Product</a></div><div class="product"><a href="https://www.amazon.com/dp/B073CWSQ51?tag=eloabder-20&linkCode=osi&th=1&psc=1"><img src="https://m.media-amazon.com/images/I/41lIHxirIkL._SL500_.jpg" alt="Product Image"></a><p>COLOR WOW Dream Coat Supernatural Spray, 6.7 Fl Oz – Keep Your Hair Frizz-Free and Shiny No Matter the Weather with Award-Winning Anti-Humidity Treatment</p><p>$28.00 ($4.18 / Fl Oz)</p><a href="https://www.amazon.com/dp/B073CWSQ51?tag=eloabder-20&linkCode=osi&th=1&psc=1">View Product</a></div><div class="product"><a href="https://www.amazon.com/dp/B075RGHQVF?tag=eloabder-20&linkCode=osi&th=1&psc=1"><img src="https://m.media-amazon.com/images/I/21TgD3HaqbL._SL500_.jpg" alt="Product Image"></a><p>American Crew Men's Fiber Cream, Like Hair Gel with Medium Hold & Natural Shine, 3.3 Fl Oz</p><p>$9.94 ($3.01 / Ounce)</p><a href="https://www.amazon.com/dp/B075RGHQVF?tag=eloabder-20&linkCode=osi&th=1&psc=1">View Product</a></div><div class="product"><a href="https://www.amazon.com/dp/B0BLWTQ7JC?tag=eloabder-20&linkCode=osi&th=1&psc=1"><img src="https://m.media-amazon.com/images/I/31jMkcol7VL._SL500_.jpg" alt="Product Image"></a><p>DAE Cactus Fruit 3-In-1 Styling Cream - Smooth Styles, Prep Shiny Blowouts, Defines Curls (5 oz.)</p><p>$30.00 ($6.00 / Ounce)</p><a href="https://www.amazon.com/dp/B0BLWTQ7JC?tag=eloabder-20&linkCode=osi&th=1&psc=1">View Product</a></div><div class="product"><a href="https://www.amazon.com/dp/B00H3DOSPU?tag=eloabder-20&linkCode=osi&th=1&psc=1"><img src="https://m.media-amazon.com/images/I/317clPmAyiL._SL500_.jpg" alt="Product Image"></a><p>Biolage Styling Gelée | Firm Hold That Adds Body, Shine & Control | For All Hair Types | Paraben-Free | Vegan | 16.9 fl. oz. | 16.9 Fl. Oz</p><p>$24.00 ($1.42 / Fl Oz)</p><a href="https://www.amazon.com/dp/B00H3DOSPU?tag=eloabder-20&linkCode=osi&th=1&psc=1">View Product</a></div><div class="product"><a href="https://www.amazon.com/dp/B08SNSSTPZ?tag=eloabder-20&linkCode=osi&th=1&psc=1"><img src="https://m.media-amazon.com/images/I/31KrkpMat6L._SL500_.jpg" alt="Product Image"></a><p>L3 Level 3 Styling Powder - Natural Look Mens Powder - Easy to Apply with No Oil or Greasy Residue (Small - 30 Grams)</p><p>$9.99 ($9.51 / Fl Oz)</p><a href="https://www.amazon.com/dp/B08SNSSTPZ?tag=eloabder-20&linkCode=osi&th=1&psc=1">View Product</a></div><div class="product"><a href="https://www.amazon.com/dp/B09MZS3D3K?tag=eloabder-20&linkCode=osi&th=1&psc=1"><img src="https://m.media-amazon.com/images/I/31CADZzpR7L._SL500_.jpg" alt="Product Image"></a><p>Marc Anthony Biotin Styling Hair Cream, Instantly Thick - Biotin & Vitamin E Hair Thickening Cream, Lightweight Hold for Thicker & Fuller Hair - Volumizing Hair Product for Thin, Flat Hair</p><p>$8.99 ($1.82 / Ounce)</p><a href="https://www.amazon.com/dp/B09MZS3D3K?tag=eloabder-20&linkCode=osi&th=1&psc=1">View Product</a></div><div class="product"><a href="https://www.amazon.com/dp/B0009OMNQQ?tag=eloabder-20&linkCode=osi&th=1&psc=1"><img src="https://m.media-amazon.com/images/I/21BMUFOie3L._SL500_.jpg" alt="Product Image"></a><p>Paul Mitchell Extra-Body Sculpting Foam, Thickens + Builds Body, For Fine Hair, 6.7 oz.</p><p>$16.50 ($2.46 / Fl Oz)</p><a href="https://www.amazon.com/dp/B0009OMNQQ?tag=eloabder-20&linkCode=osi&th=1&psc=1">View Product</a></div>
<div class="product"><a href="https://www.amazon.com/dp/B09LXMXSMN?tag=eloabder-20&linkCode=osi&th=1&psc=1"><img src="https://m.media-amazon.com/images/I/51Sly6w-y7L._SL500_.jpg" alt="Product Image"></a><p>Revlon ColorSilk Beautiful Color Permanent Hair Color, Long-Lasting High-Definition Color, Shine & Silky Softness with 100% Gray Coverage, Ammonia Free, 41 Medium Brown, 3 Pack</p><p>$11.91 ($0.90 / Fl Oz)</p><a href="https://www.amazon.com/dp/B09LXMXSMN?tag=eloabder-20&linkCode=osi&th=1&psc=1">View Product</a></div><div class="product"><a href="https://www.amazon.com/dp/B004INIW1Y?tag=eloabder-20&linkCode=osi&th=1&psc=1"><img src="https://m.media-amazon.com/images/I/51QXVxOgEkL._SL500_.jpg" alt="Product Image"></a><p>L'Oreal Paris Excellence Creme Permanent Hair Color, 4 Dark Brown, 100 percent Gray Coverage Hair Dye, Pack of 1</p><p>$10.97</p><a href="https://www.amazon.com/dp/B004INIW1Y?tag=eloabder-20&linkCode=osi&th=1&psc=1">View Product</a></div><div class="product"><a href="https://www.amazon.com/dp/B00TUM6QUC?tag=eloabder-20&linkCode=osi&th=1&psc=1"><img src="https://m.media-amazon.com/images/I/511vRRkzayL._SL500_.jpg" alt="Product Image"></a><p>Schwarzkopf Keratin Color Permanent Hair Color, 6.0 Delicate Praline, 1 Application - Salon Inspired Permanent Hair Dye, for up to 80% Less Breakage vs Untreated Hair and up to 100% Gray Coverage</p><p>$11.97</p><a href="https://www.amazon.com/dp/B00TUM6QUC?tag=eloabder-20&linkCode=osi&th=1&psc=1">View Product</a></div><div class="product"><a href="https://www.amazon.com/dp/B00006JN4M?tag=eloabder-20&linkCode=osi&th=1&psc=1"><img src="https://m.media-amazon.com/images/I/41YBT6aEgWL._SL500_.jpg" alt="Product Image"></a><p>L'Oreal Paris Superior Preference Fade-Defying + Shine Permanent Hair Color, 6 Light Brown, Pack of 1, Hair Dye</p><p>$11.97</p><a href="https://www.amazon.com/dp/B00006JN4M?tag=eloabder-20&linkCode=osi&th=1&psc=1">View Product</a></div><div class="product"><a href="https://www.amazon.com/dp/B07HXH48TF?tag=eloabder-20&linkCode=osi&th=1&psc=1"><img src="https://m.media-amazon.com/images/I/51VP1hHWq9L._SL500_.jpg" alt="Product Image"></a><p>Garnier Hair Color Nutrisse Nourishing Creme, 50 Medium Natural Brown (Truffle) Permanent Hair Dye, 2 Count (Packaging May Vary)</p><p>$16.98 ($8.49 / Count)</p><a href="https://www.amazon.com/dp/B07HXH48TF?tag=eloabder-20&linkCode=osi&th=1&psc=1">View Product</a></div><div class="product"><a href="https://www.amazon.com/dp/B001UMV18M?tag=eloabder-20&linkCode=osi&th=1&psc=1"><img src="https://m.media-amazon.com/images/I/51h21IlxAhL._SL500_.jpg" alt="Product Image"></a><p>Garnier Hair Color Nutrisse Nourishing Creme, 415 Soft Mahogany Brown (Raspberry Truffle) Permanent Hair Dye, 1 Count (Packaging May Vary)</p><p>$8.47</p><a href="https://www.amazon.com/dp/B001UMV18M?tag=eloabder-20&linkCode=osi&th=1&psc=1">View Product</a></div><div class="product"><a href="https://www.amazon.com/dp/B0B3KWJ242?tag=eloabder-20&linkCode=osi&th=1&psc=1"><img src="https://m.media-amazon.com/images/I/41fqsQmb0VL._SL500_.jpg" alt="Product Image"></a><p>COLORCHARM Demi Permanent Hair Color, 3N Medium Neutral Brown 2 oz</p><p>$9.99 ($5.00 / Fl Oz)</p><a href="https://www.amazon.com/dp/B0B3KWJ242?tag=eloabder-20&linkCode=osi&th=1&psc=1">View Product</a></div>
<div class="product"><a href="https://www.amazon.com/dp/B01ACPW1SG?tag=eloabder-20&linkCode=osi&th=1&psc=1"><img src="https://m.media-amazon.com/images/I/41aIRzbHxNL._SL500_.jpg" alt="Product Image"></a><p>CoverGirl & Olay Simply Ageless 3-in-1 Liquid Foundation, Matte Finish, Hyaluronic & Vitamin C Formula, Cruelty Free, Classic Ivory, 1 Count</p><p>$10.49</p><a href="https://www.amazon.com/dp/B01ACPW1SG?tag=eloabder-20&linkCode=osi&th=1&psc=1">View Product</a></div><div class="product"><a href="https://www.amazon.com/dp/B07MWSP8SG?tag=eloabder-20&linkCode=osi&th=1&psc=1"><img src="https://m.media-amazon.com/images/I/31B37fmqI7L._SL500_.jpg" alt="Product Image"></a><p>e.l.f. Flawless Finish Foundation, Improves Uneven Skin Tone, Lightweight, Medium Coverage & Semi-Matte, Vegan & Cruelty-Free, Beige 0.67 Fl Oz</p><p>$6.00</p><a href="https://www.amazon.com/dp/B07MWSP8SG?tag=eloabder-20&linkCode=osi&th=1&psc=1">View Product</a></div><div class="product"><a href="https://www.amazon.com/dp/B00PFCSUNC?tag=eloabder-20&linkCode=osi&th=1&psc=1"><img src="https://m.media-amazon.com/images/I/41FK6ukLnvL._SL500_.jpg" alt="Product Image"></a><p>Maybelline Fit Me Matte + Poreless Liquid Oil-Free Foundation Makeup, Natural Ivory, 1 Count (Packaging May Vary)</p><p>$7.10</p><a href="https://www.amazon.com/dp/B00PFCSUNC?tag=eloabder-20&linkCode=osi&th=1&psc=1">View Product</a></div><div class="product"><a href="https://www.amazon.com/dp/B0BCGZMTSY?tag=eloabder-20&linkCode=osi&th=1&psc=1"><img src="https://m.media-amazon.com/images/I/31Qa6QbmaiL._SL500_.jpg" alt="Product Image"></a><p>L'Oreal Paris True Match Super-Blendable Foundation, Medium Coverage Liquid Foundation Makeup, N3, Light Medium, 1 Fl Oz</p><p>$9.97</p><a href="https://www.amazon.com/dp/B0BCGZMTSY?tag=eloabder-20&linkCode=osi&th=1&psc=1">View Product</a></div><div class="product"><a href="https://www.amazon.com/dp/B000IEMGGE?tag=eloabder-20&linkCode=osi&th=1&psc=1"><img src="https://m.media-amazon.com/images/I/41RtSkNmHSL._SL500_.jpg" alt="Product Image"></a><p>LAURA GELLER NEW YORK Award-Winning Baked Balance-n-Brighten Color Correcting Powder Foundation - Fair - Buildable Light to Medium Coverage - Demi-Matte Natural Finish</p><p>$22.13</p><a href="https://www.amazon.com/dp/B000IEMGGE?tag=eloabder-20&linkCode=osi&th=1&psc=1">View Product</a></div><div class="product"><a href="https://www.amazon.com/dp/B01LMMZY6O?tag=eloabder-20&linkCode=osi&th=1&psc=1"><img src="https://m.media-amazon.com/images/I/41WWjJXCsFL._SL500_.jpg" alt="Product Image"></a><p>IT Cosmetics Your Skin But Better CC+ Cream, Medium (W) - Color Correcting Cream, Full-Coverage Foundation, Hydrating Serum & SPF 50+ Sunscreen - Natural Finish - 1.08 fl oz</p><p>$47.00 ($43.52 / Fl Oz)</p><a href="https://www.amazon.com/dp/B01LMMZY6O?tag=eloabder-20&linkCode=osi&th=1&psc=1">View Product</a></div><div class="product"><a href="https://www.amazon.com/dp/B07CVFY5PQ?tag=eloabder-20&linkCode=osi&th=1&psc=1"><img src="https://m.media-amazon.com/images/I/416VSGy4SKL._SL500_.jpg" alt="Product Image"></a><p>MagicMinerals AirBrush Foundation by Jerome Alexander – 2pc Set with Airbrush Foundation and Kabuki Brush - Spray Makeup with Anti-aging Ingredients for Smooth Radiant Skin - Medium</p><p>$19.99 ($11.11 / Fl Oz)</p><a href="https://www.amazon.com/dp/B07CVFY5PQ?tag=eloabder-20&linkCode=osi&th=1&psc=1">View Product</a></div><div class="product"><a href="https://www.amazon.com/dp/B0039UTUZE?tag=eloabder-20&linkCode=osi&th=1&psc=1"><img src="https://m.media-amazon.com/images/I/41eXDpZ835L._SL500_.jpg" alt="Product Image"></a><p>Revlon Liquid Foundation, ColorStay Face Makeup for Combination & Oily Skin, SPF 15, Medium-Full Coverage with Matte Finish, Natural Beige ((220), 1.0 oz</p><p>$9.70</p><a href="https://www.amazon.com/dp/B0039UTUZE?tag=eloabder-20&linkCode=osi&th=1&psc=1">View Product</a></div><div class="product"><a href="https://www.amazon.com/dp/B00I52QPAE?tag=eloabder-20&linkCode=osi&th=1&psc=1"><img src="https://m.media-amazon.com/images/I/317EDqzSg+L._SL500_.jpg" alt="Product Image"></a><p>Revlon Liquid Foundation, Age Defying 3XFace Makeup, Anti-Aging and Firming Formula, SPF 30, Longwear Medium Buildable Coverage with Natural Finish, 035 Natural Beige, 1 Fl Oz</p><p>$13.48</p><a href="https://www.amazon.com/dp/B00I52QPAE?tag=eloabder-20&linkCode=osi&th=1&psc=1">View Product</a></div><div class="product"><a href="https://www.amazon.com/dp/B07H621Q3H?tag=eloabder-20&linkCode=osi&th=1&psc=1"><img src="https://m.media-amazon.com/images/I/31JtVpLZ4FL._SL500_.jpg" alt="Product Image"></a><p>L'Oreal Paris Makeup Infallible Up to 32 Hour Fresh Wear Lightweight Foundation, 420 True Beige, 1 Fl Oz, Packaging May Vary</p><p>$11.98</p><a href="https://www.amazon.com/dp/B07H621Q3H?tag=eloabder-20&linkCode=osi&th=1&psc=1">View Product</a></div>
<div class="product"><a href="https://www.amazon.com/dp/B07Q9V4KMJ?tag=eloabder-20&linkCode=osi&th=1&psc=1"><img src="https://m.media-amazon.com/images/I/31pro1JWTCL._SL500_.jpg" alt="Product Image"></a><p>Maybelline Instant Age Rewind Eraser Dark Circles Treatment Multi-Use Concealer, 115, 1 Count (Packaging May Vary)</p><p>$8.42</p><a href="https://www.amazon.com/dp/B07Q9V4KMJ?tag=eloabder-20&linkCode=osi&th=1&psc=1">View Product</a></div><div class="product"><a href="https://www.amazon.com/dp/B07ZR14WBZ?tag=eloabder-20&linkCode=osi&th=1&psc=1"><img src="https://m.media-amazon.com/images/I/313ljymBVaL._SL500_.jpg" alt="Product Image"></a><p>e.l.f. Hydrating Camo Concealer, Lightweight, Full Coverage, Long Lasting, Conceals, Corrects, Covers, Hydrates, Highlights, Light Sand, Satin Finish, 25 Shades, All-Day Wear, 0.20 Fl Oz</p><p>$7.00</p><a href="https://www.amazon.com/dp/B07ZR14WBZ?tag=eloabder-20&linkCode=osi&th=1&psc=1">View Product</a></div><div class="product"><a href="https://www.amazon.com/dp/B0046VJV36?tag=eloabder-20&linkCode=osi&th=1&psc=1"><img src="https://m.media-amazon.com/images/I/31-ZFCLgLcL._SL500_.jpg" alt="Product Image"></a><p>Maybelline New York Fit Me Liquid Concealer Makeup, Natural Coverage, Lightweight, Conceals, Covers Oil-Free, Fair, 1 Count (Packaging May Vary)</p><p>$6.31</p><a href="https://www.amazon.com/dp/B0046VJV36?tag=eloabder-20&linkCode=osi&th=1&psc=1">View Product</a></div><div class="product"><a href="https://www.amazon.com/dp/B07ZR1CQHS?tag=eloabder-20&linkCode=osi&th=1&psc=1"><img src="https://m.media-amazon.com/images/I/31s0zWRX+4L._SL500_.jpg" alt="Product Image"></a><p>e.l.f. 16HR Camo Concealer, Full Coverage, Highly Pigmented Concealer With Matte Finish, Crease-proof, Vegan & Cruelty-Free, Light Ivory, 0.203 Fl Oz</p><p>$7.00</p><a href="https://www.amazon.com/dp/B07ZR1CQHS?tag=eloabder-20&linkCode=osi&th=1&psc=1">View Product</a></div><div class="product"><a href="https://www.amazon.com/dp/B009WI05BU?tag=eloabder-20&linkCode=osi&th=1&psc=1"><img src="https://m.media-amazon.com/images/I/312BFbzGKlL._SL500_.jpg" alt="Product Image"></a><p>L.A. Girl Pro Concealer, Fawn, 0.28 Oz (LAX-GC983-A)</p><p>$4.99</p><a href="https://www.amazon.com/dp/B009WI05BU?tag=eloabder-20&linkCode=osi&th=1&psc=1">View Product</a></div><div class="product"><a href="https://www.amazon.com/dp/B0814SLHQH?tag=eloabder-20&linkCode=osi&th=1&psc=1"><img src="https://m.media-amazon.com/images/I/312GW4aGnRL._SL500_.jpg" alt="Product Image"></a><p>Neutrogena Healthy Skin Radiant Brightening Cream Concealer with Peptides & Vitamin E Antioxidant,Lightweight Perfecting Concealer,Non-Comedogenic,Bisque Light/Medium 02 neutral undertones,0.24 oz</p><p>$5.62</p><a href="https://www.amazon.com/dp/B0814SLHQH?tag=eloabder-20&linkCode=osi&th=1&psc=1">View Product</a></div><div class="product"><a href="https://www.amazon.com/dp/B06XQWS1N9?tag=eloabder-20&linkCode=osi&th=1&psc=1"><img src="https://m.media-amazon.com/images/I/31rKumTg1GL._SL500_.jpg" alt="Product Image"></a><p>COVERGIRL Smoothers Concealer, Medium 715, 0.14 ounce (packaging may vary)</p><p>$7.28</p><a href="https://www.amazon.com/dp/B06XQWS1N9?tag=eloabder-20&linkCode=osi&th=1&psc=1">View Product</a></div><div class="product"><a href="https://www.amazon.com/dp/B07GWH2GDP?tag=eloabder-20&linkCode=osi&th=1&psc=1"><img src="https://m.media-amazon.com/images/I/41U+lbOEtuL._SL500_.jpg" alt="Product Image"></a><p>IT Cosmetics Bye Bye Under Eye Full Coverage Concealer - for Dark Circles, Fine Lines, Redness & Discoloration – Waterproof - Anti-Aging - Natural Finish – 0.4 fl oz</p><p>$17.40 ($43.50 / Fl Oz)</p><a href="https://www.amazon.com/dp/B07GWH2GDP?tag=eloabder-20&linkCode=osi&th=1&psc=1">View Product</a></div><div class="product"><a href="https://www.amazon.com/dp/B07H67H5LH?tag=eloabder-20&linkCode=osi&th=1&psc=1"><img src="https://m.media-amazon.com/images/I/31bWoYCj-nL._SL500_.jpg" alt="Product Image"></a><p>L'Oreal Paris Makeup Infallible Full Wear Waterproof Matte Concealer, Full Coverage, Ivory, 0.33 fl. oz.</p><p>$10.82</p><a href="https://www.amazon.com/dp/B07H67H5LH?tag=eloabder-20&linkCode=osi&th=1&psc=1">View Product</a></div><div class="product"><a href="https://www.amazon.com/dp/B0B51NLJWQ?tag=eloabder-20&linkCode=osi&th=1&psc=1"><img src="https://m.media-amazon.com/images/I/31GXqccxM0L._SL500_.jpg" alt="Product Image"></a><p>Fièra Luxury Concealer with Anti-Aging - All Day Coverage for Dark Circles, Fine Lines, Wrinkles & Spots - Neutral Beige, 0.5 Ounce</p><p>$27.00</p><a href="https://www.amazon.com/dp/B0B51NLJWQ?tag=eloabder-20&linkCode=osi&th=1&psc=1">View Product</a></div>
<div class="product"><a href="https://www.amazon.com/dp/B092JQ23N5?tag=eloabder-20&linkCode=osi&th=1&psc=1"><img src="https://m.media-amazon.com/images/I/51OUufwItlL._SL500_.jpg" alt="Product Image"></a><p>URBAN DECAY 24/7 Longwear Eyeshadow Single (Sin - Champagne Shimmer), High-Pigment Eye Shadow Compact, Smooth & Blendable Colors, Crease-free, Vegan - 0.06 oz</p><p>$22.00</p><a href="https://www.amazon.com/dp/B092JQ23N5?tag=eloabder-20&linkCode=osi&th=1&psc=1">View Product</a></div><div class="product"><a href="https://www.amazon.com/dp/B01IW02HX2?tag=eloabder-20&linkCode=osi&th=1&psc=1"><img src="https://m.media-amazon.com/images/I/510F-WOAL4L._SL500_.jpg" alt="Product Image"></a><p>NYX PROFESSIONAL MAKEUP Ultimate Shadow Palette, Eyeshadow Palette - Warm Neutrals</p><p>$12.40</p><a href="https://www.amazon.com/dp/B01IW02HX2?tag=eloabder-20&linkCode=osi&th=1&psc=1">View Product</a></div><div class="product"><a href="https://www.amazon.com/dp/B085WR3YDT?tag=eloabder-20&linkCode=osi&th=1&psc=1"><img src="https://m.media-amazon.com/images/I/41cuO8PyoTL._SL500_.jpg" alt="Product Image"></a><p>wet n wild Color Icon Cream Eyeshadow Multi-Stick, Moisturizing, Nourishing Velvety Cream-to-Powder Buildable & Blendable Formula, Cruelty-Free & Vegan - Champagne Room</p><p>$3.28</p><a href="https://www.amazon.com/dp/B085WR3YDT?tag=eloabder-20&linkCode=osi&th=1&psc=1">View Product</a></div><div class="product"><a href="https://www.amazon.com/dp/B00L5SMFJU?tag=eloabder-20&linkCode=osi&th=1&psc=1"><img src="https://m.media-amazon.com/images/I/41-WaM3A3tL._SL500_.jpg" alt="Product Image"></a><p>Covergirl Eye Enhancers Eye Shadow Palette, Natural Nudes, 0.19 Ounce</p><p>$4.97</p><a href="https://www.amazon.com/dp/B00L5SMFJU?tag=eloabder-20&linkCode=osi&th=1&psc=1">View Product</a></div><div class="product"><a href="https://www.amazon.com/dp/B01LW1983J?tag=eloabder-20&linkCode=osi&th=1&psc=1"><img src="https://m.media-amazon.com/images/I/51EsPf59XBL._SL500_.jpg" alt="Product Image"></a><p>Julep Eyeshadow 101 Crème to Powder Waterproof Eyeshadow Stick, Champagne Shimmer</p><p>$18.00</p><a href="https://www.amazon.com/dp/B01LW1983J?tag=eloabder-20&linkCode=osi&th=1&psc=1">View Product</a></div><div class="product"><a href="https://www.amazon.com/dp/B00UKP1M2K?tag=eloabder-20&linkCode=osi&th=1&psc=1"><img src="https://m.media-amazon.com/images/I/41hSsvPHKxL._SL500_.jpg" alt="Product Image"></a><p>Maybelline The Blushed Nudes Eyeshadow Palette Makeup, 12 Pigmented Matte & Shimmer Shades, Blendable Powder, 1 Count</p><p>$9.32</p><a href="https://www.amazon.com/dp/B00UKP1M2K?tag=eloabder-20&linkCode=osi&th=1&psc=1">View Product</a></div><div class="product"><a href="https://www.amazon.com/dp/B073ZBGLJF?tag=eloabder-20&linkCode=osi&th=1&psc=1"><img src="https://m.media-amazon.com/images/I/41go9Ug8AOL._SL500_.jpg" alt="Product Image"></a><p>BestLand 2 Pack 12 Colors Makeup Nude Colors Eyeshadow Palette Natural Nude Matte Shimmer Glitter Pigment Eye Shadow Pallete Set Waterproof Smokey Professional Beauty Makeup Kit (2 PCS)</p><p>$9.99</p><a href="https://www.amazon.com/dp/B073ZBGLJF?tag=eloabder-20&linkCode=osi&th=1&psc=1">View Product</a></div><div class="product"><a href="https://www.amazon.com/dp/B08RS6WNX7?tag=eloabder-20&linkCode=osi&th=1&psc=1"><img src="https://m.media-amazon.com/images/I/51qCii788PL._SL500_.jpg" alt="Product Image"></a><p>wet n wild Color Icon 5-Pan Palette Brown Walking On Eggshells</p><p>$3.19</p><a href="https://www.amazon.com/dp/B08RS6WNX7?tag=eloabder-20&linkCode=osi&th=1&psc=1">View Product</a></div><div class="product"><a href="https://www.amazon.com/dp/B0CV5ZTFCR?tag=eloabder-20&linkCode=osi&th=1&psc=1"><img src="https://m.media-amazon.com/images/I/21inptU-eJL._SL500_.jpg" alt="Product Image"></a><p>Covergirl Clean Eye Color, French Violet, Eyeshadow Sticks, Ultra Creamy Formula, Lightweight, Buildable Formula, Lasts All Day, Smudge-Proof, 0.05oz</p><p>$8.98</p><a href="https://www.amazon.com/dp/B0CV5ZTFCR?tag=eloabder-20&linkCode=osi&th=1&psc=1">View Product</a></div><div class="product"><a href="https://www.amazon.com/dp/B0CXF99TNQ?tag=eloabder-20&linkCode=osi&th=1&psc=1"><img src="https://m.media-amazon.com/images/I/31kCYsLvwwL._SL500_.jpg" alt="Product Image"></a><p>L'Oreal Paris Makeup Paradise Le Shadow Stick Eyeshadow, Blendable, Smudge-Resistant, Cream Eyeshadow, 120 Magnetic Mauve (Shimmering Lavender Mauve), 0.05 Oz</p><p>$9.98</p><a href="https://www.amazon.com/dp/B0CXF99TNQ?tag=eloabder-20&linkCode=osi&th=1&psc=1">View Product</a></div>
<div class="product"><a href="https://www.amazon.com/dp/B0BG7MWNNN?tag=eloabder-20&linkCode=osi&th=1&psc=1"><img src="https://m.media-amazon.com/images/I/41E8W4N+FkL._SL500_.jpg" alt="Product Image"></a><p>Prime Prometics PrimeLash Mascara for Older Women – Volumizing, Incredible Length in 2 Coats – Long-Stay, Zero Clumps, Hypoallergenic (Brown)</p><p>$28.00</p><a href="https://www.amazon.com/dp/B0BG7MWNNN?tag=eloabder-20&linkCode=osi&th=1&psc=1">View Product</a></div><div class="product"><a href="https://www.amazon.com/dp/B00T0C9XRK?tag=eloabder-20&linkCode=osi&th=1&psc=1"><img src="https://m.media-amazon.com/images/I/41IP2ZEXFNL._SL500_.jpg" alt="Product Image"></a><p>essence | Lash Princess False Lash Effect Mascara | Volumizing & Lengthening | Cruelty Free & Paraben Free</p><p>$4.99 ($12.17 / Fl Oz )</p><a href="https://www.amazon.com/dp/B00T0C9XRK?tag=eloabder-20&linkCode=osi&th=1&psc=1">View Product</a></div><div class="product"><a href="https://www.amazon.com/dp/B01DPA6OHO?tag=eloabder-20&linkCode=osi&th=1&psc=1"><img src="https://m.media-amazon.com/images/I/31xGLWu4IKL._SL500_.jpg" alt="Product Image"></a><p>L'Oreal Paris Makeup Voluminous Lash Boosting Conditioning Primer Mascara, White Primer, 0.24 fl; oz.</p><p>$8.98</p><a href="https://www.amazon.com/dp/B01DPA6OHO?tag=eloabder-20&linkCode=osi&th=1&psc=1">View Product</a></div><div class="product"><a href="https://www.amazon.com/dp/B004BD107O?tag=eloabder-20&linkCode=osi&th=1&psc=1"><img src="https://m.media-amazon.com/images/I/31OWqsdljyL._SL500_.jpg" alt="Product Image"></a><p>L'Oreal Paris Makeup Telescopic Original Lengthening Mascara, Blackest Black, 0.27 Fl Oz (1 Count)</p><p>$10.99</p><a href="https://www.amazon.com/dp/B004BD107O?tag=eloabder-20&linkCode=osi&th=1&psc=1">View Product</a></div><div class="product"><a href="https://www.amazon.com/dp/B06XF2TR11?tag=eloabder-20&linkCode=osi&th=1&psc=1"><img src="https://m.media-amazon.com/images/I/31B6RR270IL._SL500_.jpg" alt="Product Image"></a><p>L'Oreal Paris Voluminous Makeup Lash Paradise Mascara, Voluptuous Volume, Intense Length, Feathery Soft Full Lashes, No Flaking, No Smudging, No Clumping, Blackest Black, 1 Count</p><p>$9.97</p><a href="https://www.amazon.com/dp/B06XF2TR11?tag=eloabder-20&linkCode=osi&th=1&psc=1">View Product</a></div><div class="product"><a href="https://www.amazon.com/dp/B00PFCT2R0?tag=eloabder-20&linkCode=osi&th=1&psc=1"><img src="https://m.media-amazon.com/images/I/31RyE6ZtDIL._SL500_.jpg" alt="Product Image"></a><p>Maybelline Lash Sensational Washable Mascara, Lengthening and Volumizing for a Full Fan Effect, Blackest Black, 1 Count</p><p>$9.09</p><a href="https://www.amazon.com/dp/B00PFCT2R0?tag=eloabder-20&linkCode=osi&th=1&psc=1">View Product</a></div><div class="product"><a href="https://www.amazon.com/dp/B08TPCHYLW?tag=eloabder-20&linkCode=osi&th=1&psc=1"><img src="https://m.media-amazon.com/images/I/31EWIaihEwL._SL500_.jpg" alt="Product Image"></a><p>Lancôme Lash Idôle Lash-Lifting & Volumizing Mascara - Black Mascara for Instant Volume, Length & Lift - Smudge Proof & Up To 24H Wear - Black</p><p>$30.00 ($111.11 / Fl Oz)</p><a href="https://www.amazon.com/dp/B08TPCHYLW?tag=eloabder-20&linkCode=osi&th=1&psc=1">View Product</a></div><div class="product"><a href="https://www.amazon.com/dp/B08M96YZN1?tag=eloabder-20&linkCode=osi&th=1&psc=1"><img src="https://m.media-amazon.com/images/I/31ByMmFi-qL._SL500_.jpg" alt="Product Image"></a><p>CoverGirl Lash Blast Clean Volume Mascara, Vegan Formula, Volumizing, Smudge-Proof, Cruelty Free, Very Black, 1 Count</p><p>$9.37</p><a href="https://www.amazon.com/dp/B08M96YZN1?tag=eloabder-20&linkCode=osi&th=1&psc=1">View Product</a></div>
<div class="product"><a href="https://www.amazon.com/dp/B0C9TXLWLY?tag=eloabder-20&linkCode=osi&th=1&psc=1"><img src="https://m.media-amazon.com/images/I/31-5KVw5KDL._SL500_.jpg" alt="Product Image"></a><p>PRIME PROMETICS PrimeEyes Glide Eyeliner for Mature Women – Water-Resistant, Long-Stay and Mess-Proof – Gel Cream Texture, Discreet Sharpener and Effective Smudger (Black)</p><p>$28.00 ($28.00 / Count)</p><a href="https://www.amazon.com/dp/B0C9TXLWLY?tag=eloabder-20&linkCode=osi&th=1&psc=1">View Product</a></div><div class="product"><a href="https://www.amazon.com/dp/B07MWSXPT1?tag=eloabder-20&linkCode=osi&th=1&psc=1"><img src="https://m.media-amazon.com/images/I/315xthaPi6L._SL500_.jpg" alt="Product Image"></a><p>e.l.f. No Budge Retractable Eyeliner, Creamy, Ultra-Pigmented & Waterproof, Creates Bold & Defined Lines, Vegan & Cruelty-Free, Black 0.006 Oz</p><p>$4.00</p><a href="https://www.amazon.com/dp/B07MWSXPT1?tag=eloabder-20&linkCode=osi&th=1&psc=1">View Product</a></div><div class="product"><a href="https://www.amazon.com/dp/B074Y8LM6T?tag=eloabder-20&linkCode=osi&th=1&psc=1"><img src="https://m.media-amazon.com/images/I/316blXt1KxL._SL500_.jpg" alt="Product Image"></a><p>NYX PROFESSIONAL MAKEUP Epic Ink Liner, Waterproof Liquid Eyeliner - Black, Vegan Formula</p><p>$8.06</p><a href="https://www.amazon.com/dp/B074Y8LM6T?tag=eloabder-20&linkCode=osi&th=1&psc=1">View Product</a></div><div class="product"><a href="https://www.amazon.com/dp/B01J1A3TFW?tag=eloabder-20&linkCode=osi&th=1&psc=1"><img src="https://m.media-amazon.com/images/I/51z42sdOArL._SL500_.jpg" alt="Product Image"></a><p>Revlon Pencil Eyeliner, ColorStay Eye Makeup with Built-in Sharpener, Waterproof, Smudge-proof, Longwearing with Ultra-Fine Tip, 201 Black, 2 count (Pack of 1)</p><p>$11.38</p><a href="https://www.amazon.com/dp/B01J1A3TFW?tag=eloabder-20&linkCode=osi&th=1&psc=1">View Product</a></div><div class="product"><a href="https://www.amazon.com/dp/B07W8JJ61X?tag=eloabder-20&linkCode=osi&th=1&psc=1"><img src="https://m.media-amazon.com/images/I/31wj5vRROwL._SL500_.jpg" alt="Product Image"></a><p>Maybelline Hyper Easy Liquid Pen No-Skip Eyeliner, Satin Finish, Waterproof Formula, Pitch Black, 0.018 Fl Oz</p><p>$8.38</p><a href="https://www.amazon.com/dp/B07W8JJ61X?tag=eloabder-20&linkCode=osi&th=1&psc=1">View Product</a></div><div class="product"><a href="https://www.amazon.com/dp/B005G9E9FW?tag=eloabder-20&linkCode=osi&th=1&psc=1"><img src="https://m.media-amazon.com/images/I/51poZdEojrL._SL500_.jpg" alt="Product Image"></a><p>NYX PROFESSIONAL MAKEUP Vivid Rich Mechanical Eye Pencil, Vivid Rich Mechanical, Creamy Retractable Eyeliner - Smokin Topaz, Brown Eyeliner</p><p>$6.00</p><a href="https://www.amazon.com/dp/B005G9E9FW?tag=eloabder-20&linkCode=osi&th=1&psc=1">View Product</a></div><div class="product"><a href="https://www.amazon.com/dp/B07NX61ZHN?tag=eloabder-20&linkCode=osi&th=1&psc=1"><img src="https://m.media-amazon.com/images/I/31kQNTwJazL._SL500_.jpg" alt="Product Image"></a><p>Rimmel London exaggerate auto waterproof eye definer in blackest black, 2 Count</p><p>$6.97</p><a href="https://www.amazon.com/dp/B07NX61ZHN?tag=eloabder-20&linkCode=osi&th=1&psc=1">View Product</a></div><div class="product"><a href="https://www.amazon.com/dp/B0BQWT8R9K?tag=eloabder-20&linkCode=osi&th=1&psc=1"><img src="https://m.media-amazon.com/images/I/31F1asQuosL._SL500_.jpg" alt="Product Image"></a><p>wet n wild Breakup Proof Liquid Eyeliner - Ultra-Fine Brush, Waterproof, Long-Lasting - Cruelty-Free & Vegan - Ultra Black</p><p>$4.04</p><a href="https://www.amazon.com/dp/B0BQWT8R9K?tag=eloabder-20&linkCode=osi&th=1&psc=1">View Product</a></div><div class="product"><a href="https://www.amazon.com/dp/B082YPRCMM?tag=eloabder-20&linkCode=osi&th=1&psc=1"><img src="https://m.media-amazon.com/images/I/317ubI9GTBL._SL500_.jpg" alt="Product Image"></a><p>wet n wild Mega Last Breakup Proof Eyeliner, Quick Drying, Waterproof, 16-Hour Wear - Cruelty-Free & Vegan - Blackest Black</p><p>$2.28</p><a href="https://www.amazon.com/dp/B082YPRCMM?tag=eloabder-20&linkCode=osi&th=1&psc=1">View Product</a></div><div class="product"><a href="https://www.amazon.com/dp/B07GX832KD?tag=eloabder-20&linkCode=osi&th=1&psc=1"><img src="https://m.media-amazon.com/images/I/315wR2F58-L._SL500_.jpg" alt="Product Image"></a><p>Maybelline TattooStudio Long-Lasting Sharpenable Eyeliner Pencil, Glide on Smooth Gel Pigments with 36 Hour Wear, Waterproof, Deep Onyx, 1 Count</p><p>$6.66</p><a href="https://www.amazon.com/dp/B07GX832KD?tag=eloabder-20&linkCode=osi&th=1&psc=1">View Product</a></div>
<div class="product"><a href="https://www.amazon.com/dp/B09T8DQ1SG?tag=eloabder-20&linkCode=osi&th=1&psc=1"><img src="https://m.media-amazon.com/images/I/41gpuwrIhOL._SL500_.jpg" alt="Product Image"></a><p>Maybelline Super Stay Vinyl Ink Longwear No-Budge Liquid Lipcolor Makeup, Highly Pigmented Color and Instant Shine, Royal, Deep Wine Red Lipstick, 0.14 fl oz, 1 Count</p><p>$9.82</p><a href="https://www.amazon.com/dp/B09T8DQ1SG?tag=eloabder-20&linkCode=osi&th=1&psc=1">View Product</a></div><div class="product"><a href="https://www.amazon.com/dp/B004BCTEF0?tag=eloabder-20&linkCode=osi&th=1&psc=1"><img src="https://m.media-amazon.com/images/I/31G9f-P8tML._SL500_.jpg" alt="Product Image"></a><p>L’Oréal Paris Colour Riche Original Creamy, Hydrating Satin Lipstick with Argan Oil and Vitamin E, Saucy Mauve , 1 Count</p><p>$6.71</p><a href="https://www.amazon.com/dp/B004BCTEF0?tag=eloabder-20&linkCode=osi&th=1&psc=1">View Product</a></div><div class="product"><a href="https://www.amazon.com/dp/B08H4FSGDX?tag=eloabder-20&linkCode=osi&th=1&psc=1"><img src="https://m.media-amazon.com/images/I/31OAiyoloML._SL500_.jpg" alt="Product Image"></a><p>Maybelline Super Stay Matte Ink Liquid Lipstick Makeup, Long Lasting High Impact Color, Up to 16H Wear, Exhilarator, Ruby Red, 1 Count</p><p>$9.18</p><a href="https://www.amazon.com/dp/B08H4FSGDX?tag=eloabder-20&linkCode=osi&th=1&psc=1">View Product</a></div><div class="product"><a href="https://www.amazon.com/dp/B07XTTDTWR?tag=eloabder-20&linkCode=osi&th=1&psc=1"><img src="https://m.media-amazon.com/images/I/31M4QldCq3L._SL500_.jpg" alt="Product Image"></a><p>REVLON Lipstick, Super Lustrous Lipstick, Creamy Formula For Soft, Fuller-Looking Lips, Moisturized Feel in Nudes & Browns, Bare It All (755) 0.15 oz</p><p>$6.48</p><a href="https://www.amazon.com/dp/B07XTTDTWR?tag=eloabder-20&linkCode=osi&th=1&psc=1">View Product</a></div><div class="product"><a href="https://www.amazon.com/dp/B079KFP7NT?tag=eloabder-20&linkCode=osi&th=1&psc=1"><img src="https://m.media-amazon.com/images/I/41Ih8G0FSmL._SL500_.jpg" alt="Product Image"></a><p>wet n wild Silk Finish Lipstick, Hydrating Rich Buildable Lip Color, Formulated with Vitamins A,E, & Macadamia for Ultimate Hydration, Cruelty-Free & Vegan - Raging Red</p><p>$1.29</p><a href="https://www.amazon.com/dp/B079KFP7NT?tag=eloabder-20&linkCode=osi&th=1&psc=1">View Product</a></div><div class="product"><a href="https://www.amazon.com/dp/B002F3R44K?tag=eloabder-20&linkCode=osi&th=1&psc=1"><img src="https://m.media-amazon.com/images/I/41-gXIE96GL._SL500_.jpg" alt="Product Image"></a><p>Revlon Lipstick, Super Lustrous Lipstick, Creamy Formula For Soft, Fuller-Looking Lips, Moisturized Feel in Pinks, Pink In The Afternoon (415) 0.15 oz</p><p>$6.48</p><a href="https://www.amazon.com/dp/B002F3R44K?tag=eloabder-20&linkCode=osi&th=1&psc=1">View Product</a></div><div class="product"><a href="https://www.amazon.com/dp/B001LFER98?tag=eloabder-20&linkCode=osi&th=1&psc=1"><img src="https://m.media-amazon.com/images/I/41wezVKuIoL._SL500_.jpg" alt="Product Image"></a><p>REVLON Lipstick, Super Lustrous Lipstick, Creamy Formula For Soft, Fuller-Looking Lips, Moisturized Feel in Reds & Corals, Peach Me (628) 0.15 oz</p><p>$4.99</p><a href="https://www.amazon.com/dp/B001LFER98?tag=eloabder-20&linkCode=osi&th=1&psc=1">View Product</a></div><div class="product"><a href="https://www.amazon.com/dp/B082YQ2978?tag=eloabder-20&linkCode=osi&th=1&psc=1"><img src="https://m.media-amazon.com/images/I/31QsMhXUSeL._SL500_.jpg" alt="Product Image"></a><p>wet n wild Mega Last High-Shine Lipstick Lip Color, Infused with Seed Oils For a Nourishing High-Shine, Buildable & Blendable Creamy Color, Cruelty-Free & Vegan - Mad for Mauve</p><p>$2.28</p><a href="https://www.amazon.com/dp/B082YQ2978?tag=eloabder-20&linkCode=osi&th=1&psc=1">View Product</a></div>
<div class="product"><a href="https://www.amazon.com/dp/B09SP2XHKT?tag=eloabder-20&linkCode=osi&th=1&psc=1"><img src="https://m.media-amazon.com/images/I/31KGrScgA8L._SL500_.jpg" alt="Product Image"></a><p>NYX PROFESSIONAL MAKEUP Butter Gloss, Non-Sticky Lip Gloss - Sugar Glass (Clear)</p><p>$5.99</p><a href="https://www.amazon.com/dp/B09SP2XHKT?tag=eloabder-20&linkCode=osi&th=1&psc=1">View Product</a></div><div class="product"><a href="https://www.amazon.com/dp/B08GSTZ7ZW?tag=eloabder-20&linkCode=osi&th=1&psc=1"><img src="https://m.media-amazon.com/images/I/41nPuTtXVgL._SL500_.jpg" alt="Product Image"></a><p>Ruby Kisses Broadway Vita-Lip Clear Lip Gloss - Moisturizing, Hydrating, Nourishing with Mint, Rosehip, Coconut, Mango, Argan, Honey & Shea</p><p>$7.99 ($2.12 / Ounce)</p><a href="https://www.amazon.com/dp/B08GSTZ7ZW?tag=eloabder-20&linkCode=osi&th=1&psc=1">View Product</a></div><div class="product"><a href="https://www.amazon.com/dp/B015RPE14S?tag=eloabder-20&linkCode=osi&th=1&psc=1"><img src="https://m.media-amazon.com/images/I/31FRC3fz7EL._SL500_.jpg" alt="Product Image"></a><p>L.A. Colors High Shine Shea Butter Lip Gloss, Clear, 0.14 Ounce</p><p>$1.98</p><a href="https://www.amazon.com/dp/B015RPE14S?tag=eloabder-20&linkCode=osi&th=1&psc=1">View Product</a></div><div class="product"><a href="https://www.amazon.com/dp/B00Q26VWZI?tag=eloabder-20&linkCode=osi&th=1&psc=1"><img src="https://m.media-amazon.com/images/I/31Bqig96T0L._SL500_.jpg" alt="Product Image"></a><p>Rimmel Stay Glossy Lip Gloss - Non-Sticky and Lightweight Formula for Lip Color and Shine - 130 Blushing Belgraves, .18oz</p><p>$4.32</p><a href="https://www.amazon.com/dp/B00Q26VWZI?tag=eloabder-20&linkCode=osi&th=1&psc=1">View Product</a></div><div class="product"><a href="https://www.amazon.com/dp/B0C1MH8R2M?tag=eloabder-20&linkCode=osi&th=1&psc=1"><img src="https://m.media-amazon.com/images/I/31adT7DtBYL._SL500_.jpg" alt="Product Image"></a><p>Maybelline New York Lifter Gloss Hydrating Lip Gloss with Hyaluronic Acid, Gummy Bear, Sheer Light Pink, 1 Count</p><p>$8.98</p><a href="https://www.amazon.com/dp/B0C1MH8R2M?tag=eloabder-20&linkCode=osi&th=1&psc=1">View Product</a></div><div class="product"><a href="https://www.amazon.com/dp/B01N1ZC8JZ?tag=eloabder-20&linkCode=osi&th=1&psc=1"><img src="https://m.media-amazon.com/images/I/41fsaqWz6SL._SL500_.jpg" alt="Product Image"></a><p>Broadway Vita-Lip Clear Lip Gloss 0.47oz/14ml (5PCS Mint & Coconut & Rosehip & Mango Butter & Argan Oil) (5 PCS SET)</p><p>$5.99</p><a href="https://www.amazon.com/dp/B01N1ZC8JZ?tag=eloabder-20&linkCode=osi&th=1&psc=1">View Product</a></div><div class="product"><a href="https://www.amazon.com/dp/B07DY2QRF6?tag=eloabder-20&linkCode=osi&th=1&psc=1"><img src="https://m.media-amazon.com/images/I/31qXrVfhvCL._SL500_.jpg" alt="Product Image"></a><p>LANEIGE Lip Glowy Balm Berry: Hydrate, Glossy, Lightweight, Moisturize & Tint with Shea Butter</p><p>$19.00 ($54.29 / Ounce)</p><a href="https://www.amazon.com/dp/B07DY2QRF6?tag=eloabder-20&linkCode=osi&th=1&psc=1">View Product</a></div><div class="product"><a href="https://www.amazon.com/dp/B09DMGWJKY?tag=eloabder-20&linkCode=osi&th=1&psc=1"><img src="https://m.media-amazon.com/images/I/41nIFmIKHRL._SL500_.jpg" alt="Product Image"></a><p>Broadway Vita-Lip Clear Lip Gloss Moisturizing Hydrating Nourishing Long Lasting High Shine Glossy Lip Care Gloss 0.47oz/14ml (10 PCS SET)</p><p>$9.99</p><a href="https://www.amazon.com/dp/B09DMGWJKY?tag=eloabder-20&linkCode=osi&th=1&psc=1">View Product</a></div><div class="product"><a href="https://www.amazon.com/dp/B0BSR85M24?tag=eloabder-20&linkCode=osi&th=1&psc=1"><img src="https://m.media-amazon.com/images/I/31eKHNoE3KL._SL500_.jpg" alt="Product Image"></a><p>e.l.f. Lip Lacquer, Nourishing, Non-Sticky Ultra-Shine Lip Gloss With Sheer Color, Infused With Vitamins A & E, Vegan & Cruelty-Free, Whisper Pink</p><p>$3.00</p><a href="https://www.amazon.com/dp/B0BSR85M24?tag=eloabder-20&linkCode=osi&th=1&psc=1">View Product</a></div><div class="product"><a href="https://www.amazon.com/dp/B081C6PXZJ?tag=eloabder-20&linkCode=osi&th=1&psc=1"><img src="https://m.media-amazon.com/images/I/51+emO79aqL._SL500_.jpg" alt="Product Image"></a><p>NICKA K NEW YORK VARIETY SET OF 5 NK Hydrating Lip Gel - Vitamin E (Clear, Rosehip Oil, Bubble Gum, Cherry, Strawberry)</p><p>$5.43</p><a href="https://www.amazon.com/dp/B081C6PXZJ?tag=eloabder-20&linkCode=osi&th=1&psc=1">View Product</a></div>
<div class="product"><a href="https://www.amazon.com/dp/B07PNCB73M?tag=eloabder-20&linkCode=osi&th=1&psc=1"><img src="https://m.media-amazon.com/images/I/41+KYSFOLML._SL500_.jpg" alt="Product Image"></a><p>Milani Baked Blush - Petal Primavera (0.12 Ounce) Cruelty-Free Powder Blush - Shape, Contour & Highlight Face for a Shimmery or Matte Finish</p><p>$8.97</p><a href="https://www.amazon.com/dp/B07PNCB73M?tag=eloabder-20&linkCode=osi&th=1&psc=1">View Product</a></div><div class="product"><a href="https://www.amazon.com/dp/B0CZ5HLDK9?tag=eloabder-20&linkCode=osi&th=1&psc=1"><img src="https://m.media-amazon.com/images/I/41rZu1cS8QL._SL500_.jpg" alt="Product Image"></a><p>NYX PROFESSIONAL MAKEUP Buttermelt Powder Blush, Fade and Transfer-Resistant Blush, Up to 12HR Make Up Wear, Vegan Formula - For The Butta</p><p>$9.97</p><a href="https://www.amazon.com/dp/B0CZ5HLDK9?tag=eloabder-20&linkCode=osi&th=1&psc=1">View Product</a></div><div class="product"><a href="https://www.amazon.com/dp/B0CPFYGNR7?tag=eloabder-20&linkCode=osi&th=1&psc=1"><img src="https://m.media-amazon.com/images/I/31EJvMa7jyL._SL500_.jpg" alt="Product Image"></a><p>e.l.f. Camo Liquid Blush, Long-lasting Liquid Blush For High-pigment Color, Creates A Soft, Dewy Finish, Vegan & Cruelty-free, Dusty Rosé</p><p>$7.00</p><a href="https://www.amazon.com/dp/B0CPFYGNR7?tag=eloabder-20&linkCode=osi&th=1&psc=1">View Product</a></div><div class="product"><a href="https://www.amazon.com/dp/B06XDNPXD1?tag=eloabder-20&linkCode=osi&th=1&psc=1"><img src="https://m.media-amazon.com/images/I/41IryPTf51L._SL500_.jpg" alt="Product Image"></a><p>Maybelline Fit Me Powder Blush, Lightweight, Smooth, Blendable, Long-lasting All-Day Face Enhancing Makeup Color, Mauve, 1 Count</p><p>$4.62</p><a href="https://www.amazon.com/dp/B06XDNPXD1?tag=eloabder-20&linkCode=osi&th=1&psc=1">View Product</a></div><div class="product"><a href="https://www.amazon.com/dp/B082YPNTZ4?tag=eloabder-20&linkCode=osi&th=1&psc=1"><img src="https://m.media-amazon.com/images/I/41vtXkWXs8L._SL500_.jpg" alt="Product Image"></a><p>wet n wild Color Icon Blush, Effortless Glow & Seamless Blend infused with Luxuriously Smooth Jojoba Oil, Sheer Finish with a Matte Natural Glow, Cruelty-Free & Vegan - Pinch Me Pink</p><p>$3.28</p><a href="https://www.amazon.com/dp/B082YPNTZ4?tag=eloabder-20&linkCode=osi&th=1&psc=1">View Product</a></div><div class="product"><a href="https://www.amazon.com/dp/B0CPFWJJQJ?tag=eloabder-20&linkCode=osi&th=1&psc=1"><img src="https://m.media-amazon.com/images/I/41+GdEwyGqL._SL500_.jpg" alt="Product Image"></a><p>e.l.f. Primer-Infused Matte Blush, Long-Lasting, Lightweight & Buildable Powder Blush, Delivers A Matte Finish, Vegan & Cruelty-Free, Always Crushing</p><p>$7.00</p><a href="https://www.amazon.com/dp/B0CPFWJJQJ?tag=eloabder-20&linkCode=osi&th=1&psc=1">View Product</a></div><div class="product"><a href="https://www.amazon.com/dp/B0B64GX5LN?tag=eloabder-20&linkCode=osi&th=1&psc=1"><img src="https://m.media-amazon.com/images/I/31aZBeyUSsL._SL500_.jpg" alt="Product Image"></a><p>LAURA GELLER NEW YORK Serum Blush Tint, Lightweight Liquid Blush for Cheeks, Weightless Watercolor Sheer Finish, Practical Pink</p><p>$15.74</p><a href="https://www.amazon.com/dp/B0B64GX5LN?tag=eloabder-20&linkCode=osi&th=1&psc=1">View Product</a></div><div class="product"><a href="https://www.amazon.com/dp/B00J56D0G6?tag=eloabder-20&linkCode=osi&th=1&psc=1"><img src="https://m.media-amazon.com/images/I/31MVN0QAhfL._SL500_.jpg" alt="Product Image"></a><p>e.l.f. Cosmetics Powder Blush Palette, Four Blush Shades for Beautiful, Long-Lasting Pigment, Light</p><p>$6.00</p><a href="https://www.amazon.com/dp/B00J56D0G6?tag=eloabder-20&linkCode=osi&th=1&psc=1">View Product</a></div><div class="product"><a href="https://www.amazon.com/dp/B0BHFBBH25?tag=eloabder-20&linkCode=osi&th=1&psc=1"><img src="https://m.media-amazon.com/images/I/31uqOuPPf5L._SL500_.jpg" alt="Product Image"></a><p>SHEGLAM Color Bloom Liquid Blush Makeup for Cheeks Matte Finish - Love Cake</p><p>$6.99</p><a href="https://www.amazon.com/dp/B0BHFBBH25?tag=eloabder-20&linkCode=osi&th=1&psc=1">View Product</a></div><div class="product"><a href="https://www.amazon.com/dp/B07J47FHR1?tag=eloabder-20&linkCode=osi&th=1&psc=1"><img src="https://m.media-amazon.com/images/I/41Xyor9x2SL._SL500_.jpg" alt="Product Image"></a><p>Nars Blush in ORGASM Full Size 0.16 oz. / 4.8 g in Retail Box New Edition</p><p>$22.00</p><a href="https://www.amazon.com/dp/B07J47FHR1?tag=eloabder-20&linkCode=osi&th=1&psc=1">View Product</a></div>
<div class="product"><a href="https://www.amazon.com/dp/B018B8Q5Z6?tag=eloabder-20&linkCode=osi&th=1&psc=1"><img src="https://m.media-amazon.com/images/I/41D9ZHQRaSL._SL500_.jpg" alt="Product Image"></a><p>Physicians Formula Murumuru Butter Bronzer, Moisturizing, Nourishing Murumuru Butter Blend for Silky All-Day Luminous Glow, Dermatologist Tested, Hypoallergenic, Vegan & Cruelty-Free -Bronzer</p><p>$12.15</p><a href="https://www.amazon.com/dp/B018B8Q5Z6?tag=eloabder-20&linkCode=osi&th=1&psc=1">View Product</a></div><div class="product"><a href="https://www.amazon.com/dp/B001B0H82Q?tag=eloabder-20&linkCode=osi&th=1&psc=1"><img src="https://m.media-amazon.com/images/I/41I3B-YoLkL._SL500_.jpg" alt="Product Image"></a><p>Rimmel London Natural - 022 Sun Bronze - Bronzer, Matte Finish, 0.49oz</p><p>$3.97</p><a href="https://www.amazon.com/dp/B001B0H82Q?tag=eloabder-20&linkCode=osi&th=1&psc=1">View Product</a></div><div class="product"><a href="https://www.amazon.com/dp/B0BM5HX7DN?tag=eloabder-20&linkCode=osi&th=1&psc=1"><img src="https://m.media-amazon.com/images/I/41DwoHQgzsL._SL500_.jpg" alt="Product Image"></a><p>Benefit Hoola Matte Bronzer Mini 0.08 Ounce</p><p>$17.92</p><a href="https://www.amazon.com/dp/B0BM5HX7DN?tag=eloabder-20&linkCode=osi&th=1&psc=1">View Product</a></div><div class="product"><a href="https://www.amazon.com/dp/B07M7NGVW7?tag=eloabder-20&linkCode=osi&th=1&psc=1"><img src="https://m.media-amazon.com/images/I/51dvod9PjTL._SL500_.jpg" alt="Product Image"></a><p>wet n wild Color Icon Bronzer What Shady Beaches</p><p>$2.96</p><a href="https://www.amazon.com/dp/B07M7NGVW7?tag=eloabder-20&linkCode=osi&th=1&psc=1">View Product</a></div><div class="product"><a href="https://www.amazon.com/dp/B0CPFVTY7M?tag=eloabder-20&linkCode=osi&th=1&psc=1"><img src="https://m.media-amazon.com/images/I/41rO68Q0mlL._SL500_.jpg" alt="Product Image"></a><p>e.l.f. Primer-Infused Bronzer, Long-Lasting, Lightweight & Buildable Powder Bronzer, Delivers A Matte Finish, Vegan & Cruelty-Free, Fresh Tan</p><p>$7.00</p><a href="https://www.amazon.com/dp/B0CPFVTY7M?tag=eloabder-20&linkCode=osi&th=1&psc=1">View Product</a></div><div class="product"><a href="https://www.amazon.com/dp/B07ZR187P5?tag=eloabder-20&linkCode=osi&th=1&psc=1"><img src="https://m.media-amazon.com/images/I/410nkMFZLYL._SL500_.jpg" alt="Product Image"></a><p>e.l.f. Primer-infused Bronzer, Long-Wear, Matte, Bold, Lightweight, Blends Easily, Contours Cheeks, Forever Sun Kissed, All-Day Wear, 0.35 Oz</p><p>$7.00 ($20.00 / Ounce)</p><a href="https://www.amazon.com/dp/B07ZR187P5?tag=eloabder-20&linkCode=osi&th=1&psc=1">View Product</a></div><div class="product"><a href="https://www.amazon.com/dp/B00518N3VE?tag=eloabder-20&linkCode=osi&th=1&psc=1"><img src="https://m.media-amazon.com/images/I/41SzIseWK6L._SL500_.jpg" alt="Product Image"></a><p>Milani Baked Bronzer - Glow, Cruelty-Free Shimmer Bronzing Powder to Use For Contour Makeup, Highlighters Makeup, Bronzer Makeup, 0.25 Ounce</p><p>$9.97 ($39.88 / Ounce)</p><a href="https://www.amazon.com/dp/B00518N3VE?tag=eloabder-20&linkCode=osi&th=1&psc=1">View Product</a></div><div class="product"><a href="https://www.amazon.com/dp/B0CNTYPSSZ?tag=eloabder-20&linkCode=osi&th=1&psc=1"><img src="https://m.media-amazon.com/images/I/416D4Z7hQ8L._SL500_.jpg" alt="Product Image"></a><p>Milani Cheek Kiss Cream Bronzer-110 Hey Honey</p><p>$9.97</p><a href="https://www.amazon.com/dp/B0CNTYPSSZ?tag=eloabder-20&linkCode=osi&th=1&psc=1">View Product</a></div><div class="product"><a href="https://www.amazon.com/dp/B006WZ9O72?tag=eloabder-20&linkCode=osi&th=1&psc=1"><img src="https://m.media-amazon.com/images/I/51rDNo9JnqL._SL500_.jpg" alt="Product Image"></a><p>Physicians Formula Bronze Booster Glow-Boosting Season-to-Season, Customizable Seasonal Glow Glow, Lasting Tan Boost, Hypoallergenic Powder, Cruelty-Free & Hypoallergenic- Light-to-Medium</p><p>$12.98</p><a href="https://www.amazon.com/dp/B006WZ9O72?tag=eloabder-20&linkCode=osi&th=1&psc=1">View Product</a></div>
<div class="product"><a href="https://www.amazon.com/dp/B09288DSSX?tag=eloabder-20&linkCode=osi&th=1&psc=1"><img src="https://m.media-amazon.com/images/I/417z6evbmhL._SL500_.jpg" alt="Product Image"></a><p>KYDA Face Highlighter Palette, High Glossy Face Illuminator Palette, Narutal Glow Finish, Pearl Shimmer Smooth Baked Powder, Lasting Sparkling Highlighter Makeup-SUN GLOW</p><p>$9.99</p><a href="https://www.amazon.com/dp/B09288DSSX?tag=eloabder-20&linkCode=osi&th=1&psc=1">View Product</a></div><div class="product"><a href="https://www.amazon.com/dp/B082YPL2SV?tag=eloabder-20&linkCode=osi&th=1&psc=1"><img src="https://m.media-amazon.com/images/I/51Y+MCkwArL._SL500_.jpg" alt="Product Image"></a><p>Wet n Wild MegaGlo Blushlighter, Blendable Blush & Highlighter Set, Shimmery Metallic Finish, Highlight Bling</p><p>$5.47</p><a href="https://www.amazon.com/dp/B082YPL2SV?tag=eloabder-20&linkCode=osi&th=1&psc=1">View Product</a></div><div class="product"><a href="https://www.amazon.com/dp/B0C41PSDZF?tag=eloabder-20&linkCode=osi&th=1&psc=1"><img src="https://m.media-amazon.com/images/I/41FLNU-tL-L._SL500_.jpg" alt="Product Image"></a><p>NYX PROFESSIONAL MAKEUP, Jumbo Multi-Use Face Highlighter Stick - Vanilla Ice Cream</p><p>$7.97</p><a href="https://www.amazon.com/dp/B0C41PSDZF?tag=eloabder-20&linkCode=osi&th=1&psc=1">View Product</a></div><div class="product"><a href="https://www.amazon.com/dp/B0C6V67KJW?tag=eloabder-20&linkCode=osi&th=1&psc=1"><img src="https://m.media-amazon.com/images/I/31Yh8b8JEjL._SL500_.jpg" alt="Product Image"></a><p>e.l.f. Halo Glow Highlight Beauty Wand, Liquid Highlighter Wand For Luminous, Glowing Skin, Buildable Formula, Vegan & Cruelty-free,Champagne Campaign</p><p>$9.00</p><a href="https://www.amazon.com/dp/B0C6V67KJW?tag=eloabder-20&linkCode=osi&th=1&psc=1">View Product</a></div><div class="product"><a href="https://www.amazon.com/dp/B073WMG59J?tag=eloabder-20&linkCode=osi&th=1&psc=1"><img src="https://m.media-amazon.com/images/I/51fz8bpJNNL._SL500_.jpg" alt="Product Image"></a><p>wet n wild MegaGlo Highlighting Powder, Highlighter Makeup, Shimmer Glow, Pink Rose Gold Blossom Glow</p><p>$5.41</p><a href="https://www.amazon.com/dp/B073WMG59J?tag=eloabder-20&linkCode=osi&th=1&psc=1">View Product</a></div><div class="product"><a href="https://www.amazon.com/dp/B07QPY11KY?tag=eloabder-20&linkCode=osi&th=1&psc=1"><img src="https://m.media-amazon.com/images/I/312T7p8cW6L._SL500_.jpg" alt="Product Image"></a><p>Revolution Beauty, Reloaded Pressed Powder Highlighter, Intensely Pigmented for a High Impact Dewy Finish, Dare To Divulge, 0.22 Oz.</p><p>$6.91</p><a href="https://www.amazon.com/dp/B07QPY11KY?tag=eloabder-20&linkCode=osi&th=1&psc=1">View Product</a></div><div class="product"><a href="https://www.amazon.com/dp/B074PTZCNW?tag=eloabder-20&linkCode=osi&th=1&psc=1"><img src="https://m.media-amazon.com/images/I/31btEAGukiL._SL500_.jpg" alt="Product Image"></a><p>L'Oreal Paris Makeup True Match Lumi Glotion, Natural Glow Enhancer, Illuminator Highlighter Skin Tint, for an All Day Radiant Glow, Light, 1.35 Ounces</p><p>$12.81</p><a href="https://www.amazon.com/dp/B074PTZCNW?tag=eloabder-20&linkCode=osi&th=1&psc=1">View Product</a></div><div class="product"><a href="https://www.amazon.com/dp/B075K784FK?tag=eloabder-20&linkCode=osi&th=1&psc=1"><img src="https://m.media-amazon.com/images/I/51q6Nf009iL._SL500_.jpg" alt="Product Image"></a><p>Physicians Formula Murumuru Butter Highlighter Makeup Face Powder Make Up, Pearl, Dermatologist Approved</p><p>$10.00</p><a href="https://www.amazon.com/dp/B075K784FK?tag=eloabder-20&linkCode=osi&th=1&psc=1">View Product</a></div><div class="product"><a href="https://www.amazon.com/dp/B0BD9HYBKD?tag=eloabder-20&linkCode=osi&th=1&psc=1"><img src="https://m.media-amazon.com/images/I/319tXl8nMUL._SL500_.jpg" alt="Product Image"></a><p>LAURA GELLER NEW YORK Baked Natural Glow Highlighter Radiance Enhancing Makeup, French Vanilla</p><p>$18.99</p><a href="https://www.amazon.com/dp/B0BD9HYBKD?tag=eloabder-20&linkCode=osi&th=1&psc=1">View Product</a></div><div class="product"><a href="https://www.amazon.com/dp/B083574V27?tag=eloabder-20&linkCode=osi&th=1&psc=1"><img src="https://m.media-amazon.com/images/I/41fyFVpDrXL._SL500_.jpg" alt="Product Image"></a><p>Milani Baked Highlighter (Dolce Perla) - Cruelty-Free Powder Highlighter, Highlight Face for a Shimmery or Matte Finish</p><p>$10.97 ($39.18 / Ounce)</p><a href="https://www.amazon.com/dp/B083574V27?tag=eloabder-20&linkCode=osi&th=1&psc=1">View Product</a></div>
<div class="product"><a href="https://www.amazon.com/dp/B0CMHSNYG8?tag=eloabder-20&linkCode=osi&th=1&psc=1"><img src="https://m.media-amazon.com/images/I/51iVcKQ6eIL._SL500_.jpg" alt="Product Image"></a><p>JODSONE Gel Nail Set 20 Colors High Shine Gorgeous Gel Polish Base Top Matte Coat Nice Gifts Show Charm</p><p>$19.99</p><a href="https://www.amazon.com/dp/B0CMHSNYG8?tag=eloabder-20&linkCode=osi&th=1&psc=1">View Product</a></div><div class="product"><a href="https://www.amazon.com/dp/B09KC56289?tag=eloabder-20&linkCode=osi&th=1&psc=1"><img src="https://m.media-amazon.com/images/I/51M-P1nM7QL._SL500_.jpg" alt="Product Image"></a><p>JODSONE 36 PCS Gel Nail Polish Set-32 Colors Gel Polish Kit Base Coat Glossy Matte and Glitter Top Coat Nail Polish Set Green Blue Red Pink Collection Gifts for Women</p><p>$25.99</p><a href="https://www.amazon.com/dp/B09KC56289?tag=eloabder-20&linkCode=osi&th=1&psc=1">View Product</a></div><div class="product"><a href="https://www.amazon.com/dp/B00GXVVDG0?tag=eloabder-20&linkCode=osi&th=1&psc=1"><img src="https://m.media-amazon.com/images/I/21vF-y2FfJL._SL500_.jpg" alt="Product Image"></a><p>Essie Nail Polish, Salon-Quality, 8-free Vegan, Finish, Mademoiselle, 0.46 Ounces (Packaging May Vary) Sheer Pink</p><p>$8.99</p><a href="https://www.amazon.com/dp/B00GXVVDG0?tag=eloabder-20&linkCode=osi&th=1&psc=1">View Product</a></div><div class="product"><a href="https://www.amazon.com/dp/B0987JZSP8?tag=eloabder-20&linkCode=osi&th=1&psc=1"><img src="https://m.media-amazon.com/images/I/31VZYZfCKbL._SL500_.jpg" alt="Product Image"></a><p>OPI Nature Strong Vegan Nail Polish, Knowledge is Flower, Pink Nail Polish, Natural Origin, Cruelty-Free Nail Lacquer, 0.5 fl oz.</p><p>$12.99 ($25.98 / Fl Oz)</p><a href="https://www.amazon.com/dp/B0987JZSP8?tag=eloabder-20&linkCode=osi&th=1&psc=1">View Product</a></div><div class="product"><a href="https://www.amazon.com/dp/B0CYLRWVVF?tag=eloabder-20&linkCode=osi&th=1&psc=1"><img src="https://m.media-amazon.com/images/I/51G1EY8ny6L._SL500_.jpg" alt="Product Image"></a><p>modelones Pearl Nail Polish 6 Colors Shimmer Pearl White Pink Mermaid Purple Nail Polish Set Summer Quick Dry Nail Polish Finger Nail Polish Bulk Manicure Diy Nail Art Salon Home Gift For Women Girl</p><p>$12.99</p><a href="https://www.amazon.com/dp/B0CYLRWVVF?tag=eloabder-20&linkCode=osi&th=1&psc=1">View Product</a></div>
<div class="product"><a href="https://www.amazon.com/dp/B005HGWGVS?tag=eloabder-20&linkCode=osi&th=1&psc=1"><img src="https://m.media-amazon.com/images/I/41NVfMcQBQL._SL500_.jpg" alt="Product Image"></a><p>Hard As Hoof Nail Strengthening Cream with Coconut Scent, Nail Growth & Conditioning Cuticle Cream Stops Splits, Chips, Cracks & Strengthens Nails, 1 oz</p><p>$8.88</p><a href="https://www.amazon.com/dp/B005HGWGVS?tag=eloabder-20&linkCode=osi&th=1&psc=1">View Product</a></div><div class="product"><a href="https://www.amazon.com/dp/B08YMJ4X4B?tag=eloabder-20&linkCode=osi&th=1&psc=1"><img src="https://m.media-amazon.com/images/I/41JNcOM8lBL._SL500_.jpg" alt="Product Image"></a><p>C CARE Sweet Almond Cuticle Oil For Nails - Repairs Cuticles Overnight - Moisturizes and Strengthens Nails and Cuticles - Dropper & Brush included - 2.5oz</p><p>$5.97 ($2.39 / Fl Oz)</p><a href="https://www.amazon.com/dp/B08YMJ4X4B?tag=eloabder-20&linkCode=osi&th=1&psc=1">View Product</a></div><div class="product"><a href="https://www.amazon.com/dp/B0046MK34G?tag=eloabder-20&linkCode=osi&th=1&psc=1"><img src="https://m.media-amazon.com/images/I/41PPyJFVAlL._SL500_.jpg" alt="Product Image"></a><p>Sally Hansen Instant Cuticle Remover™, Nail Treatment, Fast Drying, Contains Aloe and Chamomile</p><p>$4.97</p><a href="https://www.amazon.com/dp/B0046MK34G?tag=eloabder-20&linkCode=osi&th=1&psc=1">View Product</a></div><div class="product"><a href="https://www.amazon.com/dp/B00F644LTQ?tag=eloabder-20&linkCode=osi&th=1&psc=1"><img src="https://m.media-amazon.com/images/I/31+v2SZDagL._SL500_.jpg" alt="Product Image"></a><p>Cuccio Naturale Revitalizing- Hydrating Oil For Repaired Cuticles Overnight - Remedy For Damaged Skin And Thin Nails - Paraben /Cruelty-Free Formula - Milk And Honey - 2.5 Oz</p><p>$9.48 ($3.79 / Fl Oz)</p><a href="https://www.amazon.com/dp/B00F644LTQ?tag=eloabder-20&linkCode=osi&th=1&psc=1">View Product</a></div><div class="product"><a href="https://www.amazon.com/dp/B007QBKX08?tag=eloabder-20&linkCode=osi&th=1&psc=1"><img src="https://m.media-amazon.com/images/I/51BgkFaTnpL._SL500_.jpg" alt="Product Image"></a><p>Nail Tek Repairs Damaged Nails kit.Intensive Therapy(.5OZ),Foundation(.5OZ)& Renew(.48OZ)</p><p>$14.95</p><a href="https://www.amazon.com/dp/B007QBKX08?tag=eloabder-20&linkCode=osi&th=1&psc=1">View Product</a></div>
<div class="product"><a href="https://www.amazon.com/dp/B017PCGAXQ?tag=eloabder-20&linkCode=osi&th=1&psc=1"><img src="https://m.media-amazon.com/images/I/31-daQlUgGL._SL500_.jpg" alt="Product Image"></a><p>Garnier Micellar Water For Waterproof Makeup, Hydrating Facial Cleanser & Makeup Remover, Suitable for Sensitive Skin, Vegan, Cruelty Free, 13.5 Fl Oz (400mL), 1 Count</p><p>$8.97 ($0.66 / Fl Oz)</p><a href="https://www.amazon.com/dp/B017PCGAXQ?tag=eloabder-20&linkCode=osi&th=1&psc=1">View Product</a></div><div class="product"><a href="https://www.amazon.com/dp/B017PCGABI?tag=eloabder-20&linkCode=osi&th=1&psc=1"><img src="https://m.media-amazon.com/images/I/3106WC85aAL._SL500_.jpg" alt="Product Image"></a><p>Garnier Micellar Water, Hydrating Facial Cleanser & Makeup Remover, Suitable for Sensitive Skin, Vegan, Cruelty Free, 13.5 Fl Oz (400mL), 1 Count</p><p>$8.97 ($0.66 / Fl Oz)</p><a href="https://www.amazon.com/dp/B017PCGABI?tag=eloabder-20&linkCode=osi&th=1&psc=1">View Product</a></div><div class="product"><a href="https://www.amazon.com/dp/B00U2VQZDS?tag=eloabder-20&linkCode=osi&th=1&psc=1"><img src="https://m.media-amazon.com/images/I/41VzZfHAKpL._SL500_.jpg" alt="Product Image"></a><p>Neutrogena Makeup Remover Wipes, Ultra-Soft Cleansing Facial Towelettes for Waterproof Makeup, Alcohol-Free, Plant-Based, Twin Pack, 25 Count (Pack of 2)</p><p>$9.16 ($0.18 / Count)</p><a href="https://www.amazon.com/dp/B00U2VQZDS?tag=eloabder-20&linkCode=osi&th=1&psc=1">View Product</a></div><div class="product"><a href="https://www.amazon.com/dp/B07T9JV956?tag=eloabder-20&linkCode=osi&th=1&psc=1"><img src="https://m.media-amazon.com/images/I/310x+0QrxsL._SL500_.jpg" alt="Product Image"></a><p>Neutrogena Gentle Oil-Free Eye Makeup Remover & Cleanser for Sensitive Eyes, Non-Greasy Makeup Remover, Removes Waterproof Mascara, Dermatologist & Ophthalmologist Tested, 8.0 fl. oz</p><p>$9.39 ($1.17 / Fl Oz)</p><a href="https://www.amazon.com/dp/B07T9JV956?tag=eloabder-20&linkCode=osi&th=1&psc=1">View Product</a></div><div class="product"><a href="https://www.amazon.com/dp/B01M31HY3S?tag=eloabder-20&linkCode=osi&th=1&psc=1"><img src="https://m.media-amazon.com/images/I/319i79e7f4L._SL500_.jpg" alt="Product Image"></a><p>Cetaphil Gentle Waterproof Makeup Remover, Mother's Day Gifts, Oil-Free Formula Suitable for Sensitive Skin, 6.0 Fluid Ounce</p><p>$9.87 ($1.64 / Fl Oz)</p><a href="https://www.amazon.com/dp/B01M31HY3S?tag=eloabder-20&linkCode=osi&th=1&psc=1">View Product</a></div><div class="product"><a href="https://www.amazon.com/dp/B07SS6LFRG?tag=eloabder-20&linkCode=osi&th=1&psc=1"><img src="https://m.media-amazon.com/images/I/31Mwa89HfCL._SL500_.jpg" alt="Product Image"></a><p>Amazon Basics Eye Makeup Remover, Removes Waterproof Mascara, Dermatologist Tested, Fragrance Free, 5.5 Fl Oz (Pack of 1)</p><p>$5.99 ($1.09 / Fl Oz)</p><a href="https://www.amazon.com/dp/B07SS6LFRG?tag=eloabder-20&linkCode=osi&th=1&psc=1">View Product</a></div><div class="product"><a href="https://www.amazon.com/dp/B08TQTT8LK?tag=eloabder-20&linkCode=osi&th=1&psc=1"><img src="https://m.media-amazon.com/images/I/31R-Y-dhjEL._SL500_.jpg" alt="Product Image"></a><p>e.l.f. Holy Hydration! Makeup Melting Cleansing Balm, Face Cleanser & Makeup Remover, Infused with Hyaluronic Acid to Hydrate Skin, 2 Oz</p><p>$11.00 ($5.50 / Ounce)</p><a href="https://www.amazon.com/dp/B08TQTT8LK?tag=eloabder-20&linkCode=osi&th=1&psc=1">View Product</a></div><div class="product"><a href="https://www.amazon.com/dp/B08Q3CQM7X?tag=eloabder-20&linkCode=osi&th=1&psc=1"><img src="https://m.media-amazon.com/images/I/31edyzkByfL._SL500_.jpg" alt="Product Image"></a><p>JUNO & Co. Clean 10 Cleansing Balm 10 Ingredients Makeup Remover 85g / 3.0oz</p><p>$14.99 ($5.00 / Ounce)</p><a href="https://www.amazon.com/dp/B08Q3CQM7X?tag=eloabder-20&linkCode=osi&th=1&psc=1">View Product</a></div><div class="product"><a href="https://www.amazon.com/dp/B0B1PP1XCM?tag=eloabder-20&linkCode=osi&th=1&psc=1"><img src="https://m.media-amazon.com/images/I/31kOCqV2+BL._SL500_.jpg" alt="Product Image"></a><p>CeraVe Cleansing Balm for Sensitive Skin | Hydrating Makeup Remover with Ceramides and Plant-based Jojoba Oil for Face | Non-Comedogenic Fragrance Free Non-Greasy |1.3 Ounces</p><p>$9.97 ($7.67 / Ounce)</p><a href="https://www.amazon.com/dp/B0B1PP1XCM?tag=eloabder-20&linkCode=osi&th=1&psc=1">View Product</a></div><div class="product"><a href="https://www.amazon.com/dp/B0BX65V1BZ?tag=eloabder-20&linkCode=osi&th=1&psc=1"><img src="https://m.media-amazon.com/images/I/31t6WiWvdDL._SL500_.jpg" alt="Product Image"></a><p>Prime Prometics PrimeSkin Beauty Water – Deeply Hydrating Pro-Age Make-Up Remover for Mature Women – Clean, One Swipe – for All Skin Types – pH balanced, Hypoallergenic</p><p>$27.00 ($5.29 / Fl Oz)</p><a href="https://www.amazon.com/dp/B0BX65V1BZ?tag=eloabder-20&linkCode=osi&th=1&psc=1">View Product</a></div>
<div class="product"><a href="https://www.amazon.com/dp/B07XC569XF?tag=eloabder-20&linkCode=osi&th=1&psc=1"><img src="https://m.media-amazon.com/images/I/4109uyzn-sL._SL500_.jpg" alt="Product Image"></a><p>Neutrogena Hydro Boost Facial Cleansing Towelettes + Hyaluronic Acid, Hydrating Makeup Remover Face Wipes Remove Dirt & Waterproof Makeup, Hypoallergenic, 100% Plant-Based Cloth, 2 x 25 ct</p><p>$13.20 ($0.26 / Count)</p><a href="https://www.amazon.com/dp/B07XC569XF?tag=eloabder-20&linkCode=osi&th=1&psc=1">View Product</a></div><div class="product"><a href="https://www.amazon.com/dp/B00479FP4Q?tag=eloabder-20&linkCode=osi&th=1&psc=1"><img src="https://m.media-amazon.com/images/I/41L2wro-FlL._SL500_.jpg" alt="Product Image"></a><p>Olay Daily Facials, Daily Clean Makeup Removing Facial Cleansing Wipes, 5-in-1 Water Activated Cloths, Exfoliates, Tones and Hydrates Skin, 66 count</p><p>$9.74 ($0.15 / Count)</p><a href="https://www.amazon.com/dp/B00479FP4Q?tag=eloabder-20&linkCode=osi&th=1&psc=1">View Product</a></div><div class="product"><a href="https://www.amazon.com/dp/B0864VDH6F?tag=eloabder-20&linkCode=osi&th=1&psc=1"><img src="https://m.media-amazon.com/images/I/418baEPkUdL._SL500_.jpg" alt="Product Image"></a><p>Amazon Basics Make Up Remover Wipes, Night Calming, 50 Count (2 Packs of 25) (Previously Solimo)</p><p>$7.93 ($0.16 / Count)</p><a href="https://www.amazon.com/dp/B0864VDH6F?tag=eloabder-20&linkCode=osi&th=1&psc=1">View Product</a></div><div class="product"><a href="https://www.amazon.com/dp/B093T3LQPP?tag=eloabder-20&linkCode=osi&th=1&psc=1"><img src="https://m.media-amazon.com/images/I/51mLU+qr6tL._SL500_.jpg" alt="Product Image"></a><p>Burt's Bees Rose Water Face Wipes, for All Skin Types, Hydrating Micellar Makeup Remover & Facial Cleansing Towelettes, 30 Ct (3-Pack)</p><p>$16.47 ($0.18 / Count)</p><a href="https://www.amazon.com/dp/B093T3LQPP?tag=eloabder-20&linkCode=osi&th=1&psc=1">View Product</a></div><div class="product"><a href="https://www.amazon.com/dp/B00NUJQG7Y?tag=eloabder-20&linkCode=osi&th=1&psc=1"><img src="https://m.media-amazon.com/images/I/51apu8FIluL._SL500_.jpg" alt="Product Image"></a><p>Burt's Bees Aloe Vera Face Wipes, for Sensitive Skin, Soothing Makeup Remover & Facial Cleansing Towelettes, 30 Ct. (3-Pack)</p><p>$16.41 ($0.18 / Count)</p><a href="https://www.amazon.com/dp/B00NUJQG7Y?tag=eloabder-20&linkCode=osi&th=1&psc=1">View Product</a></div><div class="product"><a href="https://www.amazon.com/dp/B09LXWPB1V?tag=eloabder-20&linkCode=osi&th=1&psc=1"><img src="https://m.media-amazon.com/images/I/4117i-jJMKL._SL500_.jpg" alt="Product Image"></a><p>CeraVe Hydrating Facial Cleansing Makeup Remover Wipes| Plant Based Face Biodegradable in Home Compost| Wash Cloth| Suitable for Sensitive Skin| Fragrance-free Non-comedogenic| 25 Count</p><p>$9.97 ($0.40 / Count)</p><a href="https://www.amazon.com/dp/B09LXWPB1V?tag=eloabder-20&linkCode=osi&th=1&psc=1">View Product</a></div><div class="product"><a href="https://www.amazon.com/dp/B006RFZ9IK?tag=eloabder-20&linkCode=osi&th=1&psc=1"><img src="https://m.media-amazon.com/images/I/41c4Ogejt9L._SL500_.jpg" alt="Product Image"></a><p>Bioré Daily Make Up Removing Cloths, Facial Cleansing Wipes with Dirt-grabbing Fibers for Deep Pore Cleansing without Oily Residue, 60 Count</p><p>$11.99 ($0.20 / Count)</p><a href="https://www.amazon.com/dp/B006RFZ9IK?tag=eloabder-20&linkCode=osi&th=1&psc=1">View Product</a></div><div class="product"><a href="https://www.amazon.com/dp/B01M4NFD2N?tag=eloabder-20&linkCode=osi&th=1&psc=1"><img src="https://m.media-amazon.com/images/I/41-iPdzYWDL._SL500_.jpg" alt="Product Image"></a><p>Cetaphil Gentle Makeup Removing Face Wipes, Daily Cleansing Facial Towelettes Gently Remove Makeup, Fragrance and Alcohol Free, 25 Count</p><p>$6.85 ($0.27 / Count)</p><a href="https://www.amazon.com/dp/B01M4NFD2N?tag=eloabder-20&linkCode=osi&th=1&psc=1">View Product</a></div><div class="product"><a href="https://www.amazon.com/dp/B0B644ZQLV?tag=eloabder-20&linkCode=osi&th=1&psc=1"><img src="https://m.media-amazon.com/images/I/41E5FGVZrnL._SL500_.jpg" alt="Product Image"></a><p>Cetaphil Face and Body Wipes, Gentle Skin Cleansing Cloths, 25 Count (Pack of 3), for Dry, Sensitive Skin, Flip Top Closure, Great for the Gym, Hypoallergenic, Fragrance Free</p><p>$20.91 ($0.28 / Count)</p><a href="https://www.amazon.com/dp/B0B644ZQLV?tag=eloabder-20&linkCode=osi&th=1&psc=1">View Product</a></div>
<div class="product"><a href="https://www.amazon.com/dp/B08RD6S5HF?tag=eloabder-20&linkCode=osi&th=1&psc=1"><img src="https://m.media-amazon.com/images/I/41uDw-xQNuL._SL500_.jpg" alt="Product Image"></a><p>BAIMEI IcyMe Gua Sha & Jade Roller Facial Tools Face Roller and Gua Sha Set for Puffiness and Redness Reducing Skin Care Routine, Self Care Gift for Men Women - Green</p><p>$9.99</p><a href="https://www.amazon.com/dp/B08RD6S5HF?tag=eloabder-20&linkCode=osi&th=1&psc=1">View Product</a></div><div class="product"><a href="https://www.amazon.com/dp/B09961TCV4?tag=eloabder-20&linkCode=osi&th=1&psc=1"><img src="https://m.media-amazon.com/images/I/41cLCDErk6L._SL500_.jpg" alt="Product Image"></a><p>huefull Gua Sha Facial Tools & Jade Roller Set for Skin Care, Reduce Puffiness and Improve Wrinkles, Guasha Tool for Face, Gua Sha Stone Self Care Gift for Woman Man</p><p>$7.99 ($4.00 / Count)</p><a href="https://www.amazon.com/dp/B09961TCV4?tag=eloabder-20&linkCode=osi&th=1&psc=1">View Product</a></div><div class="product"><a href="https://www.amazon.com/dp/B09P88YNZZ?tag=eloabder-20&linkCode=osi&th=1&psc=1"><img src="https://m.media-amazon.com/images/I/31gv5dz1KML._SL500_.jpg" alt="Product Image"></a><p>Ice Roller for Face and Eye, Ice Face Roller,Facial Beauty Ice Roller Skin Care Tools, Ice Facial Cube, Gua Sha Face Massage, Silicone Ice Mold for Face Beauty (Pink)</p><p>$5.99 ($1.20 / Ounce)</p><a href="https://www.amazon.com/dp/B09P88YNZZ?tag=eloabder-20&linkCode=osi&th=1&psc=1">View Product</a></div><div class="product"><a href="https://www.amazon.com/dp/B09V5TRZTS?tag=eloabder-20&linkCode=osi&th=1&psc=1"><img src="https://m.media-amazon.com/images/I/31NWpXealIL._SL500_.jpg" alt="Product Image"></a><p>ROSELYNBOUTIQUE Ice Roller for Face Wrinkles Fine Lines Puffiness Stick Massager Facial Skin Care Tools Self Care Gifts for Men Women (Green)</p><p>$6.39</p><a href="https://www.amazon.com/dp/B09V5TRZTS?tag=eloabder-20&linkCode=osi&th=1&psc=1">View Product</a></div><div class="product"><a href="https://www.amazon.com/dp/B0BR7YG7QH?tag=eloabder-20&linkCode=osi&th=1&psc=1"><img src="https://m.media-amazon.com/images/I/41gFogNe+dL._SL500_.jpg" alt="Product Image"></a><p>8 Pieces Triangle Powder Puff Face Soft Triangle Makeup Puff Velour Cosmetic Foundation Blender Sponge Beauty Makeup Tools</p><p>$3.99 ($0.50 / Count)</p><a href="https://www.amazon.com/dp/B0BR7YG7QH?tag=eloabder-20&linkCode=osi&th=1&psc=1">View Product</a></div><div class="product"><a href="https://www.amazon.com/dp/B09XJYZDVG?tag=eloabder-20&linkCode=osi&th=1&psc=1"><img src="https://m.media-amazon.com/images/I/41jMEmTiSQL._SL500_.jpg" alt="Product Image"></a><p>Aaiffey Eyeliner Applicator Kit, Eyeliner Tool with Eyeliner Cream Black Eyeliner Gel Reusable Silicone Eye Liner Applicator Waterproof Eyeliner Easy No-Skip (eyeliner tool +black eyeliner creams)</p><p>$9.98</p><a href="https://www.amazon.com/dp/B09XJYZDVG?tag=eloabder-20&linkCode=osi&th=1&psc=1">View Product</a></div>
<div class="product"><a href="https://www.amazon.com/dp/B075S543DR?tag=eloabder-20&linkCode=osi&th=1&psc=1"><img src="https://m.media-amazon.com/images/I/418N6a3fvaL._SL500_.jpg" alt="Product Image"></a><p>EcoTools Start The Day Beautifully 6 Piece Makeup Brush Set, Makeup Brushes For Eyeshadow, Blush, Concealer, & Foundation Application, Eco-Friendly, Gift Set, Synthetic Hair, Vegan & Cruelty-Free</p><p>$9.98</p><a href="https://www.amazon.com/dp/B075S543DR?tag=eloabder-20&linkCode=osi&th=1&psc=1">View Product</a></div><div class="product"><a href="https://www.amazon.com/dp/B07FTXBNVL?tag=eloabder-20&linkCode=osi&th=1&psc=1"><img src="https://m.media-amazon.com/images/I/41O4pc78hYL._SL500_.jpg" alt="Product Image"></a><p>Real Techniques 5 Piece Everyday Essentials Makeup Brush Set, Includes 4 Brushes & Makeup Sponge, For Foundation, Blush, Bronzer, Contour, Eyeshadow, & Powder, Travel Gift Set, Cruelty-Free & Vegan</p><p>$13.99</p><a href="https://www.amazon.com/dp/B07FTXBNVL?tag=eloabder-20&linkCode=osi&th=1&psc=1">View Product</a></div>
<div class="product"><a href="https://www.amazon.com/dp/B00WZQTCS8?tag=eloabder-20&linkCode=osi&th=1&psc=1"><img src="https://m.media-amazon.com/images/I/41iVoW5QboL._SL500_.jpg" alt="Product Image"></a><p>NYX PROFESSIONAL MAKEUP Micro Brow Pencil, Eyebrow Pencil - Espresso</p><p>$7.50</p><a href="https://www.amazon.com/dp/B00WZQTCS8?tag=eloabder-20&linkCode=osi&th=1&psc=1">View Product</a></div><div class="product"><a href="https://www.amazon.com/dp/B01643FI0I?tag=eloabder-20&linkCode=osi&th=1&psc=1"><img src="https://m.media-amazon.com/images/I/21w1DpgxRoL._SL500_.jpg" alt="Product Image"></a><p>L'Oreal Paris Makeup Brow Stylist Definer Waterproof Eyebrow Pencil, Ultra-Fine Mechanical Pencil, Draws Tiny Brow Hairs and Fills in Sparse Areas and Gaps, Dark Brunette, 0.003 Ounce (Pack of 1)</p><p>$8.98</p><a href="https://www.amazon.com/dp/B01643FI0I?tag=eloabder-20&linkCode=osi&th=1&psc=1">View Product</a></div><div class="product"><a href="https://www.amazon.com/dp/B0B52KG7YP?tag=eloabder-20&linkCode=osi&th=1&psc=1"><img src="https://m.media-amazon.com/images/I/31Mi4FEPxYL._SL500_.jpg" alt="Product Image"></a><p>e.l.f. Instant Lift Brow Pencil, Dual-Ended Precision Brow Pencils For Shaping & Defining Eyebrows, Vegan & Cruelty-Free, Neutral Brown, 2-Pack</p><p>$5.00</p><a href="https://www.amazon.com/dp/B0B52KG7YP?tag=eloabder-20&linkCode=osi&th=1&psc=1">View Product</a></div><div class="product"><a href="https://www.amazon.com/dp/B078KB7L4G?tag=eloabder-20&linkCode=osi&th=1&psc=1"><img src="https://m.media-amazon.com/images/I/31QF5SK3tzL._SL500_.jpg" alt="Product Image"></a><p>wet n wild Ultimate Eyebrow Retractable Definer Pencil, Medium Brown, Dual-Sided Brow Brush, Fine Tip, Shapes, Defines, Fills Brow Makeup</p><p>$2.74</p><a href="https://www.amazon.com/dp/B078KB7L4G?tag=eloabder-20&linkCode=osi&th=1&psc=1">View Product</a></div><div class="product"><a href="https://www.amazon.com/dp/B074VD4X7W?tag=eloabder-20&linkCode=osi&th=1&psc=1"><img src="https://m.media-amazon.com/images/I/41eK8J1W2rL._SL500_.jpg" alt="Product Image"></a><p>Maybelline Total Temptation Eyebrow Definer Pencil, Soft Brown, 1 Count</p><p>$8.99</p><a href="https://www.amazon.com/dp/B074VD4X7W?tag=eloabder-20&linkCode=osi&th=1&psc=1">View Product</a></div><div class="product"><a href="https://www.amazon.com/dp/B001ESKLZQ?tag=eloabder-20&linkCode=osi&th=1&psc=1"><img src="https://m.media-amazon.com/images/I/31bw47frHzS._SL500_.jpg" alt="Product Image"></a><p>COVERGIRL - Easy Breezy Brow Fill + Define Brow Pencil, Sharpener Included, Long-Lasting, Deeply Pigmented, Blendable Formula, 100% Cruelty-Free</p><p>$4.47</p><a href="https://www.amazon.com/dp/B001ESKLZQ?tag=eloabder-20&linkCode=osi&th=1&psc=1">View Product</a></div><div class="product"><a href="https://www.amazon.com/dp/B0D12PWNK6?tag=eloabder-20&linkCode=osi&th=1&psc=1"><img src="https://m.media-amazon.com/images/I/51u7eOlEtFL._SL500_.jpg" alt="Product Image"></a><p>iMethod Microblading Eyebrow Pen - Eyebrow Pencil Magical 2-in-1 Dual-Ended Eye Brow Pencils for Women with 4-Fork-Tip & Precise Brush-Tip Create Natural Hair-Like Brows, Last All-Day, Dark Brown</p><p>$14.97 ($14.97 / Count)</p><a href="https://www.amazon.com/dp/B0D12PWNK6?tag=eloabder-20&linkCode=osi&th=1&psc=1">View Product</a></div><div class="product"><a href="https://www.amazon.com/dp/B0CPFY8K8W?tag=eloabder-20&linkCode=osi&th=1&psc=1"><img src="https://m.media-amazon.com/images/I/21SmXiqZZYL._SL500_.jpg" alt="Product Image"></a><p>e.l.f. Instant Lift Waterproof Brow Pencil, Long-Lasting Eyebrow Pencil For Grooming & Shaping Brows, Vegan & Cruelty-free, Deep Brown</p><p>$4.00</p><a href="https://www.amazon.com/dp/B0CPFY8K8W?tag=eloabder-20&linkCode=osi&th=1&psc=1">View Product</a></div>
<div class="product"><a href="https://www.amazon.com/dp/B079B8BFR3?tag=eloabder-20&linkCode=osi&th=1&psc=1"><img src="https://m.media-amazon.com/images/I/41DSmndr3KL._SL500_.jpg" alt="Product Image"></a><p>KISS Looks So Natural, False Eyelashes, Shy', 12 mm, Includes 5 Pairs Of Lashes, Contact Lens Friendly, Easy to Apply, Reusable Strip Lashes, Glue On</p><p>$7.09</p><a href="https://www.amazon.com/dp/B079B8BFR3?tag=eloabder-20&linkCode=osi&th=1&psc=1">View Product</a></div><div class="product"><a href="https://www.amazon.com/dp/B09MQCDVM7?tag=eloabder-20&linkCode=osi&th=1&psc=1"><img src="https://m.media-amazon.com/images/I/510lQqrrVtL._SL500_.jpg" alt="Product Image"></a><p>False Eyelashes 14mm Faux 3D Mink Lashes Natural Look Fluffy Cat Eye Wispy Lashes Pack by Kiromiro, 14 Pairs</p><p>$8.89</p><a href="https://www.amazon.com/dp/B09MQCDVM7?tag=eloabder-20&linkCode=osi&th=1&psc=1">View Product</a></div><div class="product"><a href="https://www.amazon.com/dp/B00DS4EIEE?tag=eloabder-20&linkCode=osi&th=1&psc=1"><img src="https://m.media-amazon.com/images/I/415k4JSKxOL._SL500_.jpg" alt="Product Image"></a><p>KISS So Wispy, False Eyelashes, Style #11', 12 mm, Includes 5 Pairs Of Lashes, Contact Lens Friendly, Easy to Apply, Reusable Strip Lashes, Glue On, Mulitpack</p><p>$8.97 ($1.79 / Count)</p><a href="https://www.amazon.com/dp/B00DS4EIEE?tag=eloabder-20&linkCode=osi&th=1&psc=1">View Product</a></div><div class="product"><a href="https://www.amazon.com/dp/B0C5QK1QHP?tag=eloabder-20&linkCode=osi&th=1&psc=1"><img src="https://m.media-amazon.com/images/I/51eSQ4cj35L._SL500_.jpg" alt="Product Image"></a><p>Veleasha Lashes 5D Faux Mink Lashes 100% Handmade Luxurious Fake Eyelashes Lightweight Fluffy False Eyelashes 5 Pairs Pack (G2)</p><p>$6.98 ($1.40 / Count)</p><a href="https://www.amazon.com/dp/B0C5QK1QHP?tag=eloabder-20&linkCode=osi&th=1&psc=1">View Product</a></div><div class="product"><a href="https://www.amazon.com/dp/B0B1LRRTCH?tag=eloabder-20&linkCode=osi&th=1&psc=1"><img src="https://m.media-amazon.com/images/I/41gc2Df+nAL._SL500_.jpg" alt="Product Image"></a><p>GMAGICTOBO False Eyelashes Natural Half Lashes Short Wispy Clear Band Lashes Pack Cat Eye 3D Faux Mink Lashes Fake Eyelashes 7 Pairs Multipack</p><p>$8.59 ($1.23 / Count)</p><a href="https://www.amazon.com/dp/B0B1LRRTCH?tag=eloabder-20&linkCode=osi&th=1&psc=1">View Product</a></div><div class="product"><a href="https://www.amazon.com/dp/B08R6PR7ND?tag=eloabder-20&linkCode=osi&th=1&psc=1"><img src="https://m.media-amazon.com/images/I/41r4c3ZiCWL._SL500_.jpg" alt="Product Image"></a><p>KISS My Lash But Better, False Eyelashes, All Mine', 10 mm, Includes 1 Pair Of Lashes, Contact Lens Friendly, Easy to Apply, Reusable Strip Lashes, Glue-On</p><p>$3.97</p><a href="https://www.amazon.com/dp/B08R6PR7ND?tag=eloabder-20&linkCode=osi&th=1&psc=1">View Product</a></div><div class="product"><a href="https://www.amazon.com/dp/B0BX3YHN14?tag=eloabder-20&linkCode=osi&th=1&psc=1"><img src="https://m.media-amazon.com/images/I/51YYa1vTElL._SL500_.jpg" alt="Product Image"></a><p>KISS imPRESS Falsies False Eyelashes, Lash Clusters, Voluminous', 14 mm, Includes 20 Clusters, 1 applicator, Contact Lens Friendly, Easy to Apply, Reusable Strip Lashes</p><p>$12.72</p><a href="https://www.amazon.com/dp/B0BX3YHN14?tag=eloabder-20&linkCode=osi&th=1&psc=1">View Product</a></div><div class="product"><a href="https://www.amazon.com/dp/B00YYHHI1E?tag=eloabder-20&linkCode=osi&th=1&psc=1"><img src="https://m.media-amazon.com/images/I/419bv9iNI9L._SL500_.jpg" alt="Product Image"></a><p>Ardell False Eyelashes Demi Wispies Black, 1 pack (6 pairs per pack)</p><p>$9.74 ($1.95 / Count)</p><a href="https://www.amazon.com/dp/B00YYHHI1E?tag=eloabder-20&linkCode=osi&th=1&psc=1">View Product</a></div><div class="product"><a href="https://www.amazon.com/dp/B0CG5SY8J1?tag=eloabder-20&linkCode=osi&th=1&psc=1"><img src="https://m.media-amazon.com/images/I/41SWlZB3plL._SL500_.jpg" alt="Product Image"></a><p>Natural Lashes Natural Eyelashes Short Eyelashes Natural Look False Eyelashes Wispy Eye Lashes 10mm Small Lashes Fake Lashes K50</p><p>$7.93 ($1.13 / Count)</p><a href="https://www.amazon.com/dp/B0CG5SY8J1?tag=eloabder-20&linkCode=osi&th=1&psc=1">View Product</a></div><div class="product"><a href="https://www.amazon.com/dp/B08SPVMDTV?tag=eloabder-20&linkCode=osi&th=1&psc=1"><img src="https://m.media-amazon.com/images/I/41Q6wh0HacL._SL500_.jpg" alt="Product Image"></a><p>KISS Falscara Multipack False Eyelashes, Lash Clusters, Natural Wispy Wisps', 10mm-12mm-14mm, Includes 24 Assorted Lengths Wisps, Contact Lens Friendly, Easy to Apply, Reusable Strip Lashes</p><p>$6.47 ($0.27 / Count)</p><a href="https://www.amazon.com/dp/B08SPVMDTV?tag=eloabder-20&linkCode=osi&th=1&psc=1">View Product</a></div>
<div class="product"><a href="https://www.amazon.com/dp/B08ZYKFNLK?tag=eloabder-20&linkCode=osi&th=1&psc=1"><img src="https://m.media-amazon.com/images/I/41LSyt4W-HL._SL500_.jpg" alt="Product Image"></a><p>Makeup Sponge Set BS-MALL Blender Sponges 7 Pcs for Liquid, Cream, and Powder, Multi-colored with 1 Mini Makeup Sponge Pink (A-Pink）</p><p>$6.99 ($1.00 / Count)</p><a href="https://www.amazon.com/dp/B08ZYKFNLK?tag=eloabder-20&linkCode=osi&th=1&psc=1">View Product</a></div><div class="product"><a href="https://www.amazon.com/dp/B01F36JEXE?tag=eloabder-20&linkCode=osi&th=1&psc=1"><img src="https://m.media-amazon.com/images/I/41AHaVc97tL._SL500_.jpg" alt="Product Image"></a><p>BEAKEY Makeup Sponge 5 Pcs Set, Makeup Sponges for Foundation, Liquid, Cream and Powder. Latex-Free Boun Boun Beauty Sponge for Blending, Blender for Enhanced Make Up Application, Ideal Gift</p><p>$6.99 ($1.40 / Count)</p><a href="https://www.amazon.com/dp/B01F36JEXE?tag=eloabder-20&linkCode=osi&th=1&psc=1">View Product</a></div><div class="product"><a href="https://www.amazon.com/dp/B07VBNQ367?tag=eloabder-20&linkCode=osi&th=1&psc=1"><img src="https://m.media-amazon.com/images/I/41tK1+FK+ML._SL500_.jpg" alt="Product Image"></a><p>Beautyblender® | Original Pink Beauty Blender Makeup Sponge, Super-Soft Foam Easily Blends Foundations, Powders & Creams, Made in USA, Reusable, Washable, Streak Free Application, Vegan, Cruelty Free</p><p>$20.00</p><a href="https://www.amazon.com/dp/B07VBNQ367?tag=eloabder-20&linkCode=osi&th=1&psc=1">View Product</a></div><div class="product"><a href="https://www.amazon.com/dp/B013XJUWC0?tag=eloabder-20&linkCode=osi&th=1&psc=1"><img src="https://m.media-amazon.com/images/I/519iY4n1lHL._SL500_.jpg" alt="Product Image"></a><p>Aesthetica Cosmetics Beauty Sponge Blender - Latex Free and Vegan Makeup Sponge Blender - For Powder, Cream or Liquid Application - One Piece Make Up Sponge</p><p>$3.97</p><a href="https://www.amazon.com/dp/B013XJUWC0?tag=eloabder-20&linkCode=osi&th=1&psc=1">View Product</a></div><div class="product"><a href="https://www.amazon.com/dp/B08T79281H?tag=eloabder-20&linkCode=osi&th=1&psc=1"><img src="https://m.media-amazon.com/images/I/41OyxvePdBL._SL500_.jpg" alt="Product Image"></a><p>DUAIU 4 Pcs Makeup Sponge Set Beauty Sponge Foundation Blending Sponge, Flawless for Liquid, Cream, and Powder, Multi-colored Makeup Sponges with Storage Box</p><p>$4.99 ($1.25 / Count)</p><a href="https://www.amazon.com/dp/B08T79281H?tag=eloabder-20&linkCode=osi&th=1&psc=1">View Product</a></div><div class="product"><a href="https://www.amazon.com/dp/B00EUBPHR6?tag=eloabder-20&linkCode=osi&th=1&psc=1"><img src="https://m.media-amazon.com/images/I/31BZh7Bg7hL._SL500_.jpg" alt="Product Image"></a><p>Real Techniques Miracle Complexion Sponge, Makeup Blending Sponge, For Liquid & Cream Foundation, Offers Light To Medium Coverage, Natural, Dewy Makeup, Orange Sponge, Latex-Free Foam, 1 Count</p><p>$4.57</p><a href="https://www.amazon.com/dp/B00EUBPHR6?tag=eloabder-20&linkCode=osi&th=1&psc=1">View Product</a></div><div class="product"><a href="https://www.amazon.com/dp/B0CL2FKVH2?tag=eloabder-20&linkCode=osi&th=1&psc=1"><img src="https://m.media-amazon.com/images/I/41u81y8DJoL._SL500_.jpg" alt="Product Image"></a><p>14 Pcs Makeup Sponge Set,Beauty Sponges Blender with 4 Pcs Powder Puff and 4 Pcs Mini Make up Sponges Valentine's Day Gift,Mother's Day Gift for Women Liquid,Foundation,Powder,Concealer,Cream(Pink)</p><p>$8.99 ($0.64 / Count)</p><a href="https://www.amazon.com/dp/B0CL2FKVH2?tag=eloabder-20&linkCode=osi&th=1&psc=1">View Product</a></div><div class="product"><a href="https://www.amazon.com/dp/B0CTX1X4F1?tag=eloabder-20&linkCode=osi&th=1&psc=1"><img src="https://m.media-amazon.com/images/I/31dP1yTUmWL._SL500_.jpg" alt="Product Image"></a><p>GFOUNS 15 pcs Beauty blender Makeup Sponge Bulk:Blender Sponges 15 Pcs for Liquid, Cream, and Powder, Multi-colored Pink make up sponges for foundation</p><p>$5.99</p><a href="https://www.amazon.com/dp/B0CTX1X4F1?tag=eloabder-20&linkCode=osi&th=1&psc=1">View Product</a></div>
<div class="product"><a href="https://www.amazon.com/dp/B010CRFSTI?tag=eloabder-20&linkCode=osi&th=1&psc=1"><img src="https://m.media-amazon.com/images/I/41JQ+znx4gL._SL500_.jpg" alt="Product Image"></a><p>Conair Salon Results Hairbrush Set - Travel Hair Brush - Hairbrushes for All Hair Types - Travel size + Full-size Brush</p><p>$5.88 ($2.94 / Count)</p><a href="https://www.amazon.com/dp/B010CRFSTI?tag=eloabder-20&linkCode=osi&th=1&psc=1">View Product</a></div><div class="product"><a href="https://www.amazon.com/dp/B094DK6JNF?tag=eloabder-20&linkCode=osi&th=1&psc=1"><img src="https://m.media-amazon.com/images/I/31dF+T3k3nL._SL500_.jpg" alt="Product Image"></a><p>Wet Brush Original Detangler Hair Brush, Amazon Exclusive Aqua- Ultra-Soft IntelliFlex Bristles-Detangling Hairbrush Glides Through Tangles For All Hair Types (Wet Dry & Damaged Hair) - Women & Men</p><p>$8.99</p><a href="https://www.amazon.com/dp/B094DK6JNF?tag=eloabder-20&linkCode=osi&th=1&psc=1">View Product</a></div>

<div class="product"><a href="https://www.amazon.com/dp/B07KSQZ4MR?tag=eloabder-20&linkCode=osi&th=1&psc=1"><img src="https://m.media-amazon.com/images/I/31A-mCllrgL._SL500_.jpg" alt="Product Image"></a><p>Hot Tools Pro Artist Black Gold Evolve Ionic Salon Hair Flat Iron | Long-Lasting Finish for Straightening Hair, (1-1/4 in), HT7123BG</p><p>$61.50</p><a href="https://www.amazon.com/dp/B07KSQZ4MR?tag=eloabder-20&linkCode=osi&th=1&psc=1">View Product</a></div>
<div class="product"><a href="https://www.amazon.com/dp/B0027SU9JU?tag=eloabder-20&linkCode=osi&th=1&psc=1"><img src="https://m.media-amazon.com/images/I/31rfzenB9mL._SL500_.jpg" alt="Product Image"></a><p>REVLON Turbo Hair Dryer with Advanced Ionic Technology, Ceramic Coating | Turbo Heat and Cold Shot Features, 1875 Watts for Fast Drying and Shine (Silver)</p><p>$19.99</p><a href="https://www.amazon.com/dp/B0027SU9JU?tag=eloabder-20&linkCode=osi&th=1&psc=1">View Product</a></div>

<div class="product"><a href="https://www.amazon.com/dp/B07PBXXNCY?tag=eloabder-20&linkCode=osi&th=1&psc=1"><img src="https://m.media-amazon.com/images/I/31OVxUr+bUL._SL500_.jpg" alt="Product Image"></a><p>Clean Skin Club Clean Towels XL™, 100% USDA Biobased Face Towel, Disposable Face Towelette, Makeup Remover Dry Wipes, Ultra Soft, 50 Ct, 1 Pack</p><p>$17.95 ($0.36 / Count)</p><a href="https://www.amazon.com/dp/B07PBXXNCY?tag=eloabder-20&linkCode=osi&th=1&psc=1">View Product</a></div><div class="product"><a href="https://www.amazon.com/dp/B01LEJ5MSK?tag=eloabder-20&linkCode=osi&th=1&psc=1"><img src="https://m.media-amazon.com/images/I/418xEMrk6LL._SL500_.jpg" alt="Product Image"></a><p>COSRX Snail Mucin 92% Repair Cream, Daily Face Gel Moisturizer for Dry Skin, Acne-prone, Sensitive Skin, Not Tested on Animals, No Parabens, Korean Skincare (3.52 Fl Oz (Pack of 1))</p><p>$13.99 ($3.97 / Fl Oz)</p><a href="https://www.amazon.com/dp/B01LEJ5MSK?tag=eloabder-20&linkCode=osi&th=1&psc=1">View Product</a></div>
<div class="product"><a href="https://www.amazon.com/dp/B076FHJ3K5?tag=eloabder-20&linkCode=osi&th=1&psc=1"><img src="https://m.media-amazon.com/images/I/31QAqxeYpoL._SL500_.jpg" alt="Product Image"></a><p>Marc Anthony Leave-In Conditioner Spray & Detangler, Grow Long Biotin - Anti-Frizz Deep Conditioner For Split Ends & Breakage - Vitamin E, Caffeine & Ginseng for Curly, Dry & Damaged Hair</p><p>$7.67 ($0.91 / Fl Oz)</p><a href="https://www.amazon.com/dp/B076FHJ3K5?tag=eloabder-20&linkCode=osi&th=1&psc=1">View Product</a></div><div class="product"><a href="https://www.amazon.com/dp/B0B941W753?tag=eloabder-20&linkCode=osi&th=1&psc=1"><img src="https://m.media-amazon.com/images/I/3154MYZlHiL._SL500_.jpg" alt="Product Image"></a><p>MONDAY HAIRCARE Volume Shampoo + Conditioner Set (2 Pack) 12oz Each for Thin, Fine, and Oily Hair, Made from Coconut Oil, Ginger Extract, & Vitamin E, 100% Recyclable Bottles</p><p>$13.99 ($0.58 / Fl Oz)</p><a href="https://www.amazon.com/dp/B0B941W753?tag=eloabder-20&linkCode=osi&th=1&psc=1">View Product</a></div><div class="product"><a href="https://www.amazon.com/dp/B0CS29PK2J?tag=eloabder-20&linkCode=osi&th=1&psc=1"><img src="https://m.media-amazon.com/images/I/315FU9SHGsL._SL500_.jpg" alt="Product Image"></a><p>Monday Moisture Leave-in Conditioner 5 Oz</p><p>$5.41 ($1.08 / Fl Oz)</p><a href="https://www.amazon.com/dp/B0CS29PK2J?tag=eloabder-20&linkCode=osi&th=1&psc=1">View Product</a></div><div class="product"><a href="https://www.amazon.com/dp/B0B941XTDZ?tag=eloabder-20&linkCode=osi&th=1&psc=1"><img src="https://m.media-amazon.com/images/I/41eavjiNYyL._SL500_.jpg" alt="Product Image"></a><p>MONDAY HAIRCARE Moisture Shampoo + Conditioner Set for Dry, Coarse, Stressed, Coily & Curly Hair, Made from Coconut Oil, Rice Protein, Shea Butter, & Vitamin E, All-Natural, 12 Fl Oz (Pack of 2)</p><p>$13.99 ($0.58 / Fl Oz)</p><a href="https://www.amazon.com/dp/B0B941XTDZ?tag=eloabder-20&linkCode=osi&th=1&psc=1">View Product</a></div><div class="product"><a href="https://www.amazon.com/dp/B07N7PK9QK?tag=eloabder-20&linkCode=osi&th=1&psc=1"><img src="https://m.media-amazon.com/images/I/416K3ahcJsL._SL500_.jpg" alt="Product Image"></a><p>Mielle Organics Rosemary Mint Scalp & Hair Strengthening Oil for All Hair Types, 2 Ounce</p><p>$9.50 ($4.75 / Fl Oz)</p><a href="https://www.amazon.com/dp/B07N7PK9QK?tag=eloabder-20&linkCode=osi&th=1&psc=1">View Product</a></div><div class="product"><a href="https://www.amazon.com/dp/B005PV0FDG?tag=eloabder-20&linkCode=osi&th=1&psc=1"><img src="https://m.media-amazon.com/images/I/310l+q4ImxL._SL500_.jpg" alt="Product Image"></a><p>It's a 10 Haircare Miracle Leave-In product, 10 fl. oz.</p><p>$27.98 ($2.80 / Fl Oz)</p><a href="https://www.amazon.com/dp/B005PV0FDG?tag=eloabder-20&linkCode=osi&th=1&psc=1">View Product</a></div><div class="product"><a href="https://www.amazon.com/dp/B0C3K3XX95?tag=eloabder-20&linkCode=osi&th=1&psc=1"><img src="https://m.media-amazon.com/images/I/41+CLmIGVIL._SL500_.jpg" alt="Product Image"></a><p>MONDAY HAIRCARE Repair Shampoo and Conditioner Set 12oz for Dry to Damaged Hair, Made with Keratin, Coconut Oil, Shea Butter and Vitamin E</p><p>$13.99 ($0.58 / Fl Oz)</p><a href="https://www.amazon.com/dp/B0C3K3XX95?tag=eloabder-20&linkCode=osi&th=1&psc=1">View Product</a></div>
<div class="product"><a href="https://www.amazon.com/dp/B09F5L7756?tag=eloabder-20&linkCode=osi&th=1&psc=1"><img src="https://m.media-amazon.com/images/I/61qJVRNSjFL._SL500_.jpg" alt="Product Image"></a><p>Vaseline Intensive Care Cocoa Radiant For Glowing Skin 3 Count Body Gel Oil Body Oil Made with 100% Pure Cocoa Butter + Replenishing Oils 6.8oz</p><p>$19.44 ($0.95 / Fl Oz)</p><a href="https://www.amazon.com/dp/B09F5L7756?tag=eloabder-20&linkCode=osi&th=1&psc=1">View Product</a></div><div class="product"><a href="https://www.amazon.com/dp/B08T4FLJQZ?tag=eloabder-20&linkCode=osi&th=1&psc=1"><img src="https://m.media-amazon.com/images/I/317LIpGPZiL._SL500_.jpg" alt="Product Image"></a><p>Dove Scrub Brown Sugar & Coconut Butter For Silky Smooth Skin Body Scrub Exfoliates & Restores Skin's Natural Nutrients 10.5 oz</p><p>$6.97 ($0.66 / Ounce)</p><a href="https://www.amazon.com/dp/B08T4FLJQZ?tag=eloabder-20&linkCode=osi&th=1&psc=1">View Product</a></div><div class="product"><a href="https://www.amazon.com/dp/B0CNKZW8HL?tag=eloabder-20&linkCode=osi&th=1&psc=1"><img src="https://m.media-amazon.com/images/I/61vGHE3wEWL._SL500_.jpg" alt="Product Image"></a><p>Dove Men+Care Body Wash Sandalwood + Cardamom Oil to Rebuild Skin in the Shower with Plant-Based Cleansers and Moisturizers 26 oz</p><p>$9.97 ($0.38 / Fl Oz)</p><a href="https://www.amazon.com/dp/B0CNKZW8HL?tag=eloabder-20&linkCode=osi&th=1&psc=1">View Product</a></div><div class="product"><a href="https://www.amazon.com/dp/B089NCFBQZ?tag=eloabder-20&linkCode=osi&th=1&psc=1"><img src="https://m.media-amazon.com/images/I/41WGBM4YipL._SL500_.jpg" alt="Product Image"></a><p>Vaseline Illuminate Me Shimmering Body Oil Created for Melanin Rich Skin, Illuminates Skin with Finishing Touch of Shimmer for Glowing Skin 3.3 oz</p><p>$8.75 ($2.65 / Fl Oz)</p><a href="https://www.amazon.com/dp/B089NCFBQZ?tag=eloabder-20&linkCode=osi&th=1&psc=1">View Product</a></div><div class="product"><a href="https://www.amazon.com/dp/B0CNL19TQG?tag=eloabder-20&linkCode=osi&th=1&psc=1"><img src="https://m.media-amazon.com/images/I/61kqkkFXOkL._SL500_.jpg" alt="Product Image"></a><p>Dove Men+Care Body Wash Eucalyptus + Cedar Oil to Rebuild Skin in the Shower with Plant-Based Cleansers and Moisturizers 26 oz</p><p>$9.99 ($0.38 / Fl Oz)</p><a href="https://www.amazon.com/dp/B0CNL19TQG?tag=eloabder-20&linkCode=osi&th=1&psc=1">View Product</a></div><div class="product"><a href="https://www.amazon.com/dp/B07HMDGJCJ?tag=eloabder-20&linkCode=osi&th=1&psc=1"><img src="https://m.media-amazon.com/images/I/31TuC5EJeNL._SL500_.jpg" alt="Product Image"></a><p>SOL DE JANEIRO 4 Play Moisturizing Shower Cream Gel Body Wash 90mL</p><p>$10.00 ($3.33 / Fl Oz)</p><a href="https://www.amazon.com/dp/B07HMDGJCJ?tag=eloabder-20&linkCode=osi&th=1&psc=1">View Product</a></div>
<div class="product"><a href="https://www.amazon.com/dp/B00HVI8WYU?tag=eloabder-20&linkCode=osi&th=1&psc=1"><img src="https://m.media-amazon.com/images/I/31educzzSsL._SL500_.jpg" alt="Product Image"></a><p>e.l.f. Hydrating Face Primer, Makeup Primer For Flawless, Smooth Skin & Long-Lasting Makeup, Fills In Pores & Fine Lines, Vegan & Cruelty-free, Small</p><p>$8.00</p><a href="https://www.amazon.com/dp/B00HVI8WYU?tag=eloabder-20&linkCode=osi&th=1&psc=1">View Product</a></div><div class="product"><a href="https://www.amazon.com/dp/B088W7L534?tag=eloabder-20&linkCode=osi&th=1&psc=1"><img src="https://m.media-amazon.com/images/I/31A5rZUAKyL._SL500_.jpg" alt="Product Image"></a><p>e.l.f. Monochromatic Multi Stick, Luxuriously Creamy & Blendable Color, For Eyes, Lips & Cheeks, Dazzling Peony, 0.17 oz (5 g)</p><p>$5.00</p><a href="https://www.amazon.com/dp/B088W7L534?tag=eloabder-20&linkCode=osi&th=1&psc=1">View Product</a></div><div class="product"><a href="https://www.amazon.com/dp/B0CMJZ8G6Y?tag=eloabder-20&linkCode=osi&th=1&psc=1"><img src="https://m.media-amazon.com/images/I/31KdGu0F8vL._SL500_.jpg" alt="Product Image"></a><p>e.l.f. Glow Reviver Lip Oil, Nourishing Tinted Lip Oil For A High-shine Finish, Infused With Jojoba Oil, Vegan & Cruelty-free, Rose Envy</p><p>$8.00</p><a href="https://www.amazon.com/dp/B0CMJZ8G6Y?tag=eloabder-20&linkCode=osi&th=1&psc=1">View Product</a></div><div class="product"><a href="https://www.amazon.com/dp/B08H3JPH74?tag=eloabder-20&linkCode=osi&th=1&psc=1"><img src="https://m.media-amazon.com/images/I/31hf532TEHL._SL500_.jpg" alt="Product Image"></a><p>Maybelline Lash Sensational Sky High Washable Mascara Makeup, Volumizing, Lengthening, Defining, Curling, Multiplying, Buildable Formula, Blackest Black, 1 Count</p><p>$9.98</p><a href="https://www.amazon.com/dp/B08H3JPH74?tag=eloabder-20&linkCode=osi&th=1&psc=1">View Product</a></div>
<div class="product"><a href="https://www.amazon.com/dp/B09C8VNWBP?tag=eloabder-20&linkCode=osi&th=1&psc=1"><img src="https://m.media-amazon.com/images/I/31ObnTRpJ5L._SL500_.jpg" alt="Product Image"></a><p>Lattafa Yara for Women Eau de Parfum Spray, 3.40 Ounce / 100 ml</p><p>$22.77 ($6.70 / Fl Oz)</p><a href="https://www.amazon.com/dp/B09C8VNWBP?tag=eloabder-20&linkCode=osi&th=1&psc=1">View Product</a></div><div class="product"><a href="https://www.amazon.com/dp/B000E7WHCI?tag=eloabder-20&linkCode=osi&th=1&psc=1"><img src="https://m.media-amazon.com/images/I/31V1XkKkWXL._SL500_.jpg" alt="Product Image"></a><p>Vera Wang Eau de Parfum for Women - Delicate, Floral Scent - Notes of Iris, Lillies, & Sandalwood - Feminine & Subtle - 3.4 Fl Oz</p><p>$26.47 ($7.79 / Fl Oz)</p><a href="https://www.amazon.com/dp/B000E7WHCI?tag=eloabder-20&linkCode=osi&th=1&psc=1">View Product</a></div><div class="product"><a href="https://www.amazon.com/dp/B0B1HB719V?tag=eloabder-20&linkCode=osi&th=1&psc=1"><img src="https://m.media-amazon.com/images/I/31R9CfuokSL._SL500_.jpg" alt="Product Image"></a><p>Sol de Janeiro Cheirosa '68 Hair & Body Fragrance Mist 90mL/3.0 fl oz.</p><p>$24.00 ($8.00 / Fl Oz)</p><a href="https://www.amazon.com/dp/B0B1HB719V?tag=eloabder-20&linkCode=osi&th=1&psc=1">View Product</a></div><div class="product"><a href="https://www.amazon.com/dp/B01KYRUBT8?tag=eloabder-20&linkCode=osi&th=1&psc=1"><img src="https://m.media-amazon.com/images/I/41BYbHm20iL._SL500_.jpg" alt="Product Image"></a><p>Al-Rehab Choco Musk Eau de Parfum Spray for Women, 1.7 Ounce</p><p>$7.80 ($4.59 / Fl Oz)</p><a href="https://www.amazon.com/dp/B01KYRUBT8?tag=eloabder-20&linkCode=osi&th=1&psc=1">View Product</a></div><div class="product"><a href="https://www.amazon.com/dp/B07NJJZK3W?tag=eloabder-20&linkCode=osi&th=1&psc=1"><img src="https://m.media-amazon.com/images/I/41YNfQAjjLL._SL500_.jpg" alt="Product Image"></a><p>Swiss Arabian Layali Rouge - Luxury Products From Dubai - Lasting And Addictive Personal Perfume Oil Fragrance - A Seductive, Signature Aroma - The Luxurious Scent Of Arabia - 0.5 Oz</p><p>$23.48 ($46.96 / Fl Oz)</p><a href="https://www.amazon.com/dp/B07NJJZK3W?tag=eloabder-20&linkCode=osi&th=1&psc=1">View Product</a></div><div class="product"><a href="https://www.amazon.com/dp/B000JL7WQK?tag=eloabder-20&linkCode=osi&th=1&psc=1"><img src="https://m.media-amazon.com/images/I/41WJsYdkRbL._SL500_.jpg" alt="Product Image"></a><p>Vera Wang Princess Eau de Toilette Spray for Women, Vanilla, 3.4 Fl Ounce</p><p>$25.49 ($7.50 / Fl Oz)</p><a href="https://www.amazon.com/dp/B000JL7WQK?tag=eloabder-20&linkCode=osi&th=1&psc=1">View Product</a></div><div class="product"><a href="https://www.amazon.com/dp/B000C1Z5AW?tag=eloabder-20&linkCode=osi&th=1&psc=1"><img src="https://m.media-amazon.com/images/I/31pCnWTh3yL._SL500_.jpg" alt="Product Image"></a><p>Pleasures By Estee Lauder For Women. Eau De Parfum Spray 3.4 Ounces</p><p>$35.00 ($10.29 / Fl Oz)</p><a href="https://www.amazon.com/dp/B000C1Z5AW?tag=eloabder-20&linkCode=osi&th=1&psc=1">View Product</a></div><div class="product"><a href="https://www.amazon.com/dp/B000P22TIY?tag=eloabder-20&linkCode=osi&th=1&psc=1"><img src="https://m.media-amazon.com/images/I/31h9AoIGn3L._SL500_.jpg" alt="Product Image"></a><p>Nautica Voyage Eau De Toilette for Men - Fresh, Romantic, Fruity Scent Woody, Aquatic Notes of Apple, Water Lotus, Cedarwood, and Musk Ideal Day Wear 3.3 Fl Oz</p><p>$18.90 ($5.73 / Fl Oz)</p><a href="https://www.amazon.com/dp/B000P22TIY?tag=eloabder-20&linkCode=osi&th=1&psc=1">View Product</a></div><div class="product"><a href="https://www.amazon.com/dp/B00GZP041Y?tag=eloabder-20&linkCode=osi&th=1&psc=1"><img src="https://m.media-amazon.com/images/I/41-2Bb4gj+L._SL500_.jpg" alt="Product Image"></a><p>Versace Bright Crystal Absolu Eau de Perfume Spray, 3.0 Ounce</p><p>$52.67 ($17.56 / Fl Oz)</p><a href="https://www.amazon.com/dp/B00GZP041Y?tag=eloabder-20&linkCode=osi&th=1&psc=1">View Product</a></div>





<div class="product"><a href="https://www.amazon.com/dp/B0B2RM68G2?tag=eloabder-20&linkCode=osi&th=1&psc=1"><img src="https://m.media-amazon.com/images/I/41VafG53fjL._SL500_.jpg" alt="Product Image"></a><p>BIODANCE Bio-Collagen Real Deep Mask, Hydrating Overnight Hydrogel Mask, Pore Minimizing, Elasticity Improvement, 34g x4ea</p><p>$19.00 ($4.75 / Count)</p><a href="https://www.amazon.com/dp/B0B2RM68G2?tag=eloabder-20&linkCode=osi&th=1&psc=1">View Product</a></div><div class="product"><a href="https://www.amazon.com/dp/B00BAM7F8C?tag=eloabder-20&linkCode=osi&th=1&psc=1"><img src="https://m.media-amazon.com/images/I/51jsS9SDHeL._SL500_.jpg" alt="Product Image"></a><p>DERMAL 16 Combo Pack A Collagen Essencce Korean Face Mask - Hydrating & Soothing Facial Mask with Panthenol - Hypoallergenic Self Care Sheet Mask for All Skin Types - Natural Home Spa Treatment Masks</p><p>$11.99</p><a href="https://www.amazon.com/dp/B00BAM7F8C?tag=eloabder-20&linkCode=osi&th=1&psc=1">View Product</a></div><div class="product"><a href="https://www.amazon.com/dp/B07FPJHPX1?tag=eloabder-20&linkCode=osi&th=1&psc=1"><img src="https://m.media-amazon.com/images/I/51uNOnTpxTL._SL500_.jpg" alt="Product Image"></a><p>Celavi Essence Facial Sheet Face Mask Variety Set Classic Authentic Korean Moisturizing Skincare (12-Packs)</p><p>$9.40 ($0.78 / Count)</p><a href="https://www.amazon.com/dp/B07FPJHPX1?tag=eloabder-20&linkCode=osi&th=1&psc=1">View Product</a></div><div class="product"><a href="https://www.amazon.com/dp/B0722LVW3B?tag=eloabder-20&linkCode=osi&th=1&psc=1"><img src="https://m.media-amazon.com/images/I/51Vm0lozSIL._SL500_.jpg" alt="Product Image"></a><p>DERMAL 24 Combo Pack A Collagen Essence Korean Face Mask - Hydrating & Soothing Facial Mask with Panthenol - Hypoallergenic Self Care Sheet Mask for All Skin Types - Natural Home Spa Treatment Mask</p><p>$16.99 ($0.71 / Count)</p><a href="https://www.amazon.com/dp/B0722LVW3B?tag=eloabder-20&linkCode=osi&th=1&psc=1">View Product</a></div><div class="product"><a href="https://www.amazon.com/dp/B0D7LXSSS5?tag=eloabder-20&linkCode=osi&th=1&psc=1"><img src="https://m.media-amazon.com/images/I/41N5HKnGTtL._SL500_.jpg" alt="Product Image"></a><p>SOYUB Collagen Face Mask - Hydrating Overnight Collagen Face Mask Deep Collagen Anti Wrinkle Lifting Mask - Pure Collagen Films for Improve Elasticity Firming And Moisturizing (4pcs/1 Box)</p><p>$13.79 ($3.45 / Count)</p><a href="https://www.amazon.com/dp/B0D7LXSSS5?tag=eloabder-20&linkCode=osi&th=1&psc=1">View Product</a></div><div class="product"><a href="https://www.amazon.com/dp/B007CY2C76?tag=eloabder-20&linkCode=osi&th=1&psc=1"><img src="https://m.media-amazon.com/images/I/31-131ZWvEL._SL500_.jpg" alt="Product Image"></a><p>Freeman Dead Sea Minerals Anti-Stress Clay Facial Mask, Hydrating & Clarifying, Clears Pores, Face Mask With Lavender & Bergamot For Radiant Skin, For All Skin Types, 6 fl. oz./175 mL Tube, 1 Count</p><p>$3.86 ($0.64 / Ounce)</p><a href="https://www.amazon.com/dp/B007CY2C76?tag=eloabder-20&linkCode=osi&th=1&psc=1">View Product</a></div>



<div class="product"><a href="https://www.amazon.com/dp/B0CZXG68J4?tag=eloabder-20&linkCode=osi&th=1&psc=1"><img src="https://m.media-amazon.com/images/I/41Xkis0092L._SL500_.jpg" alt="Product Image"></a><p>CNP Honey Lip Butter (0.5 fl.oz / 15ml) - Propolis Lipcerin™, Hydrating Overnight Manuka Lip Balm & Mask, 12hrs Long-lasting Moisture, Gentle Exfoliation, Hygienic Twist Dispenser, Korean Skin Care</p><p>$17.80 ($35.60 / Fl Oz)</p><a href="https://www.amazon.com/dp/B0CZXG68J4?tag=eloabder-20&linkCode=osi&th=1&psc=1">View Product</a></div><div class="product"><a href="https://www.amazon.com/dp/B08GJH4RZV?tag=eloabder-20&linkCode=osi&th=1&psc=1"><img src="https://m.media-amazon.com/images/I/41PXqEpAI1L._SL500_.jpg" alt="Product Image"></a><p>2PCS Lip Mask Overnight, Honey&Sakura Day and Night Repair Sleeping Lip Balm, Fade Lip Lines Bee Balm, Hydrating &Prevention Dry and Crack Lip Scrubs Exfoliator</p><p>$6.49</p><a href="https://www.amazon.com/dp/B08GJH4RZV?tag=eloabder-20&linkCode=osi&th=1&psc=1">View Product</a></div><div class="product"><a href="https://www.amazon.com/dp/B07XXPHQZK?tag=eloabder-20&linkCode=osi&th=1&psc=1"><img src="https://m.media-amazon.com/images/I/31mJBoxFgQL._SL500_.jpg" alt="Product Image"></a><p>LANEIGE Lip Sleeping Mask Berry: Nourish, Hydrate, Vitamin C, Murumuru & Shea Butter, Antioxidants, Flaky, Dry Lips</p><p>$24.00 ($34.29 / Ounce)</p><a href="https://www.amazon.com/dp/B07XXPHQZK?tag=eloabder-20&linkCode=osi&th=1&psc=1">View Product</a></div><div class="product"><a href="https://www.amazon.com/dp/B07Y91BMSK?tag=eloabder-20&linkCode=osi&th=1&psc=1"><img src="https://m.media-amazon.com/images/I/51P5ul4ewsL._SL500_.jpg" alt="Product Image"></a><p>NIVEA Lip Care, Fruity Tinted Lip Balm Variety Pack, Includes Cherry, Strawberry, Blackberry and Watermelon Scents, 0.17 Oz, Pack of 4</p><p>$9.69</p><a href="https://www.amazon.com/dp/B07Y91BMSK?tag=eloabder-20&linkCode=osi&th=1&psc=1">View Product</a></div><div class="product"><a href="https://www.amazon.com/dp/B082JJ4D98?tag=eloabder-20&linkCode=osi&th=1&psc=1"><img src="https://m.media-amazon.com/images/I/41zIrQdHI5L._SL500_.jpg" alt="Product Image"></a><p>NIVEA Smoothness Lip Care, Lip Balm SPF 15, Mineral Oil Free Lip Moisturizer with Shea Butter, Jojoba Oil and Avocado Oil, 0.17 Oz, Pack of 4</p><p>$8.40</p><a href="https://www.amazon.com/dp/B082JJ4D98?tag=eloabder-20&linkCode=osi&th=1&psc=1">View Product</a></div><div class="product"><a href="https://www.amazon.com/dp/B07MBHRYTJ?tag=eloabder-20&linkCode=osi&th=1&psc=1"><img src="https://m.media-amazon.com/images/I/410u8zP2pDL._SL500_.jpg" alt="Product Image"></a><p>Palmer's Coconut Oil Formula Lip Balm Duo, All-Day Moisturization, Lip Balm Easter Basket Stuffers, Hydrates Dry, Cracked Lips (Pack of 2)</p><p>$3.10 ($1.94 / Ounce)</p><a href="https://www.amazon.com/dp/B07MBHRYTJ?tag=eloabder-20&linkCode=osi&th=1&psc=1">View Product</a></div><div class="product"><a href="https://www.amazon.com/dp/B07YG8YVQW?tag=eloabder-20&linkCode=osi&th=1&psc=1"><img src="https://m.media-amazon.com/images/I/41tKxZOfwPL._SL500_.jpg" alt="Product Image"></a><p>NIVEA Moisture Lip Care, Lip Balm Stick with Shea Butter, Jojoba Oil and Avocado Oil, 0.17 Oz, Pack of 4</p><p>$9.98</p><a href="https://www.amazon.com/dp/B07YG8YVQW?tag=eloabder-20&linkCode=osi&th=1&psc=1">View Product</a></div><div class="product"><a href="https://www.amazon.com/dp/B08C8WMPMR?tag=eloabder-20&linkCode=osi&th=1&psc=1"><img src="https://m.media-amazon.com/images/I/410NuIkftlL._SL500_.jpg" alt="Product Image"></a><p>eos Medicated Lip Balm - The Fixer | Lip Care to Repair and Protect Chapped and Dry Lips | Instant Cooling and Pain Relief with Natural Ingredients | 0.35 oz</p><p>$3.97 ($11.34 / Fl Oz)</p><a href="https://www.amazon.com/dp/B08C8WMPMR?tag=eloabder-20&linkCode=osi&th=1&psc=1">View Product</a></div>




<div class="product"><a href="https://www.amazon.com/dp/B002CMLS50?tag=eloabder-20&linkCode=osi&th=1&psc=1"><img src="https://m.media-amazon.com/images/I/314ruNgESmL._SL500_.jpg" alt="Product Image"></a><p>Moroccanoil Hydrating Styling Cream, 10.2 Fl. Oz.</p><p>$36.00 ($3.53 / Fl Oz)</p><a href="https://www.amazon.com/dp/B002CMLS50?tag=eloabder-20&linkCode=osi&th=1&psc=1">View Product</a></div><div class="product"><a href="https://www.amazon.com/dp/B0050N4DLE?tag=eloabder-20&linkCode=osi&th=1&psc=1"><img src="https://m.media-amazon.com/images/I/31-lmMmL35L._SL500_.jpg" alt="Product Image"></a><p>Garnier Fructis Style Pure Clean Styling Gel 6.8 Fl Oz, 1 Count, (Packaging May Vary)</p><p>$4.49 ($0.66 / Fl Oz)</p><a href="https://www.amazon.com/dp/B0050N4DLE?tag=eloabder-20&linkCode=osi&th=1&psc=1">View Product</a></div><div class="product"><a href="https://www.amazon.com/dp/B07KB39L6L?tag=eloabder-20&linkCode=osi&th=1&psc=1"><img src="https://m.media-amazon.com/images/I/51U76BCUc5L._SL500_.jpg" alt="Product Image"></a><p>Hair Dough Styling Clay For Men, Matte Finish Molding Hair Wax Paste Quiff, Strong Hold Without The Shine</p><p>$18.99 ($5.43 / Ounce)</p><a href="https://www.amazon.com/dp/B07KB39L6L?tag=eloabder-20&linkCode=osi&th=1&psc=1">View Product</a></div><div class="product"><a href="https://www.amazon.com/dp/B0914XZT2W?tag=eloabder-20&linkCode=osi&th=1&psc=1"><img src="https://m.media-amazon.com/images/I/417h8kM6cCL._SL500_.jpg" alt="Product Image"></a><p>Samnyte Hair Wax Stick, Wax Stick for Hair Slick Stick, Hair Wax Stick for Women Kids, Hair Gel Stick for Girls Hair Accessories for Women Fly away Hair Tamer, Hair Bun Maker for Kids Styling Cream</p><p>$7.99 ($2.96 / Fl Oz)</p><a href="https://www.amazon.com/dp/B0914XZT2W?tag=eloabder-20&linkCode=osi&th=1&psc=1">View Product</a></div>




<div class="product"><a href="https://www.amazon.com/dp/B08GSTPT8Y?tag=eloabder-20&linkCode=osi&th=1&psc=1"><img src="https://m.media-amazon.com/images/I/41sX+hKcbML._SL500_.jpg" alt="Product Image"></a><p>AOA Studio Collection makeup Sponge Set Latex Free and High-definition Set of 6 makeup Wonder blender For Powder Cream and Liquid, Super Soft Wonder Beauty Cosmetic</p><p>$9.95 ($1.66 / Count)</p><a href="https://www.amazon.com/dp/B08GSTPT8Y?tag=eloabder-20&linkCode=osi&th=1&psc=1">View Product</a></div><div class="product"><a href="https://www.amazon.com/dp/B0CJFFR574?tag=eloabder-20&linkCode=osi&th=1&psc=1"><img src="https://m.media-amazon.com/images/I/41nkQ05yLcL._SL500_.jpg" alt="Product Image"></a><p>SUNGBOON EDITOR Deep Collagen Overnight Mask 37gx4ea | The real collagen 2,160,000ppb | Facial Hydrogel Masks with low molecular weight collagen for elasticity, firming, and moisturizing</p><p>$19.00 ($4.75 / Count)</p><a href="https://www.amazon.com/dp/B0CJFFR574?tag=eloabder-20&linkCode=osi&th=1&psc=1">View Product</a></div><div class="product"><a href="https://www.amazon.com/dp/B0B45LL4DD?tag=eloabder-20&linkCode=osi&th=1&psc=1"><img src="https://m.media-amazon.com/images/I/31ZNIWikbtL._SL500_.jpg" alt="Product Image"></a><p>Beauty of Joseon Revive Eye Serum with Retinal Niacinamide Correction for Puffy Eye Bags Fine Lines Dark Circles Wrinkles, Korean Skin Care 30ml, 1 fl.oz</p><p>$14.50 ($14.50 / Fl Oz)</p><a href="https://www.amazon.com/dp/B0B45LL4DD?tag=eloabder-20&linkCode=osi&th=1&psc=1">View Product</a></div><div class="product"><a href="https://www.amazon.com/dp/B0C4H1GPG1?tag=eloabder-20&linkCode=osi&th=1&psc=1"><img src="https://m.media-amazon.com/images/I/41jyzyKyY2L._SL500_.jpg" alt="Product Image"></a><p>BEAKEY Latex Free Blender Makeup Sponge for Blending, Pink Makeup Sponge Set, Soft Beauty Sponge, for Flawless Application of Liquid, Cream, and Powder Cosmetics, Pink Makeup Gifts</p><p>$6.99 ($1.40 / Count)</p><a href="https://www.amazon.com/dp/B0C4H1GPG1?tag=eloabder-20&linkCode=osi&th=1&psc=1">View Product</a></div><div class="product"><a href="https://www.amazon.com/dp/B00QPNVC0I?tag=eloabder-20&linkCode=osi&th=1&psc=1"><img src="https://m.media-amazon.com/images/I/31wV3gYUEpL._SL500_.jpg" alt="Product Image"></a><p>Real Techniques Miracle Complexion Sponge Set Duo, 2 Makeup Sponges For Liquid & Cream Makeup, Makeup Blender Sponge For Buildable Coverage, Foundation Sponge For Natural, Dewy Base, Latex-Free Foam</p><p>$7.69 ($3.84 / Count)</p><a href="https://www.amazon.com/dp/B00QPNVC0I?tag=eloabder-20&linkCode=osi&th=1&psc=1">View Product</a></div><div class="product"><a href="https://www.amazon.com/dp/B0CZYJYX4Q?tag=eloabder-20&linkCode=osi&th=1&psc=1"><img src="https://m.media-amazon.com/images/I/31hNatkE-9L._SL500_.jpg" alt="Product Image"></a><p>LANEIGE Lip Glowy Balm Mango: Hydrate, Glossy, Lightweight, Moisturize & Tint with Shea Butter</p><p>$19.00 ($54.29 / Ounce)</p><a href="https://www.amazon.com/dp/B0CZYJYX4Q?tag=eloabder-20&linkCode=osi&th=1&psc=1">View Product</a></div><div class="product"><a href="https://www.amazon.com/dp/B0CXQR14J3?tag=eloabder-20&linkCode=osi&th=1&psc=1"><img src="https://m.media-amazon.com/images/I/31RRaB6c+JL._SL500_.jpg" alt="Product Image"></a><p>e.l.f. Power Grip Dewy Setting Spray, Ultra Fine Mist Made With Hyaluronic Acid, Grips Makeup For A Hydrated, Dewy Finish, Vegan & Cruelty-Free</p><p>$10.00 ($3.70 / Fl Oz)</p><a href="https://www.amazon.com/dp/B0CXQR14J3?tag=eloabder-20&linkCode=osi&th=1&psc=1">View Product</a></div>
<div class="product"><a href="https://www.amazon.com/dp/B0057X7S7I?tag=eloabder-20&linkCode=osi&th=1&psc=1"><img src="https://m.media-amazon.com/images/I/31EGxy1hPjL._SL500_.jpg" alt="Product Image"></a><p>Rimmel Stay Glossy Lip Gloss - Non-Sticky and Lightweight Formula for Lip Color and Shine - 120 Non-Stop Glamour, .18oz</p><p>$3.97</p><a href="https://www.amazon.com/dp/B0057X7S7I?tag=eloabder-20&linkCode=osi&th=1&psc=1">View Product</a></div><div class="product"><a href="https://www.amazon.com/dp/B07MWTH3BY?tag=eloabder-20&linkCode=osi&th=1&psc=1"><img src="https://m.media-amazon.com/images/I/31xb-X48IBL._SL500_.jpg" alt="Product Image"></a><p>e.l.f. Monochromatic Multi Stick, Luxuriously Creamy & Blendable Color, For Eyes, Lips & Cheeks, Glistening Peach, 0.17 oz (5g)</p><p>$5.00</p><a href="https://www.amazon.com/dp/B07MWTH3BY?tag=eloabder-20&linkCode=osi&th=1&psc=1">View Product</a></div><div class="product"><a href="https://www.amazon.com/dp/B0CPFXMMBH?tag=eloabder-20&linkCode=osi&th=1&psc=1"><img src="https://m.media-amazon.com/images/I/21poCyHDdxL._SL500_.jpg" alt="Product Image"></a><p>e.l.f. Instant Lift Waterproof Brow Pencil, Long-Lasting Eyebrow Pencil For Grooming & Shaping Eyebrows, Vegan & Cruelty-free, Taupe</p><p>$3.00</p><a href="https://www.amazon.com/dp/B0CPFXMMBH?tag=eloabder-20&linkCode=osi&th=1&psc=1">View Product</a></div><div class="product"><a href="https://www.amazon.com/dp/B082YQ4QWW?tag=eloabder-20&linkCode=osi&th=1&psc=1"><img src="https://m.media-amazon.com/images/I/31S+aqgvx6L._SL500_.jpg" alt="Product Image"></a><p>wet n wild Mega Last High-Shine Lipstick Lip Color, Infused with Seed Oils For a Nourishing High-Shine, Buildable & Blendable Creamy Color, Cruelty-Free & Vegan - Pinky Ring</p><p>$2.28</p><a href="https://www.amazon.com/dp/B082YQ4QWW?tag=eloabder-20&linkCode=osi&th=1&psc=1">View Product</a></div><div class="product"><a href="https://www.amazon.com/dp/B0BDD7D34M?tag=eloabder-20&linkCode=osi&th=1&psc=1"><img src="https://m.media-amazon.com/images/I/51O5AVRXcUL._SL500_.jpg" alt="Product Image"></a><p>Maskiss 24k Gold Under Eye Patches (25 Pairs), eye mask, Collagen Skin Care Products, Eye Patches for Puffy Eyes, eye masks for dark circles and puffiness</p><p>$14.99 ($0.60 / Count)</p><a href="https://www.amazon.com/dp/B0BDD7D34M?tag=eloabder-20&linkCode=osi&th=1&psc=1">View Product</a></div><div class="product"><a href="https://www.amazon.com/dp/B004BCXEF6?tag=eloabder-20&linkCode=osi&th=1&psc=1"><img src="https://m.media-amazon.com/images/I/31t3gAw-N7L._SL500_.jpg" alt="Product Image"></a><p>L’Oreal Paris Makeup Voluminous Original Volume Building Waterproof Mascara, Carbon Black, 0.23 Fl Oz</p><p>$8.98</p><a href="https://www.amazon.com/dp/B004BCXEF6?tag=eloabder-20&linkCode=osi&th=1&psc=1">View Product</a></div>
<div class="product"><a href="https://www.amazon.com/dp/B0BSZ23FTF?tag=eloabder-20&linkCode=osi&th=1&psc=1"><img src="https://m.media-amazon.com/images/I/31GRN7P2p8L._SL500_.jpg" alt="Product Image"></a><p>Bubble Skincare Slam Dunk Face Moisturizer - Hydrating Face Cream for Dry Skin Made with Vitamin E + Aloe Vera Juice for a Glowing Complexion - Skin Care with Blue Light Protection (50ml)</p><p>$14.98 ($8.81 / Ounce)</p><a href="https://www.amazon.com/dp/B0BSZ23FTF?tag=eloabder-20&linkCode=osi&th=1&psc=1">View Product</a></div><div class="product"><a href="https://www.amazon.com/dp/B08T7DSZYD?tag=eloabder-20&linkCode=osi&th=1&psc=1"><img src="https://m.media-amazon.com/images/I/41WwUSxcyGL._SL500_.jpg" alt="Product Image"></a><p>e.l.f. SKIN Hydrated Ever After Skincare Mini Kit, Cleanser, Makeup Remover, Moisturiser & Eye Cream For Hydrating Skin, Airplane-Friendly Sizes</p><p>$19.99</p><a href="https://www.amazon.com/dp/B08T7DSZYD?tag=eloabder-20&linkCode=osi&th=1&psc=1">View Product</a></div><div class="product"><a href="https://www.amazon.com/dp/B0BSYX57T2?tag=eloabder-20&linkCode=osi&th=1&psc=1"><img src="https://m.media-amazon.com/images/I/31ssRlEo5QL._SL500_.jpg" alt="Product Image"></a><p>Bubble Skincare Bounce Back Balancing Facial Toner Mist - Hydrating Toner Spray + Pore Minimizer Made with Sea Water and Niacinamide to Help Improve Texture & Radiance (55ml)</p><p>$12.99 ($7.22 / Fl Oz)</p><a href="https://www.amazon.com/dp/B0BSYX57T2?tag=eloabder-20&linkCode=osi&th=1&psc=1">View Product</a></div><div class="product"><a href="https://www.amazon.com/dp/B000VPPUEA?tag=eloabder-20&linkCode=osi&th=1&psc=1"><img src="https://m.media-amazon.com/images/I/31e4JzjWhkL._SL500_.jpg" alt="Product Image"></a><p>Bio-Oil Skincare Body Oil, Vitamin E, Serum for Scars & Stretchmarks, Face & Body Moisturizer, 2 oz, All Skin Types</p><p>$11.12 ($5.56 / Fl Oz)</p><a href="https://www.amazon.com/dp/B000VPPUEA?tag=eloabder-20&linkCode=osi&th=1&psc=1">View Product</a></div><div class="product"><a href="https://www.amazon.com/dp/B0C2JPBNFX?tag=eloabder-20&linkCode=osi&th=1&psc=1"><img src="https://m.media-amazon.com/images/I/51LF1OXoo0L._SL500_.jpg" alt="Product Image"></a><p>Celavi K-Beauty Skincare Essence Facial Face Mask Korea Skin Care Moisturizing B Set 12 Pack</p><p>$9.99 ($0.83 / Count)</p><a href="https://www.amazon.com/dp/B0C2JPBNFX?tag=eloabder-20&linkCode=osi&th=1&psc=1">View Product</a></div><div class="product"><a href="https://www.amazon.com/dp/B0BSYJYQY2?tag=eloabder-20&linkCode=osi&th=1&psc=1"><img src="https://m.media-amazon.com/images/I/31aQkQwjJYL._SL500_.jpg" alt="Product Image"></a><p>Bubble Skincare Level Up Balancing Face Moisturizer - Hydrating Gel Moisturizer Formulated with Zinc PCA + Niacinamide for Improved Texture & Radiance - Skin Care for Oily or Combination Skin (50ml)</p><p>$14.99 ($8.87 / Fl Oz)</p><a href="https://www.amazon.com/dp/B0BSYJYQY2?tag=eloabder-20&linkCode=osi&th=1&psc=1">View Product</a></div><div class="product"><a href="https://www.amazon.com/dp/B0B826XRPH?tag=eloabder-20&linkCode=osi&th=1&psc=1"><img src="https://m.media-amazon.com/images/I/516nsOEA-mL._SL500_.jpg" alt="Product Image"></a><p>AURUZA Ice Face Roller and Gua Sha Set, Ice Roller for Face & Eye Puffiness Relief Beauty Facial Rollers Mold Icing Massage Skin Care Tools for Brighten Lubricate Shrink Pores Remove Fine Lines</p><p>$5.49</p><a href="https://www.amazon.com/dp/B0B826XRPH?tag=eloabder-20&linkCode=osi&th=1&psc=1">View Product</a></div><div class="product"><a href="https://www.amazon.com/dp/B0BS8Y2FLK?tag=eloabder-20&linkCode=osi&th=1&psc=1"><img src="https://m.media-amazon.com/images/I/41CX-bGjaRL._SL500_.jpg" alt="Product Image"></a><p>PEAUAMIE Under Eye Patches (30 Pairs) Gold Eye Mask and Hyaluronic Acid Eye Patches for puffy eyes,Rose Eye Masks for Dark Circles and Puffiness under eye skin care Smooth Wrinkles products</p><p>$9.99 ($0.33 / Count)</p><a href="https://www.amazon.com/dp/B0BS8Y2FLK?tag=eloabder-20&linkCode=osi&th=1&psc=1">View Product</a></div><div class="product"><a href="https://www.amazon.com/dp/B09NXS395V?tag=eloabder-20&linkCode=osi&th=1&psc=1"><img src="https://m.media-amazon.com/images/I/41ZHn0qwWwL._SL500_.jpg" alt="Product Image"></a><p>NAZANO Under Eye Patches - 60 Pcs - 24K Gold Eye Mask- Puffy Eyes & Dark Circles Treatments,Reduce Under Eye Bags and Smooth Wrinkles,Eye Skin Care Pads With Collagen,Hyaluronic Acid & Castor Oil</p><p>$8.99 ($0.30 / Count)</p><a href="https://www.amazon.com/dp/B09NXS395V?tag=eloabder-20&linkCode=osi&th=1&psc=1">View Product</a></div>
<div class="product"><a href="https://www.amazon.com/dp/B01N9SPQHQ?tag=eloabder-20&linkCode=osi&th=1&psc=1"><img src="https://m.media-amazon.com/images/I/41NHgWAaYAL._SL500_.jpg" alt="Product Image"></a><p>La Roche-Posay Toleriane Double Repair Face Moisturizer, Daily Moisturizer Face Cream with Ceramide and Niacinamide for All Skin Types, Oil Free, Fragrance Free</p><p>$23.99 ($7.10 / Fl Oz)</p><a href="https://www.amazon.com/dp/B01N9SPQHQ?tag=eloabder-20&linkCode=osi&th=1&psc=1">View Product</a></div><div class="product"><a href="https://www.amazon.com/dp/B00TTD9BRC?tag=eloabder-20&linkCode=osi&th=1&psc=1"><img src="https://m.media-amazon.com/images/I/41Kc6H7fboL._SL500_.jpg" alt="Product Image"></a><p>CeraVe Moisturizing Cream | Body and Face Moisturizer for Dry Skin | Body Cream with Hyaluronic Acid and Ceramides | Daily Moisturizer | Oil-Free | Fragrance Free | Non-Comedogenic | 19 Ounce</p><p>$17.78 ($0.94 / Ounce)</p><a href="https://www.amazon.com/dp/B00TTD9BRC?tag=eloabder-20&linkCode=osi&th=1&psc=1">View Product</a></div><div class="product"><a href="https://www.amazon.com/dp/B00NR1YQHM?tag=eloabder-20&linkCode=osi&th=1&psc=1"><img src="https://m.media-amazon.com/images/I/41yzZFTW63L._SL500_.jpg" alt="Product Image"></a><p>Neutrogena Hydro Boost Face Moisturizer with Hyaluronic Acid for Dry Skin, Oil-Free and Non-Comedogenic Water Gel Face Lotion, 1.7 oz</p><p>$13.31 ($7.83 / Ounce)</p><a href="https://www.amazon.com/dp/B00NR1YQHM?tag=eloabder-20&linkCode=osi&th=1&psc=1">View Product</a></div><div class="product"><a href="https://www.amazon.com/dp/B00HNSSPHC?tag=eloabder-20&linkCode=osi&th=1&psc=1"><img src="https://m.media-amazon.com/images/I/41rWFzQZdOL._SL500_.jpg" alt="Product Image"></a><p>Neutrogena Triple Age Repair Anti-Aging Daily Facial Moisturizer with SPF 25 Sunscreen & Vitamin C, Firming Anti-Wrinkle Face & Neck Cream for Dark Spots, Glycerin & Shea Butter, 1.7 oz</p><p>$19.56 ($11.51 / Ounce)</p><a href="https://www.amazon.com/dp/B00HNSSPHC?tag=eloabder-20&linkCode=osi&th=1&psc=1">View Product</a></div><div class="product"><a href="https://www.amazon.com/dp/B000YJ2SLG?tag=eloabder-20&linkCode=osi&th=1&psc=1"><img src="https://m.media-amazon.com/images/I/31J9bWXnQ+L._SL500_.jpg" alt="Product Image"></a><p>CeraVe Daily Moisturizing Lotion for Dry Skin | Body Lotion & Face Moisturizer with Hyaluronic Acid and Ceramides | Daily Moisturizer | Fragrance Free | Oil-Free | 12 Ounce</p><p>$13.68 ($1.14 / Fl Oz)</p><a href="https://www.amazon.com/dp/B000YJ2SLG?tag=eloabder-20&linkCode=osi&th=1&psc=1">View Product</a></div><div class="product"><a href="https://www.amazon.com/dp/B099N1LC4R?tag=eloabder-20&linkCode=osi&th=1&psc=1"><img src="https://m.media-amazon.com/images/I/41lZIG8wQNL._SL500_.jpg" alt="Product Image"></a><p>Cetaphil Face & Body Moisturizer, Hydrating Moisturizing Cream For Dry To Very Dry, Sensitive Skin, NEW 20 Oz, Fragrance Free, Non-Comedogenic, Non-Greasy (Packaging May Vary)</p><p>$15.97 ($0.80 / Ounce)</p><a href="https://www.amazon.com/dp/B099N1LC4R?tag=eloabder-20&linkCode=osi&th=1&psc=1">View Product</a></div><div class="product"><a href="https://www.amazon.com/dp/B01H20MA62?tag=eloabder-20&linkCode=osi&th=1&psc=1"><img src="https://m.media-amazon.com/images/I/41xuvNUpUML._SL500_.jpg" alt="Product Image"></a><p>Cetaphil Face & Body Moisturizer, Hydrating Moisturizing Cream for Dry to Very Dry, Sensitive Skin, NEW 16 Oz 2 Pack, Fragrance Free, Non-Comedogenic, Non-Greasy</p><p>$19.48 ($0.61 / Ounce)</p><a href="https://www.amazon.com/dp/B01H20MA62?tag=eloabder-20&linkCode=osi&th=1&psc=1">View Product</a></div><div class="product"><a href="https://www.amazon.com/dp/B01NCWV3KM?tag=eloabder-20&linkCode=osi&th=1&psc=1"><img src="https://m.media-amazon.com/images/I/41Q1ESUhSeL._SL500_.jpg" alt="Product Image"></a><p>La Roche-Posay Toleriane Double Repair UV SPF Moisturizer for Face, Daily Facial Moisturizer with Sunscreen SPF 30, Niacinamide and Glycerin, Oil Free, Moisturizing Sun Protection</p><p>$24.99 ($10.00 / Fl Oz)</p><a href="https://www.amazon.com/dp/B01NCWV3KM?tag=eloabder-20&linkCode=osi&th=1&psc=1">View Product</a></div>
<div class="product"><a href="https://www.amazon.com/dp/B07P5TMHD9?tag=eloabder-20&linkCode=osi&th=1&psc=1"><img src="https://m.media-amazon.com/images/I/51xr2lw0Y7L._SL500_.jpg" alt="Product Image"></a><p>Vitamin C Face Serum - Dark Spot Remover Facial Serum, Vit C Serum with Hyaluronic Acid, Ferulic Acid, & Vit E - Anti Aging and Skin Brightening Serum, Pure Vitamin C Serum Skin Care</p><p>$9.98</p><a href="https://www.amazon.com/dp/B07P5TMHD9?tag=eloabder-20&linkCode=osi&th=1&psc=1">View Product</a></div><div class="product"><a href="https://www.amazon.com/dp/B014PGEEO2?tag=eloabder-20&linkCode=osi&th=1&psc=1"><img src="https://m.media-amazon.com/images/I/51v+djIfQGL._SL500_.jpg" alt="Product Image"></a><p>Tree of Life Facial Serum Set for Face, Brightening, Firming, Hydrating, Dry Skin, Dermatologist Tested - Trio Power Skin Care Set, Vitamin C, Retinol and Hyaluronic Acid, 3 count of 1 Fl Oz</p><p>$19.99 ($6.66 / Fl Oz)</p><a href="https://www.amazon.com/dp/B014PGEEO2?tag=eloabder-20&linkCode=osi&th=1&psc=1">View Product</a></div><div class="product"><a href="https://www.amazon.com/dp/B08R994Q1L?tag=eloabder-20&linkCode=osi&th=1&psc=1"><img src="https://m.media-amazon.com/images/I/418KUv8uVkL._SL500_.jpg" alt="Product Image"></a><p>Good Molecules Niacinamide Serum - 10% Niacinamide Balancing B3 Facial Serum for Acne, Tone, Texture - Brightening and Hydrating Skincare for Face</p><p>$6.00</p><a href="https://www.amazon.com/dp/B08R994Q1L?tag=eloabder-20&linkCode=osi&th=1&psc=1">View Product</a></div><div class="product"><a href="https://www.amazon.com/dp/B07VWSN95S?tag=eloabder-20&linkCode=osi&th=1&psc=1"><img src="https://m.media-amazon.com/images/I/411Y0nzh9zL._SL500_.jpg" alt="Product Image"></a><p>CeraVe Retinol Serum for Post-Acne Marks and Skin Texture | Pore Refining, Resurfacing, Brightening Facial Serum with Retinol and Niacinamide | Fragrance Free, Paraben Free & Non-Comedogenic| 1 Oz</p><p>$18.68</p><a href="https://www.amazon.com/dp/B07VWSN95S?tag=eloabder-20&linkCode=osi&th=1&psc=1">View Product</a></div><div class="product"><a href="https://www.amazon.com/dp/B08L8B5JR2?tag=eloabder-20&linkCode=osi&th=1&psc=1"><img src="https://m.media-amazon.com/images/I/51Ee0RzYONL._SL500_.jpg" alt="Product Image"></a><p>Vibriance Super C Serum for Mature Skin, Made in USA, All-In-One Formula Hydrates, Firms, Lifts, Smooths, Targets Age Spots, Wrinkles, Vitamin C Serum; 1 fl oz</p><p>$32.90</p><a href="https://www.amazon.com/dp/B08L8B5JR2?tag=eloabder-20&linkCode=osi&th=1&psc=1">View Product</a></div><div class="product"><a href="https://www.amazon.com/dp/B0CLLV2T1P?tag=eloabder-20&linkCode=osi&th=1&psc=1"><img src="https://m.media-amazon.com/images/I/31ZBa-zgbjL._SL500_.jpg" alt="Product Image"></a><p>Anua 10% Niacinamide+ 4% Tranexamic Acid Serum, Ceramide, Hyaluronic Acid, Vitamin B12 natural color, for Sensitive skin, Korean Glass Skin, Fragrance-Free (30ml /1.01 fl.oz.)</p><p>$19.00 ($18.81 / Fl Oz)</p><a href="https://www.amazon.com/dp/B0CLLV2T1P?tag=eloabder-20&linkCode=osi&th=1&psc=1">View Product</a></div><div class="product"><a href="https://www.amazon.com/dp/B08TM8DLFJ?tag=eloabder-20&linkCode=osi&th=1&psc=1"><img src="https://m.media-amazon.com/images/I/41g0Mg7pRIL._SL500_.jpg" alt="Product Image"></a><p>Good Molecules Hyaluronic Acid Serum - Hydrating, Non-greasy formula to Moisturize, Plump - 1% HA, Anti-aging, Water-Based Skincare for Face</p><p>$6.00 ($6.00 / Fl Oz)</p><a href="https://www.amazon.com/dp/B08TM8DLFJ?tag=eloabder-20&linkCode=osi&th=1&psc=1">View Product</a></div><div class="product"><a href="https://www.amazon.com/dp/B01B5G45R6?tag=eloabder-20&linkCode=osi&th=1&psc=1"><img src="https://m.media-amazon.com/images/I/51JgyVg967L._SL500_.jpg" alt="Product Image"></a><p>artnaturals Anti-Aging-Set with Vitamin-C Retinol and Hyaluronic-Acid - (3 x 1 Fl Oz / 30ml) Serum for Anti Wrinkle and Dark Circle Remover – All Natural and Moisturizing</p><p>$24.95 ($8.32 / Fl Oz)</p><a href="https://www.amazon.com/dp/B01B5G45R6?tag=eloabder-20&linkCode=osi&th=1&psc=1">View Product</a></div><div class="product"><a href="https://www.amazon.com/dp/B086VKZZZY?tag=eloabder-20&linkCode=osi&th=1&psc=1"><img src="https://m.media-amazon.com/images/I/31l7jUL7jOL._SL500_.jpg" alt="Product Image"></a><p>Beauty of Joseon Glow Serum Propolis and Niacinamide Hydrating Facial Soothing Moisturizer for Irritated Uneven Skin Tone, Korean Skin Care 30ml, 1 fl.oz</p><p>$13.60 ($13.47 / Fl Oz)</p><a href="https://www.amazon.com/dp/B086VKZZZY?tag=eloabder-20&linkCode=osi&th=1&psc=1">View Product</a></div>
<div class="product"><a href="https://www.amazon.com/dp/B0CYGT3CR4?tag=eloabder-20&linkCode=osi&th=1&psc=1"><img src="https://m.media-amazon.com/images/I/51LbfzrqiUL._SL500_.jpg" alt="Product Image"></a><p>KONEUK 14 Pack Sheet Face Masks Skincare for All Skin Types, Hydrating Face Masks Suitable for Sensitive Skin, Bulk Facial Mask Set for Women Skin Care, Face Mask Gifts Set for Face Spa</p><p>$8.99 ($0.64 / Count)</p><a href="https://www.amazon.com/dp/B0CYGT3CR4?tag=eloabder-20&linkCode=osi&th=1&psc=1">View Product</a></div><div class="product"><a href="https://www.amazon.com/dp/B01N37AK8V?tag=eloabder-20&linkCode=osi&th=1&psc=1"><img src="https://m.media-amazon.com/images/I/41zyExDkGCL._SL500_.jpg" alt="Product Image"></a><p>Ebanel 10 Pack Collagen Face Mask, Instant Brightening & Hydrating Face Sheet Mask with Aloe Vera, Hyaluronic Acid, Vitamin C and E, Chamomile, Anti Aging Face Mask with Hydrolyzed Collagen, Peptide</p><p>$13.99 ($1.40 / Count)</p><a href="https://www.amazon.com/dp/B01N37AK8V?tag=eloabder-20&linkCode=osi&th=1&psc=1">View Product</a></div><div class="product"><a href="https://www.amazon.com/dp/B07C3NBJ33?tag=eloabder-20&linkCode=osi&th=1&psc=1"><img src="https://m.media-amazon.com/images/I/51DMM9KU+AL._SL500_.jpg" alt="Product Image"></a><p>GLAM UP Premium Facial Sheet Mask 12 Combo (Pack of 12) | Clean Face Masks Skincare, Hydrating Face Masks, Moisturizing, Soothing, Beauty Mask For All Skin Type Variety Beauty Mask Set</p><p>$13.20 ($1.10 / Count)</p><a href="https://www.amazon.com/dp/B07C3NBJ33?tag=eloabder-20&linkCode=osi&th=1&psc=1">View Product</a></div><div class="product"><a href="https://www.amazon.com/dp/B0B5XTMJMJ?tag=eloabder-20&linkCode=osi&th=1&psc=1"><img src="https://m.media-amazon.com/images/I/61voysA0eEL._SL500_.jpg" alt="Product Image"></a><p>Meleell Collagen Sheet Face Masks Skincare Bulk Pack,Hydrating Spa Face Mask For Sensitive Skin,Anti Aging Facial Masks Sets For Women/Teen Girls(40 Combo Pack)</p><p>$25.99 ($0.65 / Count)</p><a href="https://www.amazon.com/dp/B0B5XTMJMJ?tag=eloabder-20&linkCode=osi&th=1&psc=1">View Product</a></div><div class="product"><a href="https://www.amazon.com/dp/B0CR6NHHVL?tag=eloabder-20&linkCode=osi&th=1&psc=1"><img src="https://m.media-amazon.com/images/I/514yWBJNkFL._SL500_.jpg" alt="Product Image"></a><p>Kaely 10 Pack Variety Sheet Masks,Spa Face Masks for Kids Skin Care,Facial Mask Skincare Set Korean,Moisturize,Brighten,Nourish for All Skin Types,Birthday Gifts for Women Men Boys Girls,Set01</p><p>$8.99 ($0.90 / Count)</p><a href="https://www.amazon.com/dp/B0CR6NHHVL?tag=eloabder-20&linkCode=osi&th=1&psc=1">View Product</a></div><div class="product"><a href="https://www.amazon.com/dp/B086V843R8?tag=eloabder-20&linkCode=osi&th=1&psc=1"><img src="https://m.media-amazon.com/images/I/410evC+SQHL._SL500_.jpg" alt="Product Image"></a><p>ANAI RUI Turmeric Clay Mask - Green Tea Clay Mask - Dead Sea Minerals Mud Mask, Spa Facial Mask Set, Face Mask Gift Set 2.5 oz each</p><p>$22.99</p><a href="https://www.amazon.com/dp/B086V843R8?tag=eloabder-20&linkCode=osi&th=1&psc=1">View Product</a></div><div class="product"><a href="https://www.amazon.com/dp/B07JMTMHGS?tag=eloabder-20&linkCode=osi&th=1&psc=1"><img src="https://m.media-amazon.com/images/I/41PeKCZ7NtL._SL500_.jpg" alt="Product Image"></a><p>LAPCOS Aloe Sheet Mask, Daily Face Mask with Cucumber and Aloe Gel to Calm and Moisturize Skin, Korean Beauty Favorite, 5-Pack</p><p>$20.00 ($4.00 / count)</p><a href="https://www.amazon.com/dp/B07JMTMHGS?tag=eloabder-20&linkCode=osi&th=1&psc=1">View Product</a></div><div class="product"><a href="https://www.amazon.com/dp/B0CMQKTJDQ?tag=eloabder-20&linkCode=osi&th=1&psc=1"><img src="https://m.media-amazon.com/images/I/51oosdS4y8L._SL500_.jpg" alt="Product Image"></a><p>VESPRO 100 Pack Collagen Essence Sheet Facial Masks, Bulk Face Masks Skincare, Hydrating Face Masks for All Skin Types, Moisturizing and Soothing, Natural Skin Care Spa Face Mask</p><p>$45.99 ($0.46 / Count)</p><a href="https://www.amazon.com/dp/B0CMQKTJDQ?tag=eloabder-20&linkCode=osi&th=1&psc=1">View Product</a></div><div class="product"><a href="https://www.amazon.com/dp/B0B41LVMJ3?tag=eloabder-20&linkCode=osi&th=1&psc=1"><img src="https://m.media-amazon.com/images/I/51xduFirI6L._SL500_.jpg" alt="Product Image"></a><p>#OOTD Collagen Hydrating Sheet Masks for Face Korean Anti Aging Mask Sheet for Dry Skin & Sensitive Skin, EVE Vegan, Not Tested on Animals, No Parabens, No Sulfates, Hyaluronic Acid, Witch Hazel 10EA</p><p>$18.00 ($1.80 / Count)</p><a href="https://www.amazon.com/dp/B0B41LVMJ3?tag=eloabder-20&linkCode=osi&th=1&psc=1">View Product</a></div>
<div class="product"><a href="https://www.amazon.com/dp/B01N34XW93?tag=eloabder-20&linkCode=osi&th=1&psc=1"><img src="https://m.media-amazon.com/images/I/31OMOTCxlmL._SL500_.jpg" alt="Product Image"></a><p>La Roche-Posay Toleriane Purifying Foaming Facial Cleanser, Oil Free Face Wash for Oily Skin and for Sensitive Skin with Niacinamide, Pore Cleanser Won’t Dry Out Skin, Unscented</p><p>$17.99 ($1.33 / Fl Oz)</p><a href="https://www.amazon.com/dp/B01N34XW93?tag=eloabder-20&linkCode=osi&th=1&psc=1">View Product</a></div><div class="product"><a href="https://www.amazon.com/dp/B01MSSDEPK?tag=eloabder-20&linkCode=osi&th=1&psc=1"><img src="https://m.media-amazon.com/images/I/41YuSwjJUIL._SL500_.jpg" alt="Product Image"></a><p>CeraVe Hydrating Facial Cleanser | Moisturizing Face Wash For Dry Skin | Hyaluronic Acid + Ceramides + Glycerin | Hydrating Cleanser For Normal To Dry Skin | National Eczema Assosiation Certified</p><p>$15.48 ($0.97 / Fl Oz)</p><a href="https://www.amazon.com/dp/B01MSSDEPK?tag=eloabder-20&linkCode=osi&th=1&psc=1">View Product</a></div><div class="product"><a href="https://www.amazon.com/dp/B01N7T7JKJ?tag=eloabder-20&linkCode=osi&th=1&psc=1"><img src="https://m.media-amazon.com/images/I/31VXK3y1KYL._SL500_.jpg" alt="Product Image"></a><p>La Roche-Posay Toleriane Hydrating Gentle Face Cleanser, Daily Facial Cleanser with Niacinamide and Ceramides for Sensitive Skin, Moisturizing Face Wash for Normal to Dry Skin, Fragrance Free</p><p>$17.99 ($1.33 / Fl Oz)</p><a href="https://www.amazon.com/dp/B01N7T7JKJ?tag=eloabder-20&linkCode=osi&th=1&psc=1">View Product</a></div><div class="product"><a href="https://www.amazon.com/dp/B01N1LL62W?tag=eloabder-20&linkCode=osi&th=1&psc=1"><img src="https://m.media-amazon.com/images/I/41kwN8dWWzL._SL500_.jpg" alt="Product Image"></a><p>CeraVe Foaming Facial Cleanser | Daily Face Wash for Oily Skin with Hyaluronic Acid, Ceramides, and Niacinamide| Fragrance Free | 16 Fluid Ounce</p><p>$15.19 ($0.95 / Fl Oz)</p><a href="https://www.amazon.com/dp/B01N1LL62W?tag=eloabder-20&linkCode=osi&th=1&psc=1">View Product</a></div><div class="product"><a href="https://www.amazon.com/dp/B00U1YCRD8?tag=eloabder-20&linkCode=osi&th=1&psc=1"><img src="https://m.media-amazon.com/images/I/31LVb8KvKwL._SL500_.jpg" alt="Product Image"></a><p>CeraVe SA Cleanser | Salicylic Acid Cleanser with Hyaluronic Acid, Niacinamide & Ceramides| BHA Exfoliant for Face | Fragrance Free Non-Comedogenic | 8 Ounce</p><p>$12.37 ($1.55 / Ounce)</p><a href="https://www.amazon.com/dp/B00U1YCRD8?tag=eloabder-20&linkCode=osi&th=1&psc=1">View Product</a></div><div class="product"><a href="https://www.amazon.com/dp/B0BVV8BNYJ?tag=eloabder-20&linkCode=osi&th=1&psc=1"><img src="https://m.media-amazon.com/images/I/31tSZvBReoL._SL500_.jpg" alt="Product Image"></a><p>ANUA Heartleaf Quercetinol Pore Deep Cleansing Foam, Facial Cleanser, for Double Cleansing, BHA, Hyaluronic Acid, Glycerin, Face Wash, Blackhead Remover, Korean Skincare (150ml/5.07 fl.oz.)</p><p>$13.00 ($2.56 / Fl Oz)</p><a href="https://www.amazon.com/dp/B0BVV8BNYJ?tag=eloabder-20&linkCode=osi&th=1&psc=1">View Product</a></div><div class="product"><a href="https://www.amazon.com/dp/B00QY1XZ4W?tag=eloabder-20&linkCode=osi&th=1&psc=1"><img src="https://m.media-amazon.com/images/I/319pG+OQZxL._SL500_.jpg" alt="Product Image"></a><p>Vanicream Gentle Facial Cleanser with Pump Dispenser - 8 fl oz - Formulated Without Common Irritants for Those with Sensitive Skin</p><p>$8.86 ($1.11 / Fl Oz)</p><a href="https://www.amazon.com/dp/B00QY1XZ4W?tag=eloabder-20&linkCode=osi&th=1&psc=1">View Product</a></div><div class="product"><a href="https://www.amazon.com/dp/B016NRXO06?tag=eloabder-20&linkCode=osi&th=1&psc=1"><img src="https://m.media-amazon.com/images/I/31jSFIvh2TS._SL500_.jpg" alt="Product Image"></a><p>COSRX Low pH Good Morning Gel Cleanser, Daily Mild Face Cleanser for Sensitive Skin with BHA & Tea-Tree Oil, PH Balancing, Korean Skincare (5.07fl.oz/150ml)</p><p>$11.49 ($2.27 / Fl Oz)</p><a href="https://www.amazon.com/dp/B016NRXO06?tag=eloabder-20&linkCode=osi&th=1&psc=1">View Product</a></div><div class="product"><a href="https://www.amazon.com/dp/B09Y4HHY1P?tag=eloabder-20&linkCode=osi&th=1&psc=1"><img src="https://m.media-amazon.com/images/I/41Crw80Q3yL._SL500_.jpg" alt="Product Image"></a><p>Cetaphil Face Wash, Daily Facial Cleanser for Sensitive, Combination to Oily Skin, NEW 16 oz, Fragrance Free, Gentle Foaming, Soap Free, Hypoallergenic (Packaging May Vary)</p><p>$11.97 ($0.75 / Fl Oz)</p><a href="https://www.amazon.com/dp/B09Y4HHY1P?tag=eloabder-20&linkCode=osi&th=1&psc=1">View Product</a></div><div class="product"><a href="https://www.amazon.com/dp/B0BN2PX8V3?tag=eloabder-20&linkCode=osi&th=1&psc=1"><img src="https://m.media-amazon.com/images/I/31n4TECLwuL._SL500_.jpg" alt="Product Image"></a><p>ANUA Heartleaf Pore Control Cleansing Oil, Oil Cleanser for Face, Makeup Blackhead Remover, Korean Skin Care 6.76 fl oz(200ml) (original)</p><p>$17.69 ($2.64 / Fl Oz)</p><a href="https://www.amazon.com/dp/B0BN2PX8V3?tag=eloabder-20&linkCode=osi&th=1&psc=1">View Product</a></div>
<div class="product"><a href="https://www.amazon.com/dp/B08CMS8P67?tag=eloabder-20&linkCode=osi&th=1&psc=1"><img src="https://m.media-amazon.com/images/I/31LVyuSsJEL._SL500_.jpg" alt="Product Image"></a><p>Anua Heartleaf 77 Soothing Toner I pH 5.5 Trouble Care, Calming Skin, Refreshing, Hydrating, Purifying, Cruelty Free, Vegan,(250ml / 8.45 fl.oz.)</p><p>$19.69 ($2.33 / Fl Oz)</p><a href="https://www.amazon.com/dp/B08CMS8P67?tag=eloabder-20&linkCode=osi&th=1&psc=1">View Product</a></div><div class="product"><a href="https://www.amazon.com/dp/B09LKXR62L?tag=eloabder-20&linkCode=osi&th=1&psc=1"><img src="https://m.media-amazon.com/images/I/31D6ydy59dL._SL500_.jpg" alt="Product Image"></a><p>CeraVe Hydrating Toner for Face Non-Alcoholic with Hyaluronic Acid, Niacinamide, and Ceramides for Sensitive Dry Skin, Fragrance-Free Non Comedogenic, Full Size, 6.8 Fl Oz</p><p>$9.86 ($1.45 / Ounce)</p><a href="https://www.amazon.com/dp/B09LKXR62L?tag=eloabder-20&linkCode=osi&th=1&psc=1">View Product</a></div><div class="product"><a href="https://www.amazon.com/dp/B0CG1H8YRS?tag=eloabder-20&linkCode=osi&th=1&psc=1"><img src="https://m.media-amazon.com/images/I/31OZES5j9LL._SL500_.jpg" alt="Product Image"></a><p>TIRTIR Milk Skin Rice Toner | Deep Moisturizing, Instant Glow, 2% Niacinamide, Rice Bran Extract, Ceramide, Panthenol, Cruelty-Free, Fungal Acne Friendly, Vegan, 5.07 fl.oz.</p><p>$24.99 ($4.93 / Fl Oz)</p><a href="https://www.amazon.com/dp/B0CG1H8YRS?tag=eloabder-20&linkCode=osi&th=1&psc=1">View Product</a></div><div class="product"><a href="https://www.amazon.com/dp/B007HD570Q?tag=eloabder-20&linkCode=osi&th=1&psc=1"><img src="https://m.media-amazon.com/images/I/31uC8ENEVqL._SL500_.jpg" alt="Product Image"></a><p>Thayers Alcohol-Free, Hydrating Rose Petal Witch Hazel Facial Toner with Aloe Vera Formula, Vegan, Dermatologist Tested and Recommended, 12 Oz</p><p>$10.53 ($0.88 / Fl Oz)</p><a href="https://www.amazon.com/dp/B007HD570Q?tag=eloabder-20&linkCode=osi&th=1&psc=1">View Product</a></div><div class="product"><a href="https://www.amazon.com/dp/B01LZK411L?tag=eloabder-20&linkCode=osi&th=1&psc=1"><img src="https://m.media-amazon.com/images/I/31la+He5vRL._SL500_.jpg" alt="Product Image"></a><p>ACWELL Licorice pH Balancing Korean Toner for Cleansing 5.07 fl.oz. - Alcohol-Free PH5.5 Hydrating Facial Astringent - Skin Clarifying & Hydration Boosting Toner</p><p>$16.00 ($3.14 / Fl Oz)</p><a href="https://www.amazon.com/dp/B01LZK411L?tag=eloabder-20&linkCode=osi&th=1&psc=1">View Product</a></div><div class="product"><a href="https://www.amazon.com/dp/B07BYJF7L7?tag=eloabder-20&linkCode=osi&th=1&psc=1"><img src="https://m.media-amazon.com/images/I/31+G3Xc+J7L._SL500_.jpg" alt="Product Image"></a><p>SOME BY MI AHA BHA PHA 30 Days Miracle Toner - 5.07Oz, 150ml - Made from Tea Tree Water for Sensitive Skin - Mild Exfoliating Daily Face Toner - Skin Wastes, Sebum and Oiliness Care - Korean Skin Care</p><p>$12.00 ($2.37 / Fl Oz)</p><a href="https://www.amazon.com/dp/B07BYJF7L7?tag=eloabder-20&linkCode=osi&th=1&psc=1">View Product</a></div><div class="product"><a href="https://www.amazon.com/dp/B00LO2RO7K?tag=eloabder-20&linkCode=osi&th=1&psc=1"><img src="https://m.media-amazon.com/images/I/31Wb52+KYzL._SL500_.jpg" alt="Product Image"></a><p>La Roche-Posay Effaclar Clarifying Solution Acne Toner with Salicylic Acid and Glycolic Acid, Pore Refining Oily Skin Toner, Gentle Exfoliant to Unclog Pores and Remove Dead Skin Cells</p><p>$16.99 ($2.51 / Fl Oz)</p><a href="https://www.amazon.com/dp/B00LO2RO7K?tag=eloabder-20&linkCode=osi&th=1&psc=1">View Product</a></div><div class="product"><a href="https://www.amazon.com/dp/B008EPPIQ4?tag=eloabder-20&linkCode=osi&th=1&psc=1"><img src="https://m.media-amazon.com/images/I/31-lQL0AkZL._SL500_.jpg" alt="Product Image"></a><p>Paula's Choice Skin Balancing Pore-Reducing Toner for Combination and Oily Skin, Minimizes Large Pores, 6.4 Fluid Ounce Bottle</p><p>$26.00 ($4.06 / Fl Oz)</p><a href="https://www.amazon.com/dp/B008EPPIQ4?tag=eloabder-20&linkCode=osi&th=1&psc=1">View Product</a></div><div class="product"><a href="https://www.amazon.com/dp/B073P6BPF5?tag=eloabder-20&linkCode=osi&th=1&psc=1"><img src="https://m.media-amazon.com/images/I/31hqlVDLizL._SL500_.jpg" alt="Product Image"></a><p>COSRX AHA/BHA Clarifying Treatment Toner, 5.07 fl.oz / 150ml | Exfoliating Facial Spray | Korean Skin Care, Hydrating, Mild Exfoliation, Vegan, Animal Testing Free, Paraben Free</p><p>$10.75 ($2.11 / Fl Oz)</p><a href="https://www.amazon.com/dp/B073P6BPF5?tag=eloabder-20&linkCode=osi&th=1&psc=1">View Product</a></div>
<div class="product"><a href="https://www.amazon.com/dp/B07C5SS6YD?tag=eloabder-20&linkCode=osi&th=1&psc=1"><img src="https://m.media-amazon.com/images/I/31tzIszvgAL._SL500_.jpg" alt="Product Image"></a><p>Paula's Choice Skin Perfecting 2% BHA Liquid Salicylic Acid Exfoliant, Gentle Facial Exfoliator for Blackheads, Large Pores, Wrinkles & Fine Lines, Travel Size, 1 Fluid Ounce</p><p>$14.00</p><a href="https://www.amazon.com/dp/B07C5SS6YD?tag=eloabder-20&linkCode=osi&th=1&psc=1">View Product</a></div><div class="product"><a href="https://www.amazon.com/dp/B07VW3YSWH?tag=eloabder-20&linkCode=osi&th=1&psc=1"><img src="https://m.media-amazon.com/images/I/410j9ZFktHL._SL500_.jpg" alt="Product Image"></a><p>Tree Hut Vitamin C Shea Sugar Scrub, 18 oz, Ultra Hydrating and Exfoliating Scrub for Nourishing Essential Body Care</p><p>$8.94 ($0.50 / Ounce)</p><a href="https://www.amazon.com/dp/B07VW3YSWH?tag=eloabder-20&linkCode=osi&th=1&psc=1">View Product</a></div><div class="product"><a href="https://www.amazon.com/dp/B07NHZP4FW?tag=eloabder-20&linkCode=osi&th=1&psc=1"><img src="https://m.media-amazon.com/images/I/41znKaYV17L._SL500_.jpg" alt="Product Image"></a><p>Seraphic Skincare (Original) Premium Exfoliating Mitt for Body (2pc) – 100% Vegan Viscose Traditional Body Scrub Glove Kessa Korean Washcloth – Body Exfoliator for Self-Tan Removal & Keratosis Pilaris</p><p>$12.99 ($6.50 / Count)</p><a href="https://www.amazon.com/dp/B07NHZP4FW?tag=eloabder-20&linkCode=osi&th=1&psc=1">View Product</a></div><div class="product"><a href="https://www.amazon.com/dp/B001VMJSCW?tag=eloabder-20&linkCode=osi&th=1&psc=1"><img src="https://m.media-amazon.com/images/I/31N7x4-aJAL._SL500_.jpg" alt="Product Image"></a><p>Dermalogica Daily Microfoliant, Face Exfoliator Scrub Powder with Salicylic Acid and Papaya Enzyme, Achieve Brighter, Smoother Skin Daily, 0.45 Oz</p><p>$19.00 ($42.22 / Ounce)</p><a href="https://www.amazon.com/dp/B001VMJSCW?tag=eloabder-20&linkCode=osi&th=1&psc=1">View Product</a></div><div class="product"><a href="https://www.amazon.com/dp/B09Q88TVGJ?tag=eloabder-20&linkCode=osi&th=1&psc=1"><img src="https://m.media-amazon.com/images/I/31jQFJt0t7L._SL500_.jpg" alt="Product Image"></a><p>tingl Face and Body Exfoliator Pads - Anti Aging Acne Treatment with Glycolic Acid, Lactic Acid, and Salicylic Acid - Pore Minimizer, Oil Cleanser, Blackhead Remover and Skin Exfoliator in One</p><p>$38.00 ($38.00 / Count)</p><a href="https://www.amazon.com/dp/B09Q88TVGJ?tag=eloabder-20&linkCode=osi&th=1&psc=1">View Product</a></div><div class="product"><a href="https://www.amazon.com/dp/B0BNWXFH3P?tag=eloabder-20&linkCode=osi&th=1&psc=1"><img src="https://m.media-amazon.com/images/I/51HkdST1FCL._SL500_.jpg" alt="Product Image"></a><p>Dermasuri Deep Exfoliating Glove for Shower - Exfoliating Mitt Body Scrubber - Skin Exfoliator & Dead Skin Remover - Keratosis Pilaris Scrub - Spray Tan Remover - Korean Skincare for Body (2 Pack)</p><p>$19.99 ($10.00 / Count)</p><a href="https://www.amazon.com/dp/B0BNWXFH3P?tag=eloabder-20&linkCode=osi&th=1&psc=1">View Product</a></div><div class="product"><a href="https://www.amazon.com/dp/B076DSRB6B?tag=eloabder-20&linkCode=osi&th=1&psc=1"><img src="https://m.media-amazon.com/images/I/51lTK55c5UL._SL500_.jpg" alt="Product Image"></a><p>Himalayan Salt Scrub Face Foot & Body Exfoliator Infused with Collagen and Stem Cell Natural Exfoliating Salt Body Scrub for Toning Cellulite Skin Care by M3 Naturals</p><p>$25.81 ($2.15 / Ounce)</p><a href="https://www.amazon.com/dp/B076DSRB6B?tag=eloabder-20&linkCode=osi&th=1&psc=1">View Product</a></div><div class="product"><a href="https://www.amazon.com/dp/B004GEV9JW?tag=eloabder-20&linkCode=osi&th=1&psc=1"><img src="https://m.media-amazon.com/images/I/41MgyDfHXfL._SL500_.jpg" alt="Product Image"></a><p>Buf-Puf Gentle Facial Sponge, Dermatologist Developed, Removes Deep Down Dirt & Makeup That Causes Breakouts and Blackheads, Reusable, Exfoliating, 1 Count</p><p>$8.71</p><a href="https://www.amazon.com/dp/B004GEV9JW?tag=eloabder-20&linkCode=osi&th=1&psc=1">View Product</a></div><div class="product"><a href="https://www.amazon.com/dp/B0000632EN?tag=eloabder-20&linkCode=osi&th=1&psc=1"><img src="https://m.media-amazon.com/images/I/314AH1Zo0lL._SL500_.jpg" alt="Product Image"></a><p>Aveeno Positively Radiant Exfoliating Facial Scrub, Brightening Face Scrub with Soy Extract to Visibly Improve Skin Tone and Texture, Oil-Free, Soap-Free, Hypoallergenic Formula, 5 FL OZ</p><p>$7.97 ($1.59 / Ounce)</p><a href="https://www.amazon.com/dp/B0000632EN?tag=eloabder-20&linkCode=osi&th=1&psc=1">View Product</a></div>
<div class="product"><a href="https://www.amazon.com/dp/B005IHT94S?tag=eloabder-20&linkCode=osi&th=1&psc=1"><img src="https://m.media-amazon.com/images/I/31YAXVCRMAL._SL500_.jpg" alt="Product Image"></a><p>Neutrogena Ultra Sheer Dry-Touch Water Resistant and Non-Greasy Sunscreen Lotion with Broad Spectrum SPF 70, 3 Fl Oz (Pack of 1)</p><p>$9.88 ($3.29 / Fl Oz)</p><a href="https://www.amazon.com/dp/B005IHT94S?tag=eloabder-20&linkCode=osi&th=1&psc=1">View Product</a></div><div class="product"><a href="https://www.amazon.com/dp/B078BC1NJ6?tag=eloabder-20&linkCode=osi&th=1&psc=1"><img src="https://m.media-amazon.com/images/I/51V4LMN2zEL._SL500_.jpg" alt="Product Image"></a><p>Coppertone Sport Sunscreen Spray SPF 50, Water Resistant Spray Sunscreen, Broad Spectrum SPF 50 Sunscreen, Bulk Sunscreen Pack, 5.5 Oz Bottle, Pack of 3</p><p>$20.63 ($1.25 / Ounce)</p><a href="https://www.amazon.com/dp/B078BC1NJ6?tag=eloabder-20&linkCode=osi&th=1&psc=1">View Product</a></div><div class="product"><a href="https://www.amazon.com/dp/B01MQXX9US?tag=eloabder-20&linkCode=osi&th=1&psc=1"><img src="https://m.media-amazon.com/images/I/41Zi7BP15NL._SL500_.jpg" alt="Product Image"></a><p>Banana Boat Sport Ultra SPF 50 Sunscreen Spray Twin Pack | Banana Boat Sunscreen Spray SPF 50, Spray On Sunscreen, Water Resistant Sunscreen, Oxybenzone Free Sunscreen Pack, 6oz each</p><p>$13.97 ($1.16 / Ounce)</p><a href="https://www.amazon.com/dp/B01MQXX9US?tag=eloabder-20&linkCode=osi&th=1&psc=1">View Product</a></div><div class="product"><a href="https://www.amazon.com/dp/B00AEN4QZ8?tag=eloabder-20&linkCode=osi&th=1&psc=1"><img src="https://m.media-amazon.com/images/I/31QMrCJPoeL._SL500_.jpg" alt="Product Image"></a><p>Neutrogena Beach Defense Water-Resistant Face & Body SPF 70 Sunscreen Lotion with Broad Spectrum UVA/UVB Protection, Oil-Free Fast-Absorbing Sunscreen Lotion, Oxybenzone-Free, 6.7 oz</p><p>$9.60 ($1.43 / Fl Oz)</p><a href="https://www.amazon.com/dp/B00AEN4QZ8?tag=eloabder-20&linkCode=osi&th=1&psc=1">View Product</a></div><div class="product"><a href="https://www.amazon.com/dp/B076GZX3KL?tag=eloabder-20&linkCode=osi&th=1&psc=1"><img src="https://m.media-amazon.com/images/I/41BQoEZMuTL._SL500_.jpg" alt="Product Image"></a><p>Neutrogena Sunscreen Spray, Ultra Sheer ® Body Mist, Broad Spectrum SPF 70, Non-Greasy Water Resistant Body Sunscreen Mist, Non-Comedogenic, 5 oz (Pack of 3)</p><p>$22.60 ($1.51 / Ounce)</p><a href="https://www.amazon.com/dp/B076GZX3KL?tag=eloabder-20&linkCode=osi&th=1&psc=1">View Product</a></div><div class="product"><a href="https://www.amazon.com/dp/B004D2DR0Q?tag=eloabder-20&linkCode=osi&th=1&psc=1"><img src="https://m.media-amazon.com/images/I/41QwzCWNnFL._SL500_.jpg" alt="Product Image"></a><p>Neutrogena Ultra Sheer Dry-Touch Water Resistant and Non-Greasy Sunscreen Lotion with Broad Spectrum SPF 45, TSA-Compliant travel Size, 3 Fl Oz, Pack of 2, 6 Fl Oz</p><p>$13.99 ($2.33 / Fl Oz)</p><a href="https://www.amazon.com/dp/B004D2DR0Q?tag=eloabder-20&linkCode=osi&th=1&psc=1">View Product</a></div><div class="product"><a href="https://www.amazon.com/dp/B002CML1VG?tag=eloabder-20&linkCode=osi&th=1&psc=1"><img src="https://m.media-amazon.com/images/I/41ufC4L5QQL._SL500_.jpg" alt="Product Image"></a><p>La Roche-Posay Anthelios Melt-In Milk Sunscreen SPF 60 | Sunscreen For Body & Face | Broad Spectrum SPF + Antioxidants | Oil Free Sunscreen Lotion | Lightweight & Fast Absorbing | Oxybenzone Free</p><p>$37.99 ($7.60 / Fl Oz)</p><a href="https://www.amazon.com/dp/B002CML1VG?tag=eloabder-20&linkCode=osi&th=1&psc=1">View Product</a></div><div class="product"><a href="https://www.amazon.com/dp/B00B81XR1Y?tag=eloabder-20&linkCode=osi&th=1&psc=1"><img src="https://m.media-amazon.com/images/I/41NtDXr-dML._SL500_.jpg" alt="Product Image"></a><p>Banana Boat Sport Ultra SPF 30 Sunscreen Spray Twin Pack | Banana Boat Sunscreen Spray SPF 30, Spray On Sunscreen, Water Resistant Sunscreen, Oxybenzone Free Sunscreen Pack, 6oz each</p><p>$13.47 ($1.12 / Ounce)</p><a href="https://www.amazon.com/dp/B00B81XR1Y?tag=eloabder-20&linkCode=osi&th=1&psc=1">View Product</a></div><div class="product"><a href="https://www.amazon.com/dp/B07X1YDGSF?tag=eloabder-20&linkCode=osi&th=1&psc=1"><img src="https://m.media-amazon.com/images/I/31PSmI7nKIL._SL500_.jpg" alt="Product Image"></a><p>Neutrogena Beach Defense Sunscreen Spray SPF 50 Water-Resistant Body Spray with Broad Spectrum , PABA-Free, Oxybenzone-Free & Fast-Drying, Superior Sun Protection, 6.5 oz, Transparent</p><p>$9.88 ($1.52 / Ounce)</p><a href="https://www.amazon.com/dp/B07X1YDGSF?tag=eloabder-20&linkCode=osi&th=1&psc=1">View Product</a></div>
<div class="product"><a href="https://www.amazon.com/dp/B00JJPMXDO?tag=eloabder-20&linkCode=osi&th=1&psc=1"><img src="https://m.media-amazon.com/images/I/41xUbY21ojL._SL500_.jpg" alt="Product Image"></a><p>CeraVe Eye Repair Cream | Under Eye Cream For Puffiness And Bags Under Eyes | Hyaluronic Acid + Niacinamide + Marine Botanical Complex | Hydrating Eye Cream | Oil Free & Opthalmologist Tested</p><p>$13.43 ($26.86 / Ounce)</p><a href="https://www.amazon.com/dp/B00JJPMXDO?tag=eloabder-20&linkCode=osi&th=1&psc=1">View Product</a></div><div class="product"><a href="https://www.amazon.com/dp/B0B3GCCRVH?tag=eloabder-20&linkCode=osi&th=1&psc=1"><img src="https://m.media-amazon.com/images/I/41EdCdrw-AL._SL500_.jpg" alt="Product Image"></a><p>CeraVe Skin Renewing Eye Cream For Wrinkles | Under Eye Cream With Peptides + Caffeine + Niacinamide | Anti Aging Eye Cream For Wrinkles & Crows Feet | Paraben Free & Opthalmologist Tested</p><p>$18.49 ($36.98 / Ounce)</p><a href="https://www.amazon.com/dp/B0B3GCCRVH?tag=eloabder-20&linkCode=osi&th=1&psc=1">View Product</a></div><div class="product"><a href="https://www.amazon.com/dp/B00005333I?tag=eloabder-20&linkCode=osi&th=1&psc=1"><img src="https://m.media-amazon.com/images/I/31webfO63dL._SL500_.jpg" alt="Product Image"></a><p>L'Oreal Paris Dermo-Expertise Eye Defense Eye Cream with Caffeine and Hyaluronic Acid 0.5 oz</p><p>$12.27 ($24.54 / Ounce)</p><a href="https://www.amazon.com/dp/B00005333I?tag=eloabder-20&linkCode=osi&th=1&psc=1">View Product</a></div><div class="product"><a href="https://www.amazon.com/dp/B0CZJ8N83D?tag=eloabder-20&linkCode=osi&th=1&psc=1"><img src="https://m.media-amazon.com/images/I/31fQO3OHiML._SL500_.jpg" alt="Product Image"></a><p>PRIME PROMETICS PrimeEyes Hydrate Under Eye Cream for Mature Women – Hydrating Eye Cream for Dark Circles and Wrinkle Repair – Soft, Glowing & Healthy Under Eyes</p><p>$62.00</p><a href="https://www.amazon.com/dp/B0CZJ8N83D?tag=eloabder-20&linkCode=osi&th=1&psc=1">View Product</a></div><div class="product"><a href="https://www.amazon.com/dp/B0009RFB76?tag=eloabder-20&linkCode=osi&th=1&psc=1"><img src="https://m.media-amazon.com/images/I/31M2iQDNDOL._SL500_.jpg" alt="Product Image"></a><p>RoC Retinol Correxion Under Eye Cream for Dark Circles & Puffiness, Daily Wrinkle Cream, Anti Aging Line Smoothing Skin Care Treatment for Women and Men, 0.5 oz (Packaging May Vary)</p><p>$19.77 ($39.54 / Fl Oz)</p><a href="https://www.amazon.com/dp/B0009RFB76?tag=eloabder-20&linkCode=osi&th=1&psc=1">View Product</a></div><div class="product"><a href="https://www.amazon.com/dp/B0D3TG6MN3?tag=eloabder-20&linkCode=osi&th=1&psc=1"><img src="https://m.media-amazon.com/images/I/21-DQIJf5xL._SL500_.jpg" alt="Product Image"></a><p>Dr.Melaxin Eyephalt Eyebag Cream for Puffiness, Dark Circles&Fine Lines | EGF Anti-Aging Under Eye Moisturizer with Niacinamide&Ceramide 0.33 fl.oz.</p><p>$59.00 ($178.79 / Fl Oz)</p><a href="https://www.amazon.com/dp/B0D3TG6MN3?tag=eloabder-20&linkCode=osi&th=1&psc=1">View Product</a></div><div class="product"><a href="https://www.amazon.com/dp/B07CKJRJXB?tag=eloabder-20&linkCode=osi&th=1&psc=1"><img src="https://m.media-amazon.com/images/I/31pJCzbhXrL._SL500_.jpg" alt="Product Image"></a><p>No7 Lift & Luminate Triple Action Eye Cream - Anti-Aging Under Eye Cream for Dark Circles, Puffiness & Wrinkles - Formulated with Vitamin C to Brighten and Refresh Tired Eyes (0.5 Fl Oz)</p><p>$15.99</p><a href="https://www.amazon.com/dp/B07CKJRJXB?tag=eloabder-20&linkCode=osi&th=1&psc=1">View Product</a></div>
<div class="product"><a href="https://www.amazon.com/dp/B0BBSP2JNQ?tag=eloabder-20&linkCode=osi&th=1&psc=1"><img src="https://m.media-amazon.com/images/I/51qb7tiAJgL._SL500_.jpg" alt="Product Image"></a><p>SimplyVital Face Moisturizer Collagen Cream - Anti Aging Neck and Décolleté - Made in USA Day & Night Face Cream - Moisturizing, Lifting & Recovery – 1.7oz</p><p>$22.89 ($13.46 / Fl Oz)</p><a href="https://www.amazon.com/dp/B0BBSP2JNQ?tag=eloabder-20&linkCode=osi&th=1&psc=1">View Product</a></div><div class="product"><a href="https://www.amazon.com/dp/B008EKY8VK?tag=eloabder-20&linkCode=osi&th=1&psc=1"><img src="https://m.media-amazon.com/images/I/419EZkaOOIL._SL500_.jpg" alt="Product Image"></a><p>L'Oreal Paris Revitalift Triple Power Anti-Aging Face Moisturizer, Pro Retinol, Hyaluronic Acid & Vitamin C to Reduce Wrinkles, Firm & Brighten Skin, 1.7 Oz</p><p>$17.86 ($10.51 / Ounce)</p><a href="https://www.amazon.com/dp/B008EKY8VK?tag=eloabder-20&linkCode=osi&th=1&psc=1">View Product</a></div><div class="product"><a href="https://www.amazon.com/dp/B00HNSSPDG?tag=eloabder-20&linkCode=osi&th=1&psc=1"><img src="https://m.media-amazon.com/images/I/41zARcUorbL._SL500_.jpg" alt="Product Image"></a><p>Neutrogena Triple Age Repair Anti-Aging Night Cream with Vitamin C; Fights Wrinkles & Evens Tone, Firming Anti-Wrinkle Face & Neck Cream; Glycerin & Shea Butter, 1.7 oz</p><p>$19.19 ($11.29 / Ounce)</p><a href="https://www.amazon.com/dp/B00HNSSPDG?tag=eloabder-20&linkCode=osi&th=1&psc=1">View Product</a></div><div class="product"><a href="https://www.amazon.com/dp/B0C9H6PD9B?tag=eloabder-20&linkCode=osi&th=1&psc=1"><img src="https://m.media-amazon.com/images/I/51MQp9qtYZL._SL500_.jpg" alt="Product Image"></a><p>Collagen Face Moisturizer with Airless Pump - Collagen Botanical Stem Cells Cream for Skin with Retinol, Niacinamide, Hyaluronic Acid - Anti-Aging Day & Night Cream - Made in USA (1.7 Oz)</p><p>$14.99 ($8.82 / Ounce)</p><a href="https://www.amazon.com/dp/B0C9H6PD9B?tag=eloabder-20&linkCode=osi&th=1&psc=1">View Product</a></div><div class="product"><a href="https://www.amazon.com/dp/B01ES349CY?tag=eloabder-20&linkCode=osi&th=1&psc=1"><img src="https://m.media-amazon.com/images/I/51C9olHbYgL._SL500_.jpg" alt="Product Image"></a><p>LilyAna Naturals Retinol Cream - Made in USA, Anti Aging Moisturizer for Face and Neck,Wrinkle, Retinol Complex - 1.7oz</p><p>$18.16 ($10.68 / Ounce)</p><a href="https://www.amazon.com/dp/B01ES349CY?tag=eloabder-20&linkCode=osi&th=1&psc=1">View Product</a></div><div class="product"><a href="https://www.amazon.com/dp/B00QSHEN0M?tag=eloabder-20&linkCode=osi&th=1&psc=1"><img src="https://m.media-amazon.com/images/I/41XiN2SLyrL._SL500_.jpg" alt="Product Image"></a><p>Burt's Bees Renewal Firming Face Cream, Anti-Aging Retinol Alternative, Moisturizing Natural Origin Skin Care, 1.8 Ounce (Packaging May Vary)</p><p>$9.75 ($5.42 / Ounce)</p><a href="https://www.amazon.com/dp/B00QSHEN0M?tag=eloabder-20&linkCode=osi&th=1&psc=1">View Product</a></div><div class="product"><a href="https://www.amazon.com/dp/B0744JV661?tag=eloabder-20&linkCode=osi&th=1&psc=1"><img src="https://m.media-amazon.com/images/I/41uJ0OhvRuL._SL500_.jpg" alt="Product Image"></a><p>RoC Retinol Correxion Max Daily Hydration Anti-Aging Face Moisturizer with Hyaluronic Acid, Oil Free Skin Care Cream for Fine Lines, Dark Spots, Post-Acne Scars, 1.7 Ounces (Packaging May Vary)</p><p>$21.53 ($12.66 / Ounce)</p><a href="https://www.amazon.com/dp/B0744JV661?tag=eloabder-20&linkCode=osi&th=1&psc=1">View Product</a></div><div class="product"><a href="https://www.amazon.com/dp/B004D2C57M?tag=eloabder-20&linkCode=osi&th=1&psc=1"><img src="https://m.media-amazon.com/images/I/4106jzuxtsL._SL500_.jpg" alt="Product Image"></a><p>Neutrogena Retinol Face Moisturizer, Rapid Wrinkle Repair with SPF 30 Sunscreen, Daily Anti-Aging Face Cream with Retinol & Hyaluronic Acid to Fight Fine Lines, Wrinkles, & Dark Spots, 1 fl. oz</p><p>$17.14</p><a href="https://www.amazon.com/dp/B004D2C57M?tag=eloabder-20&linkCode=osi&th=1&psc=1">View Product</a></div><div class="product"><a href="https://www.amazon.com/dp/B0B5TBVX6C?tag=eloabder-20&linkCode=osi&th=1&psc=1"><img src="https://m.media-amazon.com/images/I/51nRJsctWHL._SL500_.jpg" alt="Product Image"></a><p>Retinol Cream for Face - Facial Moisturizer with Collagen and Hyaluronic Acid, Anti-Wrinkle Reduce Fine Lines Vitamin C+E Natural-Ingredient Day Night Anti-Aging For Women Men</p><p>$14.99 ($8.82 / Fl Oz)</p><a href="https://www.amazon.com/dp/B0B5TBVX6C?tag=eloabder-20&linkCode=osi&th=1&psc=1">View Product</a></div>
<div class="product"><a href="https://www.amazon.com/dp/B00DG8F02Q?tag=eloabder-20&linkCode=osi&th=1&psc=1"><img src="https://m.media-amazon.com/images/I/31+WLRw2Y6L._SL500_.jpg" alt="Product Image"></a><p>NIVEA Shea Nourish Body Lotion, 48-Hour Moisturizing Shea Butter Lotion for Dry Skin with Deep Nourishing Serum, 16.9 Fl Oz Pump Bottle</p><p>$6.29 ($0.37 / Fl Oz)</p><a href="https://www.amazon.com/dp/B00DG8F02Q?tag=eloabder-20&linkCode=osi&th=1&psc=1">View Product</a></div><div class="product"><a href="https://www.amazon.com/dp/B076G2XGY3?tag=eloabder-20&linkCode=osi&th=1&psc=1"><img src="https://m.media-amazon.com/images/I/41jIXvha20L._SL500_.jpg" alt="Product Image"></a><p>NIVEA Essentially Enriched Body Lotion for Dry Skin, Pack of 2, 16.9 Fl Oz Pump Bottles</p><p>$10.98 ($0.32 / Fl Oz)</p><a href="https://www.amazon.com/dp/B076G2XGY3?tag=eloabder-20&linkCode=osi&th=1&psc=1">View Product</a></div><div class="product"><a href="https://www.amazon.com/dp/B00DG8EZKO?tag=eloabder-20&linkCode=osi&th=1&psc=1"><img src="https://m.media-amazon.com/images/I/31DT3ghuyXL._SL500_.jpg" alt="Product Image"></a><p>NIVEA Intense Healing Body Lotion for Dry Skin, 72-Hour Moisturizing Lotion with Deep Nourishing Serum and Provitamin B5, 16.9 Fl Oz Pump Bottle</p><p>$6.29 ($0.37 / Fl Oz)</p><a href="https://www.amazon.com/dp/B00DG8EZKO?tag=eloabder-20&linkCode=osi&th=1&psc=1">View Product</a></div><div class="product"><a href="https://www.amazon.com/dp/B08KT5HM98?tag=eloabder-20&linkCode=osi&th=1&psc=1"><img src="https://m.media-amazon.com/images/I/311EVJ1x7tL._SL500_.jpg" alt="Product Image"></a><p>eos Shea Better Body Lotion- Coconut Waters, 24-Hour Moisture Skin Care, Lightweight & Non-Greasy, Made with Natural Shea, Vegan, 16 fl oz</p><p>$8.98 ($0.56 / Fl Oz)</p><a href="https://www.amazon.com/dp/B08KT5HM98?tag=eloabder-20&linkCode=osi&th=1&psc=1">View Product</a></div><div class="product"><a href="https://www.amazon.com/dp/B0034F9K36?tag=eloabder-20&linkCode=osi&th=1&psc=1"><img src="https://m.media-amazon.com/images/I/319i3EFVPvL._SL500_.jpg" alt="Product Image"></a><p>Jergens Ultra Healing Dry Skin Moisturizer, Body and Hand Lotion for Dry Skin, for Quick Absorption into Extra Dry Skin, with HYDRALUCENCE blend, Vitamins C, E, and B5, 32 Ounce</p><p>$8.17 ($0.26 / Fl Oz)</p><a href="https://www.amazon.com/dp/B0034F9K36?tag=eloabder-20&linkCode=osi&th=1&psc=1">View Product</a></div><div class="product"><a href="https://www.amazon.com/dp/B003JT8PKQ?tag=eloabder-20&linkCode=osi&th=1&psc=1"><img src="https://m.media-amazon.com/images/I/31TFisQDpKL._SL500_.jpg" alt="Product Image"></a><p>Lubriderm Daily Moisture Lotion + Pro-Ceramide with Shea Butter & Glycerin Helps Moisturize Dry Skin, Hydrating Face, Hand & Body Lotion is Lightly Scented & Non-Greasy, 24 fl. oz</p><p>$10.12 ($0.42 / Fl Oz)</p><a href="https://www.amazon.com/dp/B003JT8PKQ?tag=eloabder-20&linkCode=osi&th=1&psc=1">View Product</a></div><div class="product"><a href="https://www.amazon.com/dp/B07RK4HST7?tag=eloabder-20&linkCode=osi&th=1&psc=1"><img src="https://m.media-amazon.com/images/I/412DGoW35mL._SL500_.jpg" alt="Product Image"></a><p>CeraVe Daily Moisturizing Lotion for Dry Skin | Body Lotion & Face Moisturizer with Hyaluronic Acid and Ceramides | Daily Moisturizer | Fragrance Free | Oil-Free | 19 Ounce</p><p>$18.50 ($0.97 / Fl Oz)</p><a href="https://www.amazon.com/dp/B07RK4HST7?tag=eloabder-20&linkCode=osi&th=1&psc=1">View Product</a></div><div class="product"><a href="https://www.amazon.com/dp/B0D484X4RL?tag=eloabder-20&linkCode=osi&th=1&psc=1"><img src="https://m.media-amazon.com/images/I/31rZLOx+KEL._SL500_.jpg" alt="Product Image"></a><p>Native Body Lotion Contains Naturally Derived Plant-Based Moisturizers for Women and Men | Restores Dry Skin, Coconut & Vanilla, 16.5 fl oz</p><p>$13.97 ($0.85 / Fl Oz)</p><a href="https://www.amazon.com/dp/B0D484X4RL?tag=eloabder-20&linkCode=osi&th=1&psc=1">View Product</a></div><div class="product"><a href="https://www.amazon.com/dp/B073CXZ8KR?tag=eloabder-20&linkCode=osi&th=1&psc=1"><img src="https://m.media-amazon.com/images/I/31r1ImnqoOL._SL500_.jpg" alt="Product Image"></a><p>Nivea Oil Infused Cherry Blossom and Jojoba Oil Body Lotion, Non-Greasy Cherry Blossom Scented Lotion Moisturizes for 24+ Hours, 16.9 Fl Oz Pump Bottle</p><p>$6.29 ($0.37 / Fl Oz)</p><a href="https://www.amazon.com/dp/B073CXZ8KR?tag=eloabder-20&linkCode=osi&th=1&psc=1">View Product</a></div><div class="product"><a href="https://www.amazon.com/dp/B09HHBKK15?tag=eloabder-20&linkCode=osi&th=1&psc=1"><img src="https://m.media-amazon.com/images/I/31gFI+hSGmL._SL500_.jpg" alt="Product Image"></a><p>Amazon Basics Cocoa Butter Body Lotion, Lightly scented, 20.3 fl oz</p><p>$4.89 ($0.24 / Fl Oz)</p><a href="https://www.amazon.com/dp/B09HHBKK15?tag=eloabder-20&linkCode=osi&th=1&psc=1">View Product</a></div>
<div class="product"><a href="https://www.amazon.com/dp/B0BVBZPX9B?tag=eloabder-20&linkCode=osi&th=1&psc=1"><img src="https://m.media-amazon.com/images/I/61Y09jlKZkL._SL500_.jpg" alt="Product Image"></a><p>Dove Deep Moisture Body Wash 30.6 Fl Oz Pack of 3 with Pump, Luxurious Hydration for Dry Skin, Cleanser with 24hr Renewing MicroMoisture</p><p>$23.22 ($0.25 / Fl Oz)</p><a href="https://www.amazon.com/dp/B0BVBZPX9B?tag=eloabder-20&linkCode=osi&th=1&psc=1">View Product</a></div><div class="product"><a href="https://www.amazon.com/dp/B0BT1VXDGD?tag=eloabder-20&linkCode=osi&th=1&psc=1"><img src="https://m.media-amazon.com/images/I/217eAv7yKyL._SL500_.jpg" alt="Product Image"></a><p>Method Body Wash, Pure Peace, Paraben and Phthalate Free, Biodegradable Formula, 28 oz (Pack of 1)</p><p>$11.48 ($0.41 / Fl Oz)</p><a href="https://www.amazon.com/dp/B0BT1VXDGD?tag=eloabder-20&linkCode=osi&th=1&psc=1">View Product</a></div><div class="product"><a href="https://www.amazon.com/dp/B0BVBYQGTW?tag=eloabder-20&linkCode=osi&th=1&psc=1"><img src="https://m.media-amazon.com/images/I/61En44WjwPL._SL500_.jpg" alt="Product Image"></a><p>Dove Body Wash with Pump Sensitive Skin 3 Count Hypoallergenic, Paraben-Free, Sulfate-Free, Cruelty-Free, Moisturizing Skin Cleanser Effectively Washes Away Bacteria While Nourishing Skin 30.6 oz</p><p>$23.22 ($0.25 / Fl Oz)</p><a href="https://www.amazon.com/dp/B0BVBYQGTW?tag=eloabder-20&linkCode=osi&th=1&psc=1">View Product</a></div><div class="product"><a href="https://www.amazon.com/dp/B0CGY5BLBW?tag=eloabder-20&linkCode=osi&th=1&psc=1"><img src="https://m.media-amazon.com/images/I/61X7MjVU6uL._SL500_.jpg" alt="Product Image"></a><p>Dove Exfoliating Body Wash Glow Recharge Energizes & illuminates skin 3% brightening serum with vitamin C 18.5 oz</p><p>$9.79 ($0.53 / Fl Oz)</p><a href="https://www.amazon.com/dp/B0CGY5BLBW?tag=eloabder-20&linkCode=osi&th=1&psc=1">View Product</a></div><div class="product"><a href="https://www.amazon.com/dp/B082QB23YG?tag=eloabder-20&linkCode=osi&th=1&psc=1"><img src="https://m.media-amazon.com/images/I/31QPAuuaLwL._SL500_.jpg" alt="Product Image"></a><p>NIVEA Refreshing White Peach and Jasmine Body Wash, Scented Body Wash with Nourishing Serum, Plant-Derived Oils, Essential Skin Lipids and Vitamins, 20 Fl Oz Bottle</p><p>$4.89 ($0.24 / Fl Oz)</p><a href="https://www.amazon.com/dp/B082QB23YG?tag=eloabder-20&linkCode=osi&th=1&psc=1">View Product</a></div><div class="product"><a href="https://www.amazon.com/dp/B0BHH1LBX2?tag=eloabder-20&linkCode=osi&th=1&psc=1"><img src="https://m.media-amazon.com/images/I/41aG-jLyOqL._SL500_.jpg" alt="Product Image"></a><p>Olay Ultra Rich Moisture Body Wash for Women, Deeply Nourishes, Vitamin B3 Complex, Clinically Proven, Shea Butter Scent, 22 fl oz (Pack of 4)</p><p>$27.96 ($0.32 / Fl Oz)</p><a href="https://www.amazon.com/dp/B0BHH1LBX2?tag=eloabder-20&linkCode=osi&th=1&psc=1">View Product</a></div><div class="product"><a href="https://www.amazon.com/dp/B07FD24RTR?tag=eloabder-20&linkCode=osi&th=1&psc=1"><img src="https://m.media-amazon.com/images/I/31klAgInvXL._SL500_.jpg" alt="Product Image"></a><p>Aveeno Stress Relief Body Wash with Soothing Oat for Sensitive Skin, Lavender Body Wash to help you feel Calm and Relaxed, Sulfate-Free, 33 FL OZ</p><p>$13.48 ($0.41 / Fl Oz)</p><a href="https://www.amazon.com/dp/B07FD24RTR?tag=eloabder-20&linkCode=osi&th=1&psc=1">View Product</a></div><div class="product"><a href="https://www.amazon.com/dp/B082QC2MCX?tag=eloabder-20&linkCode=osi&th=1&psc=1"><img src="https://m.media-amazon.com/images/I/31ohT5XH1TS._SL500_.jpg" alt="Product Image"></a><p>NIVEA Shea Butter Nourishing Body Wash, Moisturizing Body Wash with Nourishing Serum, Plant-Derived Oils, Essential Skin Lipids and Vitamins, 20 Fl Oz Bottle</p><p>$5.29 ($0.26 / Fl Oz)</p><a href="https://www.amazon.com/dp/B082QC2MCX?tag=eloabder-20&linkCode=osi&th=1&psc=1">View Product</a></div><div class="product"><a href="https://www.amazon.com/dp/B0BVBYDTZ6?tag=eloabder-20&linkCode=osi&th=1&psc=1"><img src="https://m.media-amazon.com/images/I/61UbJzK8yIL._SL500_.jpg" alt="Product Image"></a><p>Dove Body Wash with Pump Refreshing Cucumber and Green Tea 3 Count Refreshes Skin Cleanser That Effectively Washes Away Bacteria While Nourishing Your Skin 30.6 oz</p><p>$29.91 ($0.33 / Fl Oz)</p><a href="https://www.amazon.com/dp/B0BVBYDTZ6?tag=eloabder-20&linkCode=osi&th=1&psc=1">View Product</a></div><div class="product"><a href="https://www.amazon.com/dp/B082QBPDJC?tag=eloabder-20&linkCode=osi&th=1&psc=1"><img src="https://m.media-amazon.com/images/I/31tC4JDwHQL._SL500_.jpg" alt="Product Image"></a><p>NIVEA Coconut and Almond Milk Pampering Body Wash, Moisturizing Body Wash with Nourishing Serum, Plant-Derived Oils, Essential Skin Lipids and Vitamins, 20 Fl Oz Bottle</p><p>$4.99 ($0.25 / Fl Oz)</p><a href="https://www.amazon.com/dp/B082QBPDJC?tag=eloabder-20&linkCode=osi&th=1&psc=1">View Product</a></div>
<div class="product"><a href="https://www.amazon.com/dp/B07N7MWX72?tag=eloabder-20&linkCode=osi&th=1&psc=1"><img src="https://m.media-amazon.com/images/I/414aNTDFuRL._SL500_.jpg" alt="Product Image"></a><p>Mielle Organics Rosemary Mint Strengthening Shampoo Infused with Biotin, Cleanses and Helps Strengthen Weak and Brittle Hair, 12 Ounces</p><p>$9.97 ($0.83 / Fl Oz)</p><a href="https://www.amazon.com/dp/B07N7MWX72?tag=eloabder-20&linkCode=osi&th=1&psc=1">View Product</a></div><div class="product"><a href="https://www.amazon.com/dp/B01N97PCBH?tag=eloabder-20&linkCode=osi&th=1&psc=1"><img src="https://m.media-amazon.com/images/I/41KYNMCTIPL._SL500_.jpg" alt="Product Image"></a><p>Garnier Fructis Pure Clean Purifying Shampoo, Silicone-Free, 12.5 Fl Oz, 1 Count (Packaging May Vary)</p><p>$3.97 ($0.32 / Fl Oz)</p><a href="https://www.amazon.com/dp/B01N97PCBH?tag=eloabder-20&linkCode=osi&th=1&psc=1">View Product</a></div><div class="product"><a href="https://www.amazon.com/dp/B07D37PQGL?tag=eloabder-20&linkCode=osi&th=1&psc=1"><img src="https://m.media-amazon.com/images/I/31+tZhs5TNL._SL500_.jpg" alt="Product Image"></a><p>Olaplex No. 4 Bond Maintenance Shampoo, Repairs, Strengthens, & Nourishes All Hair Types, Adds Shine & Leaves Hair Feeling Soft, 8.5 fl oz</p><p>$30.00 ($3.53 / Fl Oz)</p><a href="https://www.amazon.com/dp/B07D37PQGL?tag=eloabder-20&linkCode=osi&th=1&psc=1">View Product</a></div><div class="product"><a href="https://www.amazon.com/dp/B084LHV2M1?tag=eloabder-20&linkCode=osi&th=1&psc=1"><img src="https://m.media-amazon.com/images/I/4174ry43L0L._SL500_.jpg" alt="Product Image"></a><p>Herbal Essences Hello hydration shampoo shampooing for hair 29.2 FL OZ</p><p>$7.97 ($0.27 / Fl Oz)</p><a href="https://www.amazon.com/dp/B084LHV2M1?tag=eloabder-20&linkCode=osi&th=1&psc=1">View Product</a></div><div class="product"><a href="https://www.amazon.com/dp/B08SSM21R4?tag=eloabder-20&linkCode=osi&th=1&psc=1"><img src="https://m.media-amazon.com/images/I/31WbRm+ZKEL._SL500_.jpg" alt="Product Image"></a><p>Redken All Soft Shampoo | Deeply Moisturizes and Hydrates | Softens, Smooths, and Adds Shine | Safe for Color-Treated Hair | Nourishing Shampoo for Dry Hair | With Argan Oil</p><p>$26.00 ($2.57 / Fl Oz)</p><a href="https://www.amazon.com/dp/B08SSM21R4?tag=eloabder-20&linkCode=osi&th=1&psc=1">View Product</a></div><div class="product"><a href="https://www.amazon.com/dp/B0D4SBLLRJ?tag=eloabder-20&linkCode=osi&th=1&psc=1"><img src="https://m.media-amazon.com/images/I/41uWwx+mKwL._SL500_.jpg" alt="Product Image"></a><p>Olaplex Wash and Shine Kit</p><p>$57.00</p><a href="https://www.amazon.com/dp/B0D4SBLLRJ?tag=eloabder-20&linkCode=osi&th=1&psc=1">View Product</a></div><div class="product"><a href="https://www.amazon.com/dp/B086S4Q7JH?tag=eloabder-20&linkCode=osi&th=1&psc=1"><img src="https://m.media-amazon.com/images/I/51i3YLQncNL._SL500_.jpg" alt="Product Image"></a><p>Herbal Essences Shampoo and Conditioner Set, Vitamin E, Rose Hips and Jojoba Extract, Smooth Collection, Bundle</p><p>$13.81 ($0.24 / Fl Oz)</p><a href="https://www.amazon.com/dp/B086S4Q7JH?tag=eloabder-20&linkCode=osi&th=1&psc=1">View Product</a></div><div class="product"><a href="https://www.amazon.com/dp/B01ENCBOA0?tag=eloabder-20&linkCode=osi&th=1&psc=1"><img src="https://m.media-amazon.com/images/I/41wcbs9bSAL._SL500_.jpg" alt="Product Image"></a><p>Rosemary and Biotin Shampoo for Thinning Hair - Vegan Volumizing Shampoo for Fine Hair with Argan and Tea Tree Oil - Paraben Silicone and Sulfate Free Shampoo for Dry Damaged Weak and Thin Hair Care</p><p>$12.95 ($1.62 / Fl Oz)</p><a href="https://www.amazon.com/dp/B01ENCBOA0?tag=eloabder-20&linkCode=osi&th=1&psc=1">View Product</a></div><div class="product"><a href="https://www.amazon.com/dp/B07NQ69L7P?tag=eloabder-20&linkCode=osi&th=1&psc=1"><img src="https://m.media-amazon.com/images/I/51c83KZZLJL._SL500_.jpg" alt="Product Image"></a><p>Herbal Essences Argan Oil of Morocco Shampoo & Conditioner Set, Repair & Smooth, Kew Endorsed, Fizzy Citrus Scent, Paraben-Free, Safe for Color-Treated Hair, pH-Balanced, 20.2 Fl Oz Each, 2 Pack</p><p>$24.99</p><a href="https://www.amazon.com/dp/B07NQ69L7P?tag=eloabder-20&linkCode=osi&th=1&psc=1">View Product</a></div>
<div class="product"><a href="https://www.amazon.com/dp/B0891BBRHW?tag=eloabder-20&linkCode=osi&th=1&psc=1"><img src="https://m.media-amazon.com/images/I/31ndDwe7VSL._SL500_.jpg" alt="Product Image"></a><p>Pureology Hydrate Moisturizing Conditioner | Softens and Deeply Hydrates Dry Hair | For Medium to Thick Color Treated or Natural Hair | Sulfate Free Conditioner | Vegan</p><p>$37.00 ($4.11 / Fl Oz)</p><a href="https://www.amazon.com/dp/B0891BBRHW?tag=eloabder-20&linkCode=osi&th=1&psc=1">View Product</a></div><div class="product"><a href="https://www.amazon.com/dp/B07D37SBHF?tag=eloabder-20&linkCode=osi&th=1&psc=1"><img src="https://m.media-amazon.com/images/I/31ivDW-ouZL._SL500_.jpg" alt="Product Image"></a><p>Olaplex No. 5 Bond Maintenance Conditioner, Repairs, Strengthens, & Nourishes All Hair Types, Leaving Hair Feeling Soft & Adds Shine, 8.5 fl oz"</p><p>$30.00 ($3.53 / Fl Oz)</p><a href="https://www.amazon.com/dp/B07D37SBHF?tag=eloabder-20&linkCode=osi&th=1&psc=1">View Product</a></div><div class="product"><a href="https://www.amazon.com/dp/B07CLD17F5?tag=eloabder-20&linkCode=osi&th=1&psc=1"><img src="https://m.media-amazon.com/images/I/61hTHQjDOkL._SL500_.jpg" alt="Product Image"></a><p>Dove Ultra Care Conditioner Coconut & Hydration for Dry Hair Conditioner with Coconut Oil, Jojoba Oil & Sweet Almond Oil 25.4 oz</p><p>$7.49 ($0.29 / Fl Oz)</p><a href="https://www.amazon.com/dp/B07CLD17F5?tag=eloabder-20&linkCode=osi&th=1&psc=1">View Product</a></div><div class="product"><a href="https://www.amazon.com/dp/B0752CBW5T?tag=eloabder-20&linkCode=osi&th=1&psc=1"><img src="https://m.media-amazon.com/images/I/31-KMa7LAlS._SL500_.jpg" alt="Product Image"></a><p>L'Oreal Paris Elvive Total Repair 5 Repairing Conditioner for Damaged Hair Conditioner with Protein and Ceramide for Strong Silky Shiny Healthy Renewed Hair 28 Fl Oz</p><p>$8.49 ($0.30 / Fl Oz)</p><a href="https://www.amazon.com/dp/B0752CBW5T?tag=eloabder-20&linkCode=osi&th=1&psc=1">View Product</a></div><div class="product"><a href="https://www.amazon.com/dp/B00L01DEII?tag=eloabder-20&linkCode=osi&th=1&psc=1"><img src="https://m.media-amazon.com/images/I/31EJqWmmSNL._SL500_.jpg" alt="Product Image"></a><p>Biolage Ultra Hydra Source Conditioning Balm | Deep Hydrating Conditioner | Renews Hair's Moisture | For Very Dry Hair | Silicone-Free | Vegan | Salon Conditioner | 33.8 Fl. Oz</p><p>$42.00 ($1.24 / Fl Oz)</p><a href="https://www.amazon.com/dp/B00L01DEII?tag=eloabder-20&linkCode=osi&th=1&psc=1">View Product</a></div><div class="product"><a href="https://www.amazon.com/dp/B08SSCQH77?tag=eloabder-20&linkCode=osi&th=1&psc=1"><img src="https://m.media-amazon.com/images/I/31P8RgJeqwL._SL500_.jpg" alt="Product Image"></a><p>Redken All Soft Conditioner | For Dry / Brittle Hair | Moisturizes & Provides Intense Softness | With Argan Oil | 10.1 Fl Oz</p><p>$26.00 ($2.57 / Fl Oz)</p><a href="https://www.amazon.com/dp/B08SSCQH77?tag=eloabder-20&linkCode=osi&th=1&psc=1">View Product</a></div><div class="product"><a href="https://www.amazon.com/dp/B074VLNPSG?tag=eloabder-20&linkCode=osi&th=1&psc=1"><img src="https://m.media-amazon.com/images/I/319FOowuSkL._SL500_.jpg" alt="Product Image"></a><p>Garnier Fructis Grow Strong Conditioner, 33.8 Fl Oz, 1 Count (Packaging May Vary)</p><p>$8.49 ($0.25 / Fl Oz)</p><a href="https://www.amazon.com/dp/B074VLNPSG?tag=eloabder-20&linkCode=osi&th=1&psc=1">View Product</a></div><div class="product"><a href="https://www.amazon.com/dp/B00JAI4FGI?tag=eloabder-20&linkCode=osi&th=1&psc=1"><img src="https://m.media-amazon.com/images/I/212rXWGPu1L._SL500_.jpg" alt="Product Image"></a><p>Biolage Color Last Conditioner | Helps Protect Hair & Maintain Vibrant Color | For Color-Treated and Natural Hair | Paraben & Silicone-Free | Vegan | Cruelty Free | Color Protecting Salon Conditioner</p><p>$24.00 ($1.78 / Fl Oz)</p><a href="https://www.amazon.com/dp/B00JAI4FGI?tag=eloabder-20&linkCode=osi&th=1&psc=1">View Product</a></div>
<div class="product"><a href="https://www.amazon.com/dp/B00I32AN4K?tag=eloabder-20&linkCode=osi&th=1&psc=1"><img src="https://m.media-amazon.com/images/I/51KpmxinYYL._SL500_.jpg" alt="Product Image"></a><p>Arvazallia Hydrating Argan Oil Hair Mask and Deep Conditioner for Dry or Damaged Hair - 8.45 Oz</p><p>$12.95 ($1.53 / Fl Oz)</p><a href="https://www.amazon.com/dp/B00I32AN4K?tag=eloabder-20&linkCode=osi&th=1&psc=1">View Product</a></div><div class="product"><a href="https://www.amazon.com/dp/B07H3GBSC3?tag=eloabder-20&linkCode=osi&th=1&psc=1"><img src="https://m.media-amazon.com/images/I/41I862UzKRL._SL500_.jpg" alt="Product Image"></a><p>amika soulfood nourishing Mask, 8 Fl oz</p><p>$34.00 ($4.25 / Fl Oz)</p><a href="https://www.amazon.com/dp/B07H3GBSC3?tag=eloabder-20&linkCode=osi&th=1&psc=1">View Product</a></div><div class="product"><a href="https://www.amazon.com/dp/B075L6BL61?tag=eloabder-20&linkCode=osi&th=1&psc=1"><img src="https://m.media-amazon.com/images/I/41zCFV7oGTL._SL500_.jpg" alt="Product Image"></a><p>Karseell Collagen Hair Treatment Deep Repair Conditioning Argan Oil Collagen Hair Mask Essence for Dry Damaged Hair All Hair Types 16.90 oz 500ml</p><p>$23.33 ($1.38 / Fl Oz)</p><a href="https://www.amazon.com/dp/B075L6BL61?tag=eloabder-20&linkCode=osi&th=1&psc=1">View Product</a></div><div class="product"><a href="https://www.amazon.com/dp/B0BQ54DQNM?tag=eloabder-20&linkCode=osi&th=1&psc=1"><img src="https://m.media-amazon.com/images/I/41uhtWPJeuL._SL500_.jpg" alt="Product Image"></a><p>Eva NYC Therapy Session Hair Mask, Deep Conditioning Hair Mask Infused with Argan Oil and Plant Protein, 16.9 fl oz</p><p>$19.00 ($1.12 / Fl Oz)</p><a href="https://www.amazon.com/dp/B0BQ54DQNM?tag=eloabder-20&linkCode=osi&th=1&psc=1">View Product</a></div><div class="product"><a href="https://www.amazon.com/dp/B01I2ZQJSG?tag=eloabder-20&linkCode=osi&th=1&psc=1"><img src="https://m.media-amazon.com/images/I/41ctrFUeQAL._SL500_.jpg" alt="Product Image"></a><p>Elizavecca cer-100 collagen coating hair protein treatment 100ml</p><p>$7.40 ($2.19 / Fl Oz)</p><a href="https://www.amazon.com/dp/B01I2ZQJSG?tag=eloabder-20&linkCode=osi&th=1&psc=1">View Product</a></div><div class="product"><a href="https://www.amazon.com/dp/B07N7NBYSP?tag=eloabder-20&linkCode=osi&th=1&psc=1"><img src="https://m.media-amazon.com/images/I/515lD0OXQ+L._SL500_.jpg" alt="Product Image"></a><p>Mielle Organics Rosemary Mint Strengthening Hair Masque, Essential Oil & Biotin Deep Treatment, Miracle Repair for Dry, Damaged, & Frizzy Hair, 12 Ounces</p><p>$9.97 ($0.83 / Ounce)</p><a href="https://www.amazon.com/dp/B07N7NBYSP?tag=eloabder-20&linkCode=osi&th=1&psc=1">View Product</a></div><div class="product"><a href="https://www.amazon.com/dp/B002N5MKMG?tag=eloabder-20&linkCode=osi&th=1&psc=1"><img src="https://m.media-amazon.com/images/I/41NxqnExYnL._SL500_.jpg" alt="Product Image"></a><p>Moroccanoil Intense Hydrating Mask, 8.5 Fl. Oz.</p><p>$42.00 ($4.94 / Fl Oz)</p><a href="https://www.amazon.com/dp/B002N5MKMG?tag=eloabder-20&linkCode=osi&th=1&psc=1">View Product</a></div><div class="product"><a href="https://www.amazon.com/dp/B07M7PP9KX?tag=eloabder-20&linkCode=osi&th=1&psc=1"><img src="https://m.media-amazon.com/images/I/41Mpv3wIxEL._SL500_.jpg" alt="Product Image"></a><p>Marc Anthony Grow Long Hair Anti-Breakage Mask, 10.4 OZ</p><p>$8.99 ($0.90 / Fl Oz)</p><a href="https://www.amazon.com/dp/B07M7PP9KX?tag=eloabder-20&linkCode=osi&th=1&psc=1">View Product</a></div><div class="product"><a href="https://www.amazon.com/dp/B09HR5KSR8?tag=eloabder-20&linkCode=osi&th=1&psc=1"><img src="https://m.media-amazon.com/images/I/51aIw6AhsXL._SL500_.jpg" alt="Product Image"></a><p>K18 Mini Leave-In Molecular Hair Mask, Repairs Dry or Damaged Hair, Reverse Hair Damage from Bleach, Color, Chemical Services & Heat, 0.51 Fl Oz</p><p>$29.00 ($56.86 / Fl Oz)</p><a href="https://www.amazon.com/dp/B09HR5KSR8?tag=eloabder-20&linkCode=osi&th=1&psc=1">View Product</a></div>
<div class="product"><a href="https://www.amazon.com/dp/B004J1MNII?tag=eloabder-20&linkCode=osi&th=1&psc=1"><img src="https://m.media-amazon.com/images/I/31nFgivW0gL._SL500_.jpg" alt="Product Image"></a><p>Moroccanoil Hydrating Styling Cream, Travel Size, 2.53 Fl Oz</p><p>$16.00 ($6.40 / Fl Oz)</p><a href="https://www.amazon.com/dp/B004J1MNII?tag=eloabder-20&linkCode=osi&th=1&psc=1">View Product</a></div><div class="product"><a href="https://www.amazon.com/dp/B00G187CP6?tag=eloabder-20&linkCode=osi&th=1&psc=1"><img src="https://m.media-amazon.com/images/I/31belqXvyyL._SL500_.jpg" alt="Product Image"></a><p>COLOR WOW One Minute Transformation – Instant frizz fix| Nourishing styling cream smooths, tames + defrizzes on the spot| Avocado oil + Omega 3’s hydrate, repair for silkier, smoother texture</p><p>$24.00</p><a href="https://www.amazon.com/dp/B00G187CP6?tag=eloabder-20&linkCode=osi&th=1&psc=1">View Product</a></div><div class="product"><a href="https://www.amazon.com/dp/B073CWSQ51?tag=eloabder-20&linkCode=osi&th=1&psc=1"><img src="https://m.media-amazon.com/images/I/41lIHxirIkL._SL500_.jpg" alt="Product Image"></a><p>COLOR WOW Dream Coat Supernatural Spray, 6.7 Fl Oz – Keep Your Hair Frizz-Free and Shiny No Matter the Weather with Award-Winning Anti-Humidity Treatment</p><p>$28.00 ($4.18 / Fl Oz)</p><a href="https://www.amazon.com/dp/B073CWSQ51?tag=eloabder-20&linkCode=osi&th=1&psc=1">View Product</a></div><div class="product"><a href="https://www.amazon.com/dp/B075RGHQVF?tag=eloabder-20&linkCode=osi&th=1&psc=1"><img src="https://m.media-amazon.com/images/I/21TgD3HaqbL._SL500_.jpg" alt="Product Image"></a><p>American Crew Men's Fiber Cream, Like Hair Gel with Medium Hold & Natural Shine, 3.3 Fl Oz</p><p>$9.94 ($3.01 / Ounce)</p><a href="https://www.amazon.com/dp/B075RGHQVF?tag=eloabder-20&linkCode=osi&th=1&psc=1">View Product</a></div><div class="product"><a href="https://www.amazon.com/dp/B0BLWTQ7JC?tag=eloabder-20&linkCode=osi&th=1&psc=1"><img src="https://m.media-amazon.com/images/I/31jMkcol7VL._SL500_.jpg" alt="Product Image"></a><p>DAE Cactus Fruit 3-In-1 Styling Cream - Smooth Styles, Prep Shiny Blowouts, Defines Curls (5 oz.)</p><p>$30.00 ($6.00 / Ounce)</p><a href="https://www.amazon.com/dp/B0BLWTQ7JC?tag=eloabder-20&linkCode=osi&th=1&psc=1">View Product</a></div><div class="product"><a href="https://www.amazon.com/dp/B00H3DOSPU?tag=eloabder-20&linkCode=osi&th=1&psc=1"><img src="https://m.media-amazon.com/images/I/317clPmAyiL._SL500_.jpg" alt="Product Image"></a><p>Biolage Styling Gelée | Firm Hold That Adds Body, Shine & Control | For All Hair Types | Paraben-Free | Vegan | 16.9 fl. oz. | 16.9 Fl. Oz</p><p>$24.00 ($1.42 / Fl Oz)</p><a href="https://www.amazon.com/dp/B00H3DOSPU?tag=eloabder-20&linkCode=osi&th=1&psc=1">View Product</a></div><div class="product"><a href="https://www.amazon.com/dp/B08SNSSTPZ?tag=eloabder-20&linkCode=osi&th=1&psc=1"><img src="https://m.media-amazon.com/images/I/31KrkpMat6L._SL500_.jpg" alt="Product Image"></a><p>L3 Level 3 Styling Powder - Natural Look Mens Powder - Easy to Apply with No Oil or Greasy Residue (Small - 30 Grams)</p><p>$9.99 ($9.51 / Fl Oz)</p><a href="https://www.amazon.com/dp/B08SNSSTPZ?tag=eloabder-20&linkCode=osi&th=1&psc=1">View Product</a></div><div class="product"><a href="https://www.amazon.com/dp/B09MZS3D3K?tag=eloabder-20&linkCode=osi&th=1&psc=1"><img src="https://m.media-amazon.com/images/I/31CADZzpR7L._SL500_.jpg" alt="Product Image"></a><p>Marc Anthony Biotin Styling Hair Cream, Instantly Thick - Biotin & Vitamin E Hair Thickening Cream, Lightweight Hold for Thicker & Fuller Hair - Volumizing Hair Product for Thin, Flat Hair</p><p>$8.99 ($1.82 / Ounce)</p><a href="https://www.amazon.com/dp/B09MZS3D3K?tag=eloabder-20&linkCode=osi&th=1&psc=1">View Product</a></div><div class="product"><a href="https://www.amazon.com/dp/B0009OMNQQ?tag=eloabder-20&linkCode=osi&th=1&psc=1"><img src="https://m.media-amazon.com/images/I/21BMUFOie3L._SL500_.jpg" alt="Product Image"></a><p>Paul Mitchell Extra-Body Sculpting Foam, Thickens + Builds Body, For Fine Hair, 6.7 oz.</p><p>$16.50 ($2.46 / Fl Oz)</p><a href="https://www.amazon.com/dp/B0009OMNQQ?tag=eloabder-20&linkCode=osi&th=1&psc=1">View Product</a></div>
<div class="product"><a href="https://www.amazon.com/dp/B09LXMXSMN?tag=eloabder-20&linkCode=osi&th=1&psc=1"><img src="https://m.media-amazon.com/images/I/51Sly6w-y7L._SL500_.jpg" alt="Product Image"></a><p>Revlon ColorSilk Beautiful Color Permanent Hair Color, Long-Lasting High-Definition Color, Shine & Silky Softness with 100% Gray Coverage, Ammonia Free, 41 Medium Brown, 3 Pack</p><p>$11.91 ($0.90 / Fl Oz)</p><a href="https://www.amazon.com/dp/B09LXMXSMN?tag=eloabder-20&linkCode=osi&th=1&psc=1">View Product</a></div><div class="product"><a href="https://www.amazon.com/dp/B004INIW1Y?tag=eloabder-20&linkCode=osi&th=1&psc=1"><img src="https://m.media-amazon.com/images/I/51QXVxOgEkL._SL500_.jpg" alt="Product Image"></a><p>L'Oreal Paris Excellence Creme Permanent Hair Color, 4 Dark Brown, 100 percent Gray Coverage Hair Dye, Pack of 1</p><p>$10.97</p><a href="https://www.amazon.com/dp/B004INIW1Y?tag=eloabder-20&linkCode=osi&th=1&psc=1">View Product</a></div><div class="product"><a href="https://www.amazon.com/dp/B00TUM6QUC?tag=eloabder-20&linkCode=osi&th=1&psc=1"><img src="https://m.media-amazon.com/images/I/511vRRkzayL._SL500_.jpg" alt="Product Image"></a><p>Schwarzkopf Keratin Color Permanent Hair Color, 6.0 Delicate Praline, 1 Application - Salon Inspired Permanent Hair Dye, for up to 80% Less Breakage vs Untreated Hair and up to 100% Gray Coverage</p><p>$11.97</p><a href="https://www.amazon.com/dp/B00TUM6QUC?tag=eloabder-20&linkCode=osi&th=1&psc=1">View Product</a></div><div class="product"><a href="https://www.amazon.com/dp/B00006JN4M?tag=eloabder-20&linkCode=osi&th=1&psc=1"><img src="https://m.media-amazon.com/images/I/41YBT6aEgWL._SL500_.jpg" alt="Product Image"></a><p>L'Oreal Paris Superior Preference Fade-Defying + Shine Permanent Hair Color, 6 Light Brown, Pack of 1, Hair Dye</p><p>$11.97</p><a href="https://www.amazon.com/dp/B00006JN4M?tag=eloabder-20&linkCode=osi&th=1&psc=1">View Product</a></div><div class="product"><a href="https://www.amazon.com/dp/B07HXH48TF?tag=eloabder-20&linkCode=osi&th=1&psc=1"><img src="https://m.media-amazon.com/images/I/51VP1hHWq9L._SL500_.jpg" alt="Product Image"></a><p>Garnier Hair Color Nutrisse Nourishing Creme, 50 Medium Natural Brown (Truffle) Permanent Hair Dye, 2 Count (Packaging May Vary)</p><p>$16.98 ($8.49 / Count)</p><a href="https://www.amazon.com/dp/B07HXH48TF?tag=eloabder-20&linkCode=osi&th=1&psc=1">View Product</a></div><div class="product"><a href="https://www.amazon.com/dp/B001UMV18M?tag=eloabder-20&linkCode=osi&th=1&psc=1"><img src="https://m.media-amazon.com/images/I/51h21IlxAhL._SL500_.jpg" alt="Product Image"></a><p>Garnier Hair Color Nutrisse Nourishing Creme, 415 Soft Mahogany Brown (Raspberry Truffle) Permanent Hair Dye, 1 Count (Packaging May Vary)</p><p>$8.47</p><a href="https://www.amazon.com/dp/B001UMV18M?tag=eloabder-20&linkCode=osi&th=1&psc=1">View Product</a></div><div class="product"><a href="https://www.amazon.com/dp/B0B3KWJ242?tag=eloabder-20&linkCode=osi&th=1&psc=1"><img src="https://m.media-amazon.com/images/I/41fqsQmb0VL._SL500_.jpg" alt="Product Image"></a><p>COLORCHARM Demi Permanent Hair Color, 3N Medium Neutral Brown 2 oz</p><p>$9.99 ($5.00 / Fl Oz)</p><a href="https://www.amazon.com/dp/B0B3KWJ242?tag=eloabder-20&linkCode=osi&th=1&psc=1">View Product</a></div>
<div class="product"><a href="https://www.amazon.com/dp/B01ACPW1SG?tag=eloabder-20&linkCode=osi&th=1&psc=1"><img src="https://m.media-amazon.com/images/I/41aIRzbHxNL._SL500_.jpg" alt="Product Image"></a><p>CoverGirl & Olay Simply Ageless 3-in-1 Liquid Foundation, Matte Finish, Hyaluronic & Vitamin C Formula, Cruelty Free, Classic Ivory, 1 Count</p><p>$10.49</p><a href="https://www.amazon.com/dp/B01ACPW1SG?tag=eloabder-20&linkCode=osi&th=1&psc=1">View Product</a></div><div class="product"><a href="https://www.amazon.com/dp/B07MWSP8SG?tag=eloabder-20&linkCode=osi&th=1&psc=1"><img src="https://m.media-amazon.com/images/I/31B37fmqI7L._SL500_.jpg" alt="Product Image"></a><p>e.l.f. Flawless Finish Foundation, Improves Uneven Skin Tone, Lightweight, Medium Coverage & Semi-Matte, Vegan & Cruelty-Free, Beige 0.67 Fl Oz</p><p>$6.00</p><a href="https://www.amazon.com/dp/B07MWSP8SG?tag=eloabder-20&linkCode=osi&th=1&psc=1">View Product</a></div><div class="product"><a href="https://www.amazon.com/dp/B00PFCSUNC?tag=eloabder-20&linkCode=osi&th=1&psc=1"><img src="https://m.media-amazon.com/images/I/41FK6ukLnvL._SL500_.jpg" alt="Product Image"></a><p>Maybelline Fit Me Matte + Poreless Liquid Oil-Free Foundation Makeup, Natural Ivory, 1 Count (Packaging May Vary)</p><p>$7.10</p><a href="https://www.amazon.com/dp/B00PFCSUNC?tag=eloabder-20&linkCode=osi&th=1&psc=1">View Product</a></div><div class="product"><a href="https://www.amazon.com/dp/B0BCGZMTSY?tag=eloabder-20&linkCode=osi&th=1&psc=1"><img src="https://m.media-amazon.com/images/I/31Qa6QbmaiL._SL500_.jpg" alt="Product Image"></a><p>L'Oreal Paris True Match Super-Blendable Foundation, Medium Coverage Liquid Foundation Makeup, N3, Light Medium, 1 Fl Oz</p><p>$9.97</p><a href="https://www.amazon.com/dp/B0BCGZMTSY?tag=eloabder-20&linkCode=osi&th=1&psc=1">View Product</a></div><div class="product"><a href="https://www.amazon.com/dp/B000IEMGGE?tag=eloabder-20&linkCode=osi&th=1&psc=1"><img src="https://m.media-amazon.com/images/I/41RtSkNmHSL._SL500_.jpg" alt="Product Image"></a><p>LAURA GELLER NEW YORK Award-Winning Baked Balance-n-Brighten Color Correcting Powder Foundation - Fair - Buildable Light to Medium Coverage - Demi-Matte Natural Finish</p><p>$22.13</p><a href="https://www.amazon.com/dp/B000IEMGGE?tag=eloabder-20&linkCode=osi&th=1&psc=1">View Product</a></div><div class="product"><a href="https://www.amazon.com/dp/B01LMMZY6O?tag=eloabder-20&linkCode=osi&th=1&psc=1"><img src="https://m.media-amazon.com/images/I/41WWjJXCsFL._SL500_.jpg" alt="Product Image"></a><p>IT Cosmetics Your Skin But Better CC+ Cream, Medium (W) - Color Correcting Cream, Full-Coverage Foundation, Hydrating Serum & SPF 50+ Sunscreen - Natural Finish - 1.08 fl oz</p><p>$47.00 ($43.52 / Fl Oz)</p><a href="https://www.amazon.com/dp/B01LMMZY6O?tag=eloabder-20&linkCode=osi&th=1&psc=1">View Product</a></div><div class="product"><a href="https://www.amazon.com/dp/B07CVFY5PQ?tag=eloabder-20&linkCode=osi&th=1&psc=1"><img src="https://m.media-amazon.com/images/I/416VSGy4SKL._SL500_.jpg" alt="Product Image"></a><p>MagicMinerals AirBrush Foundation by Jerome Alexander – 2pc Set with Airbrush Foundation and Kabuki Brush - Spray Makeup with Anti-aging Ingredients for Smooth Radiant Skin - Medium</p><p>$19.99 ($11.11 / Fl Oz)</p><a href="https://www.amazon.com/dp/B07CVFY5PQ?tag=eloabder-20&linkCode=osi&th=1&psc=1">View Product</a></div><div class="product"><a href="https://www.amazon.com/dp/B0039UTUZE?tag=eloabder-20&linkCode=osi&th=1&psc=1"><img src="https://m.media-amazon.com/images/I/41eXDpZ835L._SL500_.jpg" alt="Product Image"></a><p>Revlon Liquid Foundation, ColorStay Face Makeup for Combination & Oily Skin, SPF 15, Medium-Full Coverage with Matte Finish, Natural Beige ((220), 1.0 oz</p><p>$9.70</p><a href="https://www.amazon.com/dp/B0039UTUZE?tag=eloabder-20&linkCode=osi&th=1&psc=1">View Product</a></div><div class="product"><a href="https://www.amazon.com/dp/B00I52QPAE?tag=eloabder-20&linkCode=osi&th=1&psc=1"><img src="https://m.media-amazon.com/images/I/317EDqzSg+L._SL500_.jpg" alt="Product Image"></a><p>Revlon Liquid Foundation, Age Defying 3XFace Makeup, Anti-Aging and Firming Formula, SPF 30, Longwear Medium Buildable Coverage with Natural Finish, 035 Natural Beige, 1 Fl Oz</p><p>$13.48</p><a href="https://www.amazon.com/dp/B00I52QPAE?tag=eloabder-20&linkCode=osi&th=1&psc=1">View Product</a></div><div class="product"><a href="https://www.amazon.com/dp/B07H621Q3H?tag=eloabder-20&linkCode=osi&th=1&psc=1"><img src="https://m.media-amazon.com/images/I/31JtVpLZ4FL._SL500_.jpg" alt="Product Image"></a><p>L'Oreal Paris Makeup Infallible Up to 32 Hour Fresh Wear Lightweight Foundation, 420 True Beige, 1 Fl Oz, Packaging May Vary</p><p>$11.98</p><a href="https://www.amazon.com/dp/B07H621Q3H?tag=eloabder-20&linkCode=osi&th=1&psc=1">View Product</a></div>
<div class="product"><a href="https://www.amazon.com/dp/B07Q9V4KMJ?tag=eloabder-20&linkCode=osi&th=1&psc=1"><img src="https://m.media-amazon.com/images/I/31pro1JWTCL._SL500_.jpg" alt="Product Image"></a><p>Maybelline Instant Age Rewind Eraser Dark Circles Treatment Multi-Use Concealer, 115, 1 Count (Packaging May Vary)</p><p>$8.42</p><a href="https://www.amazon.com/dp/B07Q9V4KMJ?tag=eloabder-20&linkCode=osi&th=1&psc=1">View Product</a></div><div class="product"><a href="https://www.amazon.com/dp/B07ZR14WBZ?tag=eloabder-20&linkCode=osi&th=1&psc=1"><img src="https://m.media-amazon.com/images/I/313ljymBVaL._SL500_.jpg" alt="Product Image"></a><p>e.l.f. Hydrating Camo Concealer, Lightweight, Full Coverage, Long Lasting, Conceals, Corrects, Covers, Hydrates, Highlights, Light Sand, Satin Finish, 25 Shades, All-Day Wear, 0.20 Fl Oz</p><p>$7.00</p><a href="https://www.amazon.com/dp/B07ZR14WBZ?tag=eloabder-20&linkCode=osi&th=1&psc=1">View Product</a></div><div class="product"><a href="https://www.amazon.com/dp/B0046VJV36?tag=eloabder-20&linkCode=osi&th=1&psc=1"><img src="https://m.media-amazon.com/images/I/31-ZFCLgLcL._SL500_.jpg" alt="Product Image"></a><p>Maybelline New York Fit Me Liquid Concealer Makeup, Natural Coverage, Lightweight, Conceals, Covers Oil-Free, Fair, 1 Count (Packaging May Vary)</p><p>$6.31</p><a href="https://www.amazon.com/dp/B0046VJV36?tag=eloabder-20&linkCode=osi&th=1&psc=1">View Product</a></div><div class="product"><a href="https://www.amazon.com/dp/B07ZR1CQHS?tag=eloabder-20&linkCode=osi&th=1&psc=1"><img src="https://m.media-amazon.com/images/I/31s0zWRX+4L._SL500_.jpg" alt="Product Image"></a><p>e.l.f. 16HR Camo Concealer, Full Coverage, Highly Pigmented Concealer With Matte Finish, Crease-proof, Vegan & Cruelty-Free, Light Ivory, 0.203 Fl Oz</p><p>$7.00</p><a href="https://www.amazon.com/dp/B07ZR1CQHS?tag=eloabder-20&linkCode=osi&th=1&psc=1">View Product</a></div><div class="product"><a href="https://www.amazon.com/dp/B009WI05BU?tag=eloabder-20&linkCode=osi&th=1&psc=1"><img src="https://m.media-amazon.com/images/I/312BFbzGKlL._SL500_.jpg" alt="Product Image"></a><p>L.A. Girl Pro Concealer, Fawn, 0.28 Oz (LAX-GC983-A)</p><p>$4.99</p><a href="https://www.amazon.com/dp/B009WI05BU?tag=eloabder-20&linkCode=osi&th=1&psc=1">View Product</a></div><div class="product"><a href="https://www.amazon.com/dp/B0814SLHQH?tag=eloabder-20&linkCode=osi&th=1&psc=1"><img src="https://m.media-amazon.com/images/I/312GW4aGnRL._SL500_.jpg" alt="Product Image"></a><p>Neutrogena Healthy Skin Radiant Brightening Cream Concealer with Peptides & Vitamin E Antioxidant,Lightweight Perfecting Concealer,Non-Comedogenic,Bisque Light/Medium 02 neutral undertones,0.24 oz</p><p>$5.62</p><a href="https://www.amazon.com/dp/B0814SLHQH?tag=eloabder-20&linkCode=osi&th=1&psc=1">View Product</a></div><div class="product"><a href="https://www.amazon.com/dp/B06XQWS1N9?tag=eloabder-20&linkCode=osi&th=1&psc=1"><img src="https://m.media-amazon.com/images/I/31rKumTg1GL._SL500_.jpg" alt="Product Image"></a><p>COVERGIRL Smoothers Concealer, Medium 715, 0.14 ounce (packaging may vary)</p><p>$7.28</p><a href="https://www.amazon.com/dp/B06XQWS1N9?tag=eloabder-20&linkCode=osi&th=1&psc=1">View Product</a></div><div class="product"><a href="https://www.amazon.com/dp/B07GWH2GDP?tag=eloabder-20&linkCode=osi&th=1&psc=1"><img src="https://m.media-amazon.com/images/I/41U+lbOEtuL._SL500_.jpg" alt="Product Image"></a><p>IT Cosmetics Bye Bye Under Eye Full Coverage Concealer - for Dark Circles, Fine Lines, Redness & Discoloration – Waterproof - Anti-Aging - Natural Finish – 0.4 fl oz</p><p>$17.40 ($43.50 / Fl Oz)</p><a href="https://www.amazon.com/dp/B07GWH2GDP?tag=eloabder-20&linkCode=osi&th=1&psc=1">View Product</a></div><div class="product"><a href="https://www.amazon.com/dp/B07H67H5LH?tag=eloabder-20&linkCode=osi&th=1&psc=1"><img src="https://m.media-amazon.com/images/I/31bWoYCj-nL._SL500_.jpg" alt="Product Image"></a><p>L'Oreal Paris Makeup Infallible Full Wear Waterproof Matte Concealer, Full Coverage, Ivory, 0.33 fl. oz.</p><p>$10.82</p><a href="https://www.amazon.com/dp/B07H67H5LH?tag=eloabder-20&linkCode=osi&th=1&psc=1">View Product</a></div><div class="product"><a href="https://www.amazon.com/dp/B0B51NLJWQ?tag=eloabder-20&linkCode=osi&th=1&psc=1"><img src="https://m.media-amazon.com/images/I/31GXqccxM0L._SL500_.jpg" alt="Product Image"></a><p>Fièra Luxury Concealer with Anti-Aging - All Day Coverage for Dark Circles, Fine Lines, Wrinkles & Spots - Neutral Beige, 0.5 Ounce</p><p>$27.00</p><a href="https://www.amazon.com/dp/B0B51NLJWQ?tag=eloabder-20&linkCode=osi&th=1&psc=1">View Product</a></div>
<div class="product"><a href="https://www.amazon.com/dp/B092JQ23N5?tag=eloabder-20&linkCode=osi&th=1&psc=1"><img src="https://m.media-amazon.com/images/I/51OUufwItlL._SL500_.jpg" alt="Product Image"></a><p>URBAN DECAY 24/7 Longwear Eyeshadow Single (Sin - Champagne Shimmer), High-Pigment Eye Shadow Compact, Smooth & Blendable Colors, Crease-free, Vegan - 0.06 oz</p><p>$22.00</p><a href="https://www.amazon.com/dp/B092JQ23N5?tag=eloabder-20&linkCode=osi&th=1&psc=1">View Product</a></div><div class="product"><a href="https://www.amazon.com/dp/B01IW02HX2?tag=eloabder-20&linkCode=osi&th=1&psc=1"><img src="https://m.media-amazon.com/images/I/510F-WOAL4L._SL500_.jpg" alt="Product Image"></a><p>NYX PROFESSIONAL MAKEUP Ultimate Shadow Palette, Eyeshadow Palette - Warm Neutrals</p><p>$12.40</p><a href="https://www.amazon.com/dp/B01IW02HX2?tag=eloabder-20&linkCode=osi&th=1&psc=1">View Product</a></div><div class="product"><a href="https://www.amazon.com/dp/B085WR3YDT?tag=eloabder-20&linkCode=osi&th=1&psc=1"><img src="https://m.media-amazon.com/images/I/41cuO8PyoTL._SL500_.jpg" alt="Product Image"></a><p>wet n wild Color Icon Cream Eyeshadow Multi-Stick, Moisturizing, Nourishing Velvety Cream-to-Powder Buildable & Blendable Formula, Cruelty-Free & Vegan - Champagne Room</p><p>$3.28</p><a href="https://www.amazon.com/dp/B085WR3YDT?tag=eloabder-20&linkCode=osi&th=1&psc=1">View Product</a></div><div class="product"><a href="https://www.amazon.com/dp/B00L5SMFJU?tag=eloabder-20&linkCode=osi&th=1&psc=1"><img src="https://m.media-amazon.com/images/I/41-WaM3A3tL._SL500_.jpg" alt="Product Image"></a><p>Covergirl Eye Enhancers Eye Shadow Palette, Natural Nudes, 0.19 Ounce</p><p>$4.97</p><a href="https://www.amazon.com/dp/B00L5SMFJU?tag=eloabder-20&linkCode=osi&th=1&psc=1">View Product</a></div><div class="product"><a href="https://www.amazon.com/dp/B01LW1983J?tag=eloabder-20&linkCode=osi&th=1&psc=1"><img src="https://m.media-amazon.com/images/I/51EsPf59XBL._SL500_.jpg" alt="Product Image"></a><p>Julep Eyeshadow 101 Crème to Powder Waterproof Eyeshadow Stick, Champagne Shimmer</p><p>$18.00</p><a href="https://www.amazon.com/dp/B01LW1983J?tag=eloabder-20&linkCode=osi&th=1&psc=1">View Product</a></div><div class="product"><a href="https://www.amazon.com/dp/B00UKP1M2K?tag=eloabder-20&linkCode=osi&th=1&psc=1"><img src="https://m.media-amazon.com/images/I/41hSsvPHKxL._SL500_.jpg" alt="Product Image"></a><p>Maybelline The Blushed Nudes Eyeshadow Palette Makeup, 12 Pigmented Matte & Shimmer Shades, Blendable Powder, 1 Count</p><p>$9.32</p><a href="https://www.amazon.com/dp/B00UKP1M2K?tag=eloabder-20&linkCode=osi&th=1&psc=1">View Product</a></div><div class="product"><a href="https://www.amazon.com/dp/B073ZBGLJF?tag=eloabder-20&linkCode=osi&th=1&psc=1"><img src="https://m.media-amazon.com/images/I/41go9Ug8AOL._SL500_.jpg" alt="Product Image"></a><p>BestLand 2 Pack 12 Colors Makeup Nude Colors Eyeshadow Palette Natural Nude Matte Shimmer Glitter Pigment Eye Shadow Pallete Set Waterproof Smokey Professional Beauty Makeup Kit (2 PCS)</p><p>$9.99</p><a href="https://www.amazon.com/dp/B073ZBGLJF?tag=eloabder-20&linkCode=osi&th=1&psc=1">View Product</a></div><div class="product"><a href="https://www.amazon.com/dp/B08RS6WNX7?tag=eloabder-20&linkCode=osi&th=1&psc=1"><img src="https://m.media-amazon.com/images/I/51qCii788PL._SL500_.jpg" alt="Product Image"></a><p>wet n wild Color Icon 5-Pan Palette Brown Walking On Eggshells</p><p>$3.19</p><a href="https://www.amazon.com/dp/B08RS6WNX7?tag=eloabder-20&linkCode=osi&th=1&psc=1">View Product</a></div><div class="product"><a href="https://www.amazon.com/dp/B0CV5ZTFCR?tag=eloabder-20&linkCode=osi&th=1&psc=1"><img src="https://m.media-amazon.com/images/I/21inptU-eJL._SL500_.jpg" alt="Product Image"></a><p>Covergirl Clean Eye Color, French Violet, Eyeshadow Sticks, Ultra Creamy Formula, Lightweight, Buildable Formula, Lasts All Day, Smudge-Proof, 0.05oz</p><p>$8.98</p><a href="https://www.amazon.com/dp/B0CV5ZTFCR?tag=eloabder-20&linkCode=osi&th=1&psc=1">View Product</a></div><div class="product"><a href="https://www.amazon.com/dp/B0CXF99TNQ?tag=eloabder-20&linkCode=osi&th=1&psc=1"><img src="https://m.media-amazon.com/images/I/31kCYsLvwwL._SL500_.jpg" alt="Product Image"></a><p>L'Oreal Paris Makeup Paradise Le Shadow Stick Eyeshadow, Blendable, Smudge-Resistant, Cream Eyeshadow, 120 Magnetic Mauve (Shimmering Lavender Mauve), 0.05 Oz</p><p>$9.98</p><a href="https://www.amazon.com/dp/B0CXF99TNQ?tag=eloabder-20&linkCode=osi&th=1&psc=1">View Product</a></div>
<div class="product"><a href="https://www.amazon.com/dp/B0BG7MWNNN?tag=eloabder-20&linkCode=osi&th=1&psc=1"><img src="https://m.media-amazon.com/images/I/41E8W4N+FkL._SL500_.jpg" alt="Product Image"></a><p>Prime Prometics PrimeLash Mascara for Older Women – Volumizing, Incredible Length in 2 Coats – Long-Stay, Zero Clumps, Hypoallergenic (Brown)</p><p>$28.00</p><a href="https://www.amazon.com/dp/B0BG7MWNNN?tag=eloabder-20&linkCode=osi&th=1&psc=1">View Product</a></div><div class="product"><a href="https://www.amazon.com/dp/B00T0C9XRK?tag=eloabder-20&linkCode=osi&th=1&psc=1"><img src="https://m.media-amazon.com/images/I/41IP2ZEXFNL._SL500_.jpg" alt="Product Image"></a><p>essence | Lash Princess False Lash Effect Mascara | Volumizing & Lengthening | Cruelty Free & Paraben Free</p><p>$4.99 ($12.17 / Fl Oz )</p><a href="https://www.amazon.com/dp/B00T0C9XRK?tag=eloabder-20&linkCode=osi&th=1&psc=1">View Product</a></div><div class="product"><a href="https://www.amazon.com/dp/B01DPA6OHO?tag=eloabder-20&linkCode=osi&th=1&psc=1"><img src="https://m.media-amazon.com/images/I/31xGLWu4IKL._SL500_.jpg" alt="Product Image"></a><p>L'Oreal Paris Makeup Voluminous Lash Boosting Conditioning Primer Mascara, White Primer, 0.24 fl; oz.</p><p>$8.98</p><a href="https://www.amazon.com/dp/B01DPA6OHO?tag=eloabder-20&linkCode=osi&th=1&psc=1">View Product</a></div><div class="product"><a href="https://www.amazon.com/dp/B004BD107O?tag=eloabder-20&linkCode=osi&th=1&psc=1"><img src="https://m.media-amazon.com/images/I/31OWqsdljyL._SL500_.jpg" alt="Product Image"></a><p>L'Oreal Paris Makeup Telescopic Original Lengthening Mascara, Blackest Black, 0.27 Fl Oz (1 Count)</p><p>$10.99</p><a href="https://www.amazon.com/dp/B004BD107O?tag=eloabder-20&linkCode=osi&th=1&psc=1">View Product</a></div><div class="product"><a href="https://www.amazon.com/dp/B06XF2TR11?tag=eloabder-20&linkCode=osi&th=1&psc=1"><img src="https://m.media-amazon.com/images/I/31B6RR270IL._SL500_.jpg" alt="Product Image"></a><p>L'Oreal Paris Voluminous Makeup Lash Paradise Mascara, Voluptuous Volume, Intense Length, Feathery Soft Full Lashes, No Flaking, No Smudging, No Clumping, Blackest Black, 1 Count</p><p>$9.97</p><a href="https://www.amazon.com/dp/B06XF2TR11?tag=eloabder-20&linkCode=osi&th=1&psc=1">View Product</a></div><div class="product"><a href="https://www.amazon.com/dp/B00PFCT2R0?tag=eloabder-20&linkCode=osi&th=1&psc=1"><img src="https://m.media-amazon.com/images/I/31RyE6ZtDIL._SL500_.jpg" alt="Product Image"></a><p>Maybelline Lash Sensational Washable Mascara, Lengthening and Volumizing for a Full Fan Effect, Blackest Black, 1 Count</p><p>$9.09</p><a href="https://www.amazon.com/dp/B00PFCT2R0?tag=eloabder-20&linkCode=osi&th=1&psc=1">View Product</a></div><div class="product"><a href="https://www.amazon.com/dp/B08TPCHYLW?tag=eloabder-20&linkCode=osi&th=1&psc=1"><img src="https://m.media-amazon.com/images/I/31EWIaihEwL._SL500_.jpg" alt="Product Image"></a><p>Lancôme Lash Idôle Lash-Lifting & Volumizing Mascara - Black Mascara for Instant Volume, Length & Lift - Smudge Proof & Up To 24H Wear - Black</p><p>$30.00 ($111.11 / Fl Oz)</p><a href="https://www.amazon.com/dp/B08TPCHYLW?tag=eloabder-20&linkCode=osi&th=1&psc=1">View Product</a></div><div class="product"><a href="https://www.amazon.com/dp/B08M96YZN1?tag=eloabder-20&linkCode=osi&th=1&psc=1"><img src="https://m.media-amazon.com/images/I/31ByMmFi-qL._SL500_.jpg" alt="Product Image"></a><p>CoverGirl Lash Blast Clean Volume Mascara, Vegan Formula, Volumizing, Smudge-Proof, Cruelty Free, Very Black, 1 Count</p><p>$9.37</p><a href="https://www.amazon.com/dp/B08M96YZN1?tag=eloabder-20&linkCode=osi&th=1&psc=1">View Product</a></div>
<div class="product"><a href="https://www.amazon.com/dp/B0C9TXLWLY?tag=eloabder-20&linkCode=osi&th=1&psc=1"><img src="https://m.media-amazon.com/images/I/31-5KVw5KDL._SL500_.jpg" alt="Product Image"></a><p>PRIME PROMETICS PrimeEyes Glide Eyeliner for Mature Women – Water-Resistant, Long-Stay and Mess-Proof – Gel Cream Texture, Discreet Sharpener and Effective Smudger (Black)</p><p>$28.00 ($28.00 / Count)</p><a href="https://www.amazon.com/dp/B0C9TXLWLY?tag=eloabder-20&linkCode=osi&th=1&psc=1">View Product</a></div><div class="product"><a href="https://www.amazon.com/dp/B07MWSXPT1?tag=eloabder-20&linkCode=osi&th=1&psc=1"><img src="https://m.media-amazon.com/images/I/315xthaPi6L._SL500_.jpg" alt="Product Image"></a><p>e.l.f. No Budge Retractable Eyeliner, Creamy, Ultra-Pigmented & Waterproof, Creates Bold & Defined Lines, Vegan & Cruelty-Free, Black 0.006 Oz</p><p>$4.00</p><a href="https://www.amazon.com/dp/B07MWSXPT1?tag=eloabder-20&linkCode=osi&th=1&psc=1">View Product</a></div><div class="product"><a href="https://www.amazon.com/dp/B074Y8LM6T?tag=eloabder-20&linkCode=osi&th=1&psc=1"><img src="https://m.media-amazon.com/images/I/316blXt1KxL._SL500_.jpg" alt="Product Image"></a><p>NYX PROFESSIONAL MAKEUP Epic Ink Liner, Waterproof Liquid Eyeliner - Black, Vegan Formula</p><p>$8.06</p><a href="https://www.amazon.com/dp/B074Y8LM6T?tag=eloabder-20&linkCode=osi&th=1&psc=1">View Product</a></div><div class="product"><a href="https://www.amazon.com/dp/B01J1A3TFW?tag=eloabder-20&linkCode=osi&th=1&psc=1"><img src="https://m.media-amazon.com/images/I/51z42sdOArL._SL500_.jpg" alt="Product Image"></a><p>Revlon Pencil Eyeliner, ColorStay Eye Makeup with Built-in Sharpener, Waterproof, Smudge-proof, Longwearing with Ultra-Fine Tip, 201 Black, 2 count (Pack of 1)</p><p>$11.38</p><a href="https://www.amazon.com/dp/B01J1A3TFW?tag=eloabder-20&linkCode=osi&th=1&psc=1">View Product</a></div><div class="product"><a href="https://www.amazon.com/dp/B07W8JJ61X?tag=eloabder-20&linkCode=osi&th=1&psc=1"><img src="https://m.media-amazon.com/images/I/31wj5vRROwL._SL500_.jpg" alt="Product Image"></a><p>Maybelline Hyper Easy Liquid Pen No-Skip Eyeliner, Satin Finish, Waterproof Formula, Pitch Black, 0.018 Fl Oz</p><p>$8.38</p><a href="https://www.amazon.com/dp/B07W8JJ61X?tag=eloabder-20&linkCode=osi&th=1&psc=1">View Product</a></div><div class="product"><a href="https://www.amazon.com/dp/B005G9E9FW?tag=eloabder-20&linkCode=osi&th=1&psc=1"><img src="https://m.media-amazon.com/images/I/51poZdEojrL._SL500_.jpg" alt="Product Image"></a><p>NYX PROFESSIONAL MAKEUP Vivid Rich Mechanical Eye Pencil, Vivid Rich Mechanical, Creamy Retractable Eyeliner - Smokin Topaz, Brown Eyeliner</p><p>$6.00</p><a href="https://www.amazon.com/dp/B005G9E9FW?tag=eloabder-20&linkCode=osi&th=1&psc=1">View Product</a></div><div class="product"><a href="https://www.amazon.com/dp/B07NX61ZHN?tag=eloabder-20&linkCode=osi&th=1&psc=1"><img src="https://m.media-amazon.com/images/I/31kQNTwJazL._SL500_.jpg" alt="Product Image"></a><p>Rimmel London exaggerate auto waterproof eye definer in blackest black, 2 Count</p><p>$6.97</p><a href="https://www.amazon.com/dp/B07NX61ZHN?tag=eloabder-20&linkCode=osi&th=1&psc=1">View Product</a></div><div class="product"><a href="https://www.amazon.com/dp/B0BQWT8R9K?tag=eloabder-20&linkCode=osi&th=1&psc=1"><img src="https://m.media-amazon.com/images/I/31F1asQuosL._SL500_.jpg" alt="Product Image"></a><p>wet n wild Breakup Proof Liquid Eyeliner - Ultra-Fine Brush, Waterproof, Long-Lasting - Cruelty-Free & Vegan - Ultra Black</p><p>$4.04</p><a href="https://www.amazon.com/dp/B0BQWT8R9K?tag=eloabder-20&linkCode=osi&th=1&psc=1">View Product</a></div><div class="product"><a href="https://www.amazon.com/dp/B082YPRCMM?tag=eloabder-20&linkCode=osi&th=1&psc=1"><img src="https://m.media-amazon.com/images/I/317ubI9GTBL._SL500_.jpg" alt="Product Image"></a><p>wet n wild Mega Last Breakup Proof Eyeliner, Quick Drying, Waterproof, 16-Hour Wear - Cruelty-Free & Vegan - Blackest Black</p><p>$2.28</p><a href="https://www.amazon.com/dp/B082YPRCMM?tag=eloabder-20&linkCode=osi&th=1&psc=1">View Product</a></div><div class="product"><a href="https://www.amazon.com/dp/B07GX832KD?tag=eloabder-20&linkCode=osi&th=1&psc=1"><img src="https://m.media-amazon.com/images/I/315wR2F58-L._SL500_.jpg" alt="Product Image"></a><p>Maybelline TattooStudio Long-Lasting Sharpenable Eyeliner Pencil, Glide on Smooth Gel Pigments with 36 Hour Wear, Waterproof, Deep Onyx, 1 Count</p><p>$6.66</p><a href="https://www.amazon.com/dp/B07GX832KD?tag=eloabder-20&linkCode=osi&th=1&psc=1">View Product</a></div>
<div class="product"><a href="https://www.amazon.com/dp/B09T8DQ1SG?tag=eloabder-20&linkCode=osi&th=1&psc=1"><img src="https://m.media-amazon.com/images/I/41gpuwrIhOL._SL500_.jpg" alt="Product Image"></a><p>Maybelline Super Stay Vinyl Ink Longwear No-Budge Liquid Lipcolor Makeup, Highly Pigmented Color and Instant Shine, Royal, Deep Wine Red Lipstick, 0.14 fl oz, 1 Count</p><p>$9.82</p><a href="https://www.amazon.com/dp/B09T8DQ1SG?tag=eloabder-20&linkCode=osi&th=1&psc=1">View Product</a></div><div class="product"><a href="https://www.amazon.com/dp/B004BCTEF0?tag=eloabder-20&linkCode=osi&th=1&psc=1"><img src="https://m.media-amazon.com/images/I/31G9f-P8tML._SL500_.jpg" alt="Product Image"></a><p>L’Oréal Paris Colour Riche Original Creamy, Hydrating Satin Lipstick with Argan Oil and Vitamin E, Saucy Mauve , 1 Count</p><p>$6.71</p><a href="https://www.amazon.com/dp/B004BCTEF0?tag=eloabder-20&linkCode=osi&th=1&psc=1">View Product</a></div><div class="product"><a href="https://www.amazon.com/dp/B08H4FSGDX?tag=eloabder-20&linkCode=osi&th=1&psc=1"><img src="https://m.media-amazon.com/images/I/31OAiyoloML._SL500_.jpg" alt="Product Image"></a><p>Maybelline Super Stay Matte Ink Liquid Lipstick Makeup, Long Lasting High Impact Color, Up to 16H Wear, Exhilarator, Ruby Red, 1 Count</p><p>$9.18</p><a href="https://www.amazon.com/dp/B08H4FSGDX?tag=eloabder-20&linkCode=osi&th=1&psc=1">View Product</a></div><div class="product"><a href="https://www.amazon.com/dp/B07XTTDTWR?tag=eloabder-20&linkCode=osi&th=1&psc=1"><img src="https://m.media-amazon.com/images/I/31M4QldCq3L._SL500_.jpg" alt="Product Image"></a><p>REVLON Lipstick, Super Lustrous Lipstick, Creamy Formula For Soft, Fuller-Looking Lips, Moisturized Feel in Nudes & Browns, Bare It All (755) 0.15 oz</p><p>$6.48</p><a href="https://www.amazon.com/dp/B07XTTDTWR?tag=eloabder-20&linkCode=osi&th=1&psc=1">View Product</a></div><div class="product"><a href="https://www.amazon.com/dp/B079KFP7NT?tag=eloabder-20&linkCode=osi&th=1&psc=1"><img src="https://m.media-amazon.com/images/I/41Ih8G0FSmL._SL500_.jpg" alt="Product Image"></a><p>wet n wild Silk Finish Lipstick, Hydrating Rich Buildable Lip Color, Formulated with Vitamins A,E, & Macadamia for Ultimate Hydration, Cruelty-Free & Vegan - Raging Red</p><p>$1.29</p><a href="https://www.amazon.com/dp/B079KFP7NT?tag=eloabder-20&linkCode=osi&th=1&psc=1">View Product</a></div><div class="product"><a href="https://www.amazon.com/dp/B002F3R44K?tag=eloabder-20&linkCode=osi&th=1&psc=1"><img src="https://m.media-amazon.com/images/I/41-gXIE96GL._SL500_.jpg" alt="Product Image"></a><p>Revlon Lipstick, Super Lustrous Lipstick, Creamy Formula For Soft, Fuller-Looking Lips, Moisturized Feel in Pinks, Pink In The Afternoon (415) 0.15 oz</p><p>$6.48</p><a href="https://www.amazon.com/dp/B002F3R44K?tag=eloabder-20&linkCode=osi&th=1&psc=1">View Product</a></div><div class="product"><a href="https://www.amazon.com/dp/B001LFER98?tag=eloabder-20&linkCode=osi&th=1&psc=1"><img src="https://m.media-amazon.com/images/I/41wezVKuIoL._SL500_.jpg" alt="Product Image"></a><p>REVLON Lipstick, Super Lustrous Lipstick, Creamy Formula For Soft, Fuller-Looking Lips, Moisturized Feel in Reds & Corals, Peach Me (628) 0.15 oz</p><p>$4.99</p><a href="https://www.amazon.com/dp/B001LFER98?tag=eloabder-20&linkCode=osi&th=1&psc=1">View Product</a></div><div class="product"><a href="https://www.amazon.com/dp/B082YQ2978?tag=eloabder-20&linkCode=osi&th=1&psc=1"><img src="https://m.media-amazon.com/images/I/31QsMhXUSeL._SL500_.jpg" alt="Product Image"></a><p>wet n wild Mega Last High-Shine Lipstick Lip Color, Infused with Seed Oils For a Nourishing High-Shine, Buildable & Blendable Creamy Color, Cruelty-Free & Vegan - Mad for Mauve</p><p>$2.28</p><a href="https://www.amazon.com/dp/B082YQ2978?tag=eloabder-20&linkCode=osi&th=1&psc=1">View Product</a></div>
<div class="product"><a href="https://www.amazon.com/dp/B09SP2XHKT?tag=eloabder-20&linkCode=osi&th=1&psc=1"><img src="https://m.media-amazon.com/images/I/31KGrScgA8L._SL500_.jpg" alt="Product Image"></a><p>NYX PROFESSIONAL MAKEUP Butter Gloss, Non-Sticky Lip Gloss - Sugar Glass (Clear)</p><p>$5.99</p><a href="https://www.amazon.com/dp/B09SP2XHKT?tag=eloabder-20&linkCode=osi&th=1&psc=1">View Product</a></div><div class="product"><a href="https://www.amazon.com/dp/B08GSTZ7ZW?tag=eloabder-20&linkCode=osi&th=1&psc=1"><img src="https://m.media-amazon.com/images/I/41nPuTtXVgL._SL500_.jpg" alt="Product Image"></a><p>Ruby Kisses Broadway Vita-Lip Clear Lip Gloss - Moisturizing, Hydrating, Nourishing with Mint, Rosehip, Coconut, Mango, Argan, Honey & Shea</p><p>$7.99 ($2.12 / Ounce)</p><a href="https://www.amazon.com/dp/B08GSTZ7ZW?tag=eloabder-20&linkCode=osi&th=1&psc=1">View Product</a></div><div class="product"><a href="https://www.amazon.com/dp/B015RPE14S?tag=eloabder-20&linkCode=osi&th=1&psc=1"><img src="https://m.media-amazon.com/images/I/31FRC3fz7EL._SL500_.jpg" alt="Product Image"></a><p>L.A. Colors High Shine Shea Butter Lip Gloss, Clear, 0.14 Ounce</p><p>$1.98</p><a href="https://www.amazon.com/dp/B015RPE14S?tag=eloabder-20&linkCode=osi&th=1&psc=1">View Product</a></div><div class="product"><a href="https://www.amazon.com/dp/B00Q26VWZI?tag=eloabder-20&linkCode=osi&th=1&psc=1"><img src="https://m.media-amazon.com/images/I/31Bqig96T0L._SL500_.jpg" alt="Product Image"></a><p>Rimmel Stay Glossy Lip Gloss - Non-Sticky and Lightweight Formula for Lip Color and Shine - 130 Blushing Belgraves, .18oz</p><p>$4.32</p><a href="https://www.amazon.com/dp/B00Q26VWZI?tag=eloabder-20&linkCode=osi&th=1&psc=1">View Product</a></div><div class="product"><a href="https://www.amazon.com/dp/B0C1MH8R2M?tag=eloabder-20&linkCode=osi&th=1&psc=1"><img src="https://m.media-amazon.com/images/I/31adT7DtBYL._SL500_.jpg" alt="Product Image"></a><p>Maybelline New York Lifter Gloss Hydrating Lip Gloss with Hyaluronic Acid, Gummy Bear, Sheer Light Pink, 1 Count</p><p>$8.98</p><a href="https://www.amazon.com/dp/B0C1MH8R2M?tag=eloabder-20&linkCode=osi&th=1&psc=1">View Product</a></div><div class="product"><a href="https://www.amazon.com/dp/B01N1ZC8JZ?tag=eloabder-20&linkCode=osi&th=1&psc=1"><img src="https://m.media-amazon.com/images/I/41fsaqWz6SL._SL500_.jpg" alt="Product Image"></a><p>Broadway Vita-Lip Clear Lip Gloss 0.47oz/14ml (5PCS Mint & Coconut & Rosehip & Mango Butter & Argan Oil) (5 PCS SET)</p><p>$5.99</p><a href="https://www.amazon.com/dp/B01N1ZC8JZ?tag=eloabder-20&linkCode=osi&th=1&psc=1">View Product</a></div><div class="product"><a href="https://www.amazon.com/dp/B07DY2QRF6?tag=eloabder-20&linkCode=osi&th=1&psc=1"><img src="https://m.media-amazon.com/images/I/31qXrVfhvCL._SL500_.jpg" alt="Product Image"></a><p>LANEIGE Lip Glowy Balm Berry: Hydrate, Glossy, Lightweight, Moisturize & Tint with Shea Butter</p><p>$19.00 ($54.29 / Ounce)</p><a href="https://www.amazon.com/dp/B07DY2QRF6?tag=eloabder-20&linkCode=osi&th=1&psc=1">View Product</a></div><div class="product"><a href="https://www.amazon.com/dp/B09DMGWJKY?tag=eloabder-20&linkCode=osi&th=1&psc=1"><img src="https://m.media-amazon.com/images/I/41nIFmIKHRL._SL500_.jpg" alt="Product Image"></a><p>Broadway Vita-Lip Clear Lip Gloss Moisturizing Hydrating Nourishing Long Lasting High Shine Glossy Lip Care Gloss 0.47oz/14ml (10 PCS SET)</p><p>$9.99</p><a href="https://www.amazon.com/dp/B09DMGWJKY?tag=eloabder-20&linkCode=osi&th=1&psc=1">View Product</a></div><div class="product"><a href="https://www.amazon.com/dp/B0BSR85M24?tag=eloabder-20&linkCode=osi&th=1&psc=1"><img src="https://m.media-amazon.com/images/I/31eKHNoE3KL._SL500_.jpg" alt="Product Image"></a><p>e.l.f. Lip Lacquer, Nourishing, Non-Sticky Ultra-Shine Lip Gloss With Sheer Color, Infused With Vitamins A & E, Vegan & Cruelty-Free, Whisper Pink</p><p>$3.00</p><a href="https://www.amazon.com/dp/B0BSR85M24?tag=eloabder-20&linkCode=osi&th=1&psc=1">View Product</a></div><div class="product"><a href="https://www.amazon.com/dp/B081C6PXZJ?tag=eloabder-20&linkCode=osi&th=1&psc=1"><img src="https://m.media-amazon.com/images/I/51+emO79aqL._SL500_.jpg" alt="Product Image"></a><p>NICKA K NEW YORK VARIETY SET OF 5 NK Hydrating Lip Gel - Vitamin E (Clear, Rosehip Oil, Bubble Gum, Cherry, Strawberry)</p><p>$5.43</p><a href="https://www.amazon.com/dp/B081C6PXZJ?tag=eloabder-20&linkCode=osi&th=1&psc=1">View Product</a></div>
<div class="product"><a href="https://www.amazon.com/dp/B07PNCB73M?tag=eloabder-20&linkCode=osi&th=1&psc=1"><img src="https://m.media-amazon.com/images/I/41+KYSFOLML._SL500_.jpg" alt="Product Image"></a><p>Milani Baked Blush - Petal Primavera (0.12 Ounce) Cruelty-Free Powder Blush - Shape, Contour & Highlight Face for a Shimmery or Matte Finish</p><p>$8.97</p><a href="https://www.amazon.com/dp/B07PNCB73M?tag=eloabder-20&linkCode=osi&th=1&psc=1">View Product</a></div><div class="product"><a href="https://www.amazon.com/dp/B0CZ5HLDK9?tag=eloabder-20&linkCode=osi&th=1&psc=1"><img src="https://m.media-amazon.com/images/I/41rZu1cS8QL._SL500_.jpg" alt="Product Image"></a><p>NYX PROFESSIONAL MAKEUP Buttermelt Powder Blush, Fade and Transfer-Resistant Blush, Up to 12HR Make Up Wear, Vegan Formula - For The Butta</p><p>$9.97</p><a href="https://www.amazon.com/dp/B0CZ5HLDK9?tag=eloabder-20&linkCode=osi&th=1&psc=1">View Product</a></div><div class="product"><a href="https://www.amazon.com/dp/B0CPFYGNR7?tag=eloabder-20&linkCode=osi&th=1&psc=1"><img src="https://m.media-amazon.com/images/I/31EJvMa7jyL._SL500_.jpg" alt="Product Image"></a><p>e.l.f. Camo Liquid Blush, Long-lasting Liquid Blush For High-pigment Color, Creates A Soft, Dewy Finish, Vegan & Cruelty-free, Dusty Rosé</p><p>$7.00</p><a href="https://www.amazon.com/dp/B0CPFYGNR7?tag=eloabder-20&linkCode=osi&th=1&psc=1">View Product</a></div><div class="product"><a href="https://www.amazon.com/dp/B06XDNPXD1?tag=eloabder-20&linkCode=osi&th=1&psc=1"><img src="https://m.media-amazon.com/images/I/41IryPTf51L._SL500_.jpg" alt="Product Image"></a><p>Maybelline Fit Me Powder Blush, Lightweight, Smooth, Blendable, Long-lasting All-Day Face Enhancing Makeup Color, Mauve, 1 Count</p><p>$4.62</p><a href="https://www.amazon.com/dp/B06XDNPXD1?tag=eloabder-20&linkCode=osi&th=1&psc=1">View Product</a></div><div class="product"><a href="https://www.amazon.com/dp/B082YPNTZ4?tag=eloabder-20&linkCode=osi&th=1&psc=1"><img src="https://m.media-amazon.com/images/I/41vtXkWXs8L._SL500_.jpg" alt="Product Image"></a><p>wet n wild Color Icon Blush, Effortless Glow & Seamless Blend infused with Luxuriously Smooth Jojoba Oil, Sheer Finish with a Matte Natural Glow, Cruelty-Free & Vegan - Pinch Me Pink</p><p>$3.28</p><a href="https://www.amazon.com/dp/B082YPNTZ4?tag=eloabder-20&linkCode=osi&th=1&psc=1">View Product</a></div><div class="product"><a href="https://www.amazon.com/dp/B0CPFWJJQJ?tag=eloabder-20&linkCode=osi&th=1&psc=1"><img src="https://m.media-amazon.com/images/I/41+GdEwyGqL._SL500_.jpg" alt="Product Image"></a><p>e.l.f. Primer-Infused Matte Blush, Long-Lasting, Lightweight & Buildable Powder Blush, Delivers A Matte Finish, Vegan & Cruelty-Free, Always Crushing</p><p>$7.00</p><a href="https://www.amazon.com/dp/B0CPFWJJQJ?tag=eloabder-20&linkCode=osi&th=1&psc=1">View Product</a></div><div class="product"><a href="https://www.amazon.com/dp/B0B64GX5LN?tag=eloabder-20&linkCode=osi&th=1&psc=1"><img src="https://m.media-amazon.com/images/I/31aZBeyUSsL._SL500_.jpg" alt="Product Image"></a><p>LAURA GELLER NEW YORK Serum Blush Tint, Lightweight Liquid Blush for Cheeks, Weightless Watercolor Sheer Finish, Practical Pink</p><p>$15.74</p><a href="https://www.amazon.com/dp/B0B64GX5LN?tag=eloabder-20&linkCode=osi&th=1&psc=1">View Product</a></div><div class="product"><a href="https://www.amazon.com/dp/B00J56D0G6?tag=eloabder-20&linkCode=osi&th=1&psc=1"><img src="https://m.media-amazon.com/images/I/31MVN0QAhfL._SL500_.jpg" alt="Product Image"></a><p>e.l.f. Cosmetics Powder Blush Palette, Four Blush Shades for Beautiful, Long-Lasting Pigment, Light</p><p>$6.00</p><a href="https://www.amazon.com/dp/B00J56D0G6?tag=eloabder-20&linkCode=osi&th=1&psc=1">View Product</a></div><div class="product"><a href="https://www.amazon.com/dp/B0BHFBBH25?tag=eloabder-20&linkCode=osi&th=1&psc=1"><img src="https://m.media-amazon.com/images/I/31uqOuPPf5L._SL500_.jpg" alt="Product Image"></a><p>SHEGLAM Color Bloom Liquid Blush Makeup for Cheeks Matte Finish - Love Cake</p><p>$6.99</p><a href="https://www.amazon.com/dp/B0BHFBBH25?tag=eloabder-20&linkCode=osi&th=1&psc=1">View Product</a></div><div class="product"><a href="https://www.amazon.com/dp/B07J47FHR1?tag=eloabder-20&linkCode=osi&th=1&psc=1"><img src="https://m.media-amazon.com/images/I/41Xyor9x2SL._SL500_.jpg" alt="Product Image"></a><p>Nars Blush in ORGASM Full Size 0.16 oz. / 4.8 g in Retail Box New Edition</p><p>$22.00</p><a href="https://www.amazon.com/dp/B07J47FHR1?tag=eloabder-20&linkCode=osi&th=1&psc=1">View Product</a></div>
<div class="product"><a href="https://www.amazon.com/dp/B018B8Q5Z6?tag=eloabder-20&linkCode=osi&th=1&psc=1"><img src="https://m.media-amazon.com/images/I/41D9ZHQRaSL._SL500_.jpg" alt="Product Image"></a><p>Physicians Formula Murumuru Butter Bronzer, Moisturizing, Nourishing Murumuru Butter Blend for Silky All-Day Luminous Glow, Dermatologist Tested, Hypoallergenic, Vegan & Cruelty-Free -Bronzer</p><p>$12.15</p><a href="https://www.amazon.com/dp/B018B8Q5Z6?tag=eloabder-20&linkCode=osi&th=1&psc=1">View Product</a></div><div class="product"><a href="https://www.amazon.com/dp/B001B0H82Q?tag=eloabder-20&linkCode=osi&th=1&psc=1"><img src="https://m.media-amazon.com/images/I/41I3B-YoLkL._SL500_.jpg" alt="Product Image"></a><p>Rimmel London Natural - 022 Sun Bronze - Bronzer, Matte Finish, 0.49oz</p><p>$3.97</p><a href="https://www.amazon.com/dp/B001B0H82Q?tag=eloabder-20&linkCode=osi&th=1&psc=1">View Product</a></div><div class="product"><a href="https://www.amazon.com/dp/B0BM5HX7DN?tag=eloabder-20&linkCode=osi&th=1&psc=1"><img src="https://m.media-amazon.com/images/I/41DwoHQgzsL._SL500_.jpg" alt="Product Image"></a><p>Benefit Hoola Matte Bronzer Mini 0.08 Ounce</p><p>$17.92</p><a href="https://www.amazon.com/dp/B0BM5HX7DN?tag=eloabder-20&linkCode=osi&th=1&psc=1">View Product</a></div><div class="product"><a href="https://www.amazon.com/dp/B07M7NGVW7?tag=eloabder-20&linkCode=osi&th=1&psc=1"><img src="https://m.media-amazon.com/images/I/51dvod9PjTL._SL500_.jpg" alt="Product Image"></a><p>wet n wild Color Icon Bronzer What Shady Beaches</p><p>$2.96</p><a href="https://www.amazon.com/dp/B07M7NGVW7?tag=eloabder-20&linkCode=osi&th=1&psc=1">View Product</a></div><div class="product"><a href="https://www.amazon.com/dp/B0CPFVTY7M?tag=eloabder-20&linkCode=osi&th=1&psc=1"><img src="https://m.media-amazon.com/images/I/41rO68Q0mlL._SL500_.jpg" alt="Product Image"></a><p>e.l.f. Primer-Infused Bronzer, Long-Lasting, Lightweight & Buildable Powder Bronzer, Delivers A Matte Finish, Vegan & Cruelty-Free, Fresh Tan</p><p>$7.00</p><a href="https://www.amazon.com/dp/B0CPFVTY7M?tag=eloabder-20&linkCode=osi&th=1&psc=1">View Product</a></div><div class="product"><a href="https://www.amazon.com/dp/B07ZR187P5?tag=eloabder-20&linkCode=osi&th=1&psc=1"><img src="https://m.media-amazon.com/images/I/410nkMFZLYL._SL500_.jpg" alt="Product Image"></a><p>e.l.f. Primer-infused Bronzer, Long-Wear, Matte, Bold, Lightweight, Blends Easily, Contours Cheeks, Forever Sun Kissed, All-Day Wear, 0.35 Oz</p><p>$7.00 ($20.00 / Ounce)</p><a href="https://www.amazon.com/dp/B07ZR187P5?tag=eloabder-20&linkCode=osi&th=1&psc=1">View Product</a></div><div class="product"><a href="https://www.amazon.com/dp/B00518N3VE?tag=eloabder-20&linkCode=osi&th=1&psc=1"><img src="https://m.media-amazon.com/images/I/41SzIseWK6L._SL500_.jpg" alt="Product Image"></a><p>Milani Baked Bronzer - Glow, Cruelty-Free Shimmer Bronzing Powder to Use For Contour Makeup, Highlighters Makeup, Bronzer Makeup, 0.25 Ounce</p><p>$9.97 ($39.88 / Ounce)</p><a href="https://www.amazon.com/dp/B00518N3VE?tag=eloabder-20&linkCode=osi&th=1&psc=1">View Product</a></div><div class="product"><a href="https://www.amazon.com/dp/B0CNTYPSSZ?tag=eloabder-20&linkCode=osi&th=1&psc=1"><img src="https://m.media-amazon.com/images/I/416D4Z7hQ8L._SL500_.jpg" alt="Product Image"></a><p>Milani Cheek Kiss Cream Bronzer-110 Hey Honey</p><p>$9.97</p><a href="https://www.amazon.com/dp/B0CNTYPSSZ?tag=eloabder-20&linkCode=osi&th=1&psc=1">View Product</a></div><div class="product"><a href="https://www.amazon.com/dp/B006WZ9O72?tag=eloabder-20&linkCode=osi&th=1&psc=1"><img src="https://m.media-amazon.com/images/I/51rDNo9JnqL._SL500_.jpg" alt="Product Image"></a><p>Physicians Formula Bronze Booster Glow-Boosting Season-to-Season, Customizable Seasonal Glow Glow, Lasting Tan Boost, Hypoallergenic Powder, Cruelty-Free & Hypoallergenic- Light-to-Medium</p><p>$12.98</p><a href="https://www.amazon.com/dp/B006WZ9O72?tag=eloabder-20&linkCode=osi&th=1&psc=1">View Product</a></div>
<div class="product"><a href="https://www.amazon.com/dp/B09288DSSX?tag=eloabder-20&linkCode=osi&th=1&psc=1"><img src="https://m.media-amazon.com/images/I/417z6evbmhL._SL500_.jpg" alt="Product Image"></a><p>KYDA Face Highlighter Palette, High Glossy Face Illuminator Palette, Narutal Glow Finish, Pearl Shimmer Smooth Baked Powder, Lasting Sparkling Highlighter Makeup-SUN GLOW</p><p>$9.99</p><a href="https://www.amazon.com/dp/B09288DSSX?tag=eloabder-20&linkCode=osi&th=1&psc=1">View Product</a></div><div class="product"><a href="https://www.amazon.com/dp/B082YPL2SV?tag=eloabder-20&linkCode=osi&th=1&psc=1"><img src="https://m.media-amazon.com/images/I/51Y+MCkwArL._SL500_.jpg" alt="Product Image"></a><p>Wet n Wild MegaGlo Blushlighter, Blendable Blush & Highlighter Set, Shimmery Metallic Finish, Highlight Bling</p><p>$5.47</p><a href="https://www.amazon.com/dp/B082YPL2SV?tag=eloabder-20&linkCode=osi&th=1&psc=1">View Product</a></div><div class="product"><a href="https://www.amazon.com/dp/B0C41PSDZF?tag=eloabder-20&linkCode=osi&th=1&psc=1"><img src="https://m.media-amazon.com/images/I/41FLNU-tL-L._SL500_.jpg" alt="Product Image"></a><p>NYX PROFESSIONAL MAKEUP, Jumbo Multi-Use Face Highlighter Stick - Vanilla Ice Cream</p><p>$7.97</p><a href="https://www.amazon.com/dp/B0C41PSDZF?tag=eloabder-20&linkCode=osi&th=1&psc=1">View Product</a></div><div class="product"><a href="https://www.amazon.com/dp/B0C6V67KJW?tag=eloabder-20&linkCode=osi&th=1&psc=1"><img src="https://m.media-amazon.com/images/I/31Yh8b8JEjL._SL500_.jpg" alt="Product Image"></a><p>e.l.f. Halo Glow Highlight Beauty Wand, Liquid Highlighter Wand For Luminous, Glowing Skin, Buildable Formula, Vegan & Cruelty-free,Champagne Campaign</p><p>$9.00</p><a href="https://www.amazon.com/dp/B0C6V67KJW?tag=eloabder-20&linkCode=osi&th=1&psc=1">View Product</a></div><div class="product"><a href="https://www.amazon.com/dp/B073WMG59J?tag=eloabder-20&linkCode=osi&th=1&psc=1"><img src="https://m.media-amazon.com/images/I/51fz8bpJNNL._SL500_.jpg" alt="Product Image"></a><p>wet n wild MegaGlo Highlighting Powder, Highlighter Makeup, Shimmer Glow, Pink Rose Gold Blossom Glow</p><p>$5.41</p><a href="https://www.amazon.com/dp/B073WMG59J?tag=eloabder-20&linkCode=osi&th=1&psc=1">View Product</a></div><div class="product"><a href="https://www.amazon.com/dp/B07QPY11KY?tag=eloabder-20&linkCode=osi&th=1&psc=1"><img src="https://m.media-amazon.com/images/I/312T7p8cW6L._SL500_.jpg" alt="Product Image"></a><p>Revolution Beauty, Reloaded Pressed Powder Highlighter, Intensely Pigmented for a High Impact Dewy Finish, Dare To Divulge, 0.22 Oz.</p><p>$6.91</p><a href="https://www.amazon.com/dp/B07QPY11KY?tag=eloabder-20&linkCode=osi&th=1&psc=1">View Product</a></div><div class="product"><a href="https://www.amazon.com/dp/B074PTZCNW?tag=eloabder-20&linkCode=osi&th=1&psc=1"><img src="https://m.media-amazon.com/images/I/31btEAGukiL._SL500_.jpg" alt="Product Image"></a><p>L'Oreal Paris Makeup True Match Lumi Glotion, Natural Glow Enhancer, Illuminator Highlighter Skin Tint, for an All Day Radiant Glow, Light, 1.35 Ounces</p><p>$12.81</p><a href="https://www.amazon.com/dp/B074PTZCNW?tag=eloabder-20&linkCode=osi&th=1&psc=1">View Product</a></div><div class="product"><a href="https://www.amazon.com/dp/B075K784FK?tag=eloabder-20&linkCode=osi&th=1&psc=1"><img src="https://m.media-amazon.com/images/I/51q6Nf009iL._SL500_.jpg" alt="Product Image"></a><p>Physicians Formula Murumuru Butter Highlighter Makeup Face Powder Make Up, Pearl, Dermatologist Approved</p><p>$10.00</p><a href="https://www.amazon.com/dp/B075K784FK?tag=eloabder-20&linkCode=osi&th=1&psc=1">View Product</a></div><div class="product"><a href="https://www.amazon.com/dp/B0BD9HYBKD?tag=eloabder-20&linkCode=osi&th=1&psc=1"><img src="https://m.media-amazon.com/images/I/319tXl8nMUL._SL500_.jpg" alt="Product Image"></a><p>LAURA GELLER NEW YORK Baked Natural Glow Highlighter Radiance Enhancing Makeup, French Vanilla</p><p>$18.99</p><a href="https://www.amazon.com/dp/B0BD9HYBKD?tag=eloabder-20&linkCode=osi&th=1&psc=1">View Product</a></div><div class="product"><a href="https://www.amazon.com/dp/B083574V27?tag=eloabder-20&linkCode=osi&th=1&psc=1"><img src="https://m.media-amazon.com/images/I/41fyFVpDrXL._SL500_.jpg" alt="Product Image"></a><p>Milani Baked Highlighter (Dolce Perla) - Cruelty-Free Powder Highlighter, Highlight Face for a Shimmery or Matte Finish</p><p>$10.97 ($39.18 / Ounce)</p><a href="https://www.amazon.com/dp/B083574V27?tag=eloabder-20&linkCode=osi&th=1&psc=1">View Product</a></div>
<div class="product"><a href="https://www.amazon.com/dp/B0CMHSNYG8?tag=eloabder-20&linkCode=osi&th=1&psc=1"><img src="https://m.media-amazon.com/images/I/51iVcKQ6eIL._SL500_.jpg" alt="Product Image"></a><p>JODSONE Gel Nail Set 20 Colors High Shine Gorgeous Gel Polish Base Top Matte Coat Nice Gifts Show Charm</p><p>$19.99</p><a href="https://www.amazon.com/dp/B0CMHSNYG8?tag=eloabder-20&linkCode=osi&th=1&psc=1">View Product</a></div><div class="product"><a href="https://www.amazon.com/dp/B09KC56289?tag=eloabder-20&linkCode=osi&th=1&psc=1"><img src="https://m.media-amazon.com/images/I/51M-P1nM7QL._SL500_.jpg" alt="Product Image"></a><p>JODSONE 36 PCS Gel Nail Polish Set-32 Colors Gel Polish Kit Base Coat Glossy Matte and Glitter Top Coat Nail Polish Set Green Blue Red Pink Collection Gifts for Women</p><p>$25.99</p><a href="https://www.amazon.com/dp/B09KC56289?tag=eloabder-20&linkCode=osi&th=1&psc=1">View Product</a></div><div class="product"><a href="https://www.amazon.com/dp/B00GXVVDG0?tag=eloabder-20&linkCode=osi&th=1&psc=1"><img src="https://m.media-amazon.com/images/I/21vF-y2FfJL._SL500_.jpg" alt="Product Image"></a><p>Essie Nail Polish, Salon-Quality, 8-free Vegan, Finish, Mademoiselle, 0.46 Ounces (Packaging May Vary) Sheer Pink</p><p>$8.99</p><a href="https://www.amazon.com/dp/B00GXVVDG0?tag=eloabder-20&linkCode=osi&th=1&psc=1">View Product</a></div><div class="product"><a href="https://www.amazon.com/dp/B0987JZSP8?tag=eloabder-20&linkCode=osi&th=1&psc=1"><img src="https://m.media-amazon.com/images/I/31VZYZfCKbL._SL500_.jpg" alt="Product Image"></a><p>OPI Nature Strong Vegan Nail Polish, Knowledge is Flower, Pink Nail Polish, Natural Origin, Cruelty-Free Nail Lacquer, 0.5 fl oz.</p><p>$12.99 ($25.98 / Fl Oz)</p><a href="https://www.amazon.com/dp/B0987JZSP8?tag=eloabder-20&linkCode=osi&th=1&psc=1">View Product</a></div><div class="product"><a href="https://www.amazon.com/dp/B0CYLRWVVF?tag=eloabder-20&linkCode=osi&th=1&psc=1"><img src="https://m.media-amazon.com/images/I/51G1EY8ny6L._SL500_.jpg" alt="Product Image"></a><p>modelones Pearl Nail Polish 6 Colors Shimmer Pearl White Pink Mermaid Purple Nail Polish Set Summer Quick Dry Nail Polish Finger Nail Polish Bulk Manicure Diy Nail Art Salon Home Gift For Women Girl</p><p>$12.99</p><a href="https://www.amazon.com/dp/B0CYLRWVVF?tag=eloabder-20&linkCode=osi&th=1&psc=1">View Product</a></div>
<div class="product"><a href="https://www.amazon.com/dp/B005HGWGVS?tag=eloabder-20&linkCode=osi&th=1&psc=1"><img src="https://m.media-amazon.com/images/I/41NVfMcQBQL._SL500_.jpg" alt="Product Image"></a><p>Hard As Hoof Nail Strengthening Cream with Coconut Scent, Nail Growth & Conditioning Cuticle Cream Stops Splits, Chips, Cracks & Strengthens Nails, 1 oz</p><p>$8.88</p><a href="https://www.amazon.com/dp/B005HGWGVS?tag=eloabder-20&linkCode=osi&th=1&psc=1">View Product</a></div><div class="product"><a href="https://www.amazon.com/dp/B08YMJ4X4B?tag=eloabder-20&linkCode=osi&th=1&psc=1"><img src="https://m.media-amazon.com/images/I/41JNcOM8lBL._SL500_.jpg" alt="Product Image"></a><p>C CARE Sweet Almond Cuticle Oil For Nails - Repairs Cuticles Overnight - Moisturizes and Strengthens Nails and Cuticles - Dropper & Brush included - 2.5oz</p><p>$5.97 ($2.39 / Fl Oz)</p><a href="https://www.amazon.com/dp/B08YMJ4X4B?tag=eloabder-20&linkCode=osi&th=1&psc=1">View Product</a></div><div class="product"><a href="https://www.amazon.com/dp/B0046MK34G?tag=eloabder-20&linkCode=osi&th=1&psc=1"><img src="https://m.media-amazon.com/images/I/41PPyJFVAlL._SL500_.jpg" alt="Product Image"></a><p>Sally Hansen Instant Cuticle Remover™, Nail Treatment, Fast Drying, Contains Aloe and Chamomile</p><p>$4.97</p><a href="https://www.amazon.com/dp/B0046MK34G?tag=eloabder-20&linkCode=osi&th=1&psc=1">View Product</a></div><div class="product"><a href="https://www.amazon.com/dp/B00F644LTQ?tag=eloabder-20&linkCode=osi&th=1&psc=1"><img src="https://m.media-amazon.com/images/I/31+v2SZDagL._SL500_.jpg" alt="Product Image"></a><p>Cuccio Naturale Revitalizing- Hydrating Oil For Repaired Cuticles Overnight - Remedy For Damaged Skin And Thin Nails - Paraben /Cruelty-Free Formula - Milk And Honey - 2.5 Oz</p><p>$9.48 ($3.79 / Fl Oz)</p><a href="https://www.amazon.com/dp/B00F644LTQ?tag=eloabder-20&linkCode=osi&th=1&psc=1">View Product</a></div><div class="product"><a href="https://www.amazon.com/dp/B007QBKX08?tag=eloabder-20&linkCode=osi&th=1&psc=1"><img src="https://m.media-amazon.com/images/I/51BgkFaTnpL._SL500_.jpg" alt="Product Image"></a><p>Nail Tek Repairs Damaged Nails kit.Intensive Therapy(.5OZ),Foundation(.5OZ)& Renew(.48OZ)</p><p>$14.95</p><a href="https://www.amazon.com/dp/B007QBKX08?tag=eloabder-20&linkCode=osi&th=1&psc=1">View Product</a></div>
<div class="product"><a href="https://www.amazon.com/dp/B017PCGAXQ?tag=eloabder-20&linkCode=osi&th=1&psc=1"><img src="https://m.media-amazon.com/images/I/31-daQlUgGL._SL500_.jpg" alt="Product Image"></a><p>Garnier Micellar Water For Waterproof Makeup, Hydrating Facial Cleanser & Makeup Remover, Suitable for Sensitive Skin, Vegan, Cruelty Free, 13.5 Fl Oz (400mL), 1 Count</p><p>$8.97 ($0.66 / Fl Oz)</p><a href="https://www.amazon.com/dp/B017PCGAXQ?tag=eloabder-20&linkCode=osi&th=1&psc=1">View Product</a></div><div class="product"><a href="https://www.amazon.com/dp/B017PCGABI?tag=eloabder-20&linkCode=osi&th=1&psc=1"><img src="https://m.media-amazon.com/images/I/3106WC85aAL._SL500_.jpg" alt="Product Image"></a><p>Garnier Micellar Water, Hydrating Facial Cleanser & Makeup Remover, Suitable for Sensitive Skin, Vegan, Cruelty Free, 13.5 Fl Oz (400mL), 1 Count</p><p>$8.97 ($0.66 / Fl Oz)</p><a href="https://www.amazon.com/dp/B017PCGABI?tag=eloabder-20&linkCode=osi&th=1&psc=1">View Product</a></div><div class="product"><a href="https://www.amazon.com/dp/B00U2VQZDS?tag=eloabder-20&linkCode=osi&th=1&psc=1"><img src="https://m.media-amazon.com/images/I/41VzZfHAKpL._SL500_.jpg" alt="Product Image"></a><p>Neutrogena Makeup Remover Wipes, Ultra-Soft Cleansing Facial Towelettes for Waterproof Makeup, Alcohol-Free, Plant-Based, Twin Pack, 25 Count (Pack of 2)</p><p>$9.16 ($0.18 / Count)</p><a href="https://www.amazon.com/dp/B00U2VQZDS?tag=eloabder-20&linkCode=osi&th=1&psc=1">View Product</a></div><div class="product"><a href="https://www.amazon.com/dp/B07T9JV956?tag=eloabder-20&linkCode=osi&th=1&psc=1"><img src="https://m.media-amazon.com/images/I/310x+0QrxsL._SL500_.jpg" alt="Product Image"></a><p>Neutrogena Gentle Oil-Free Eye Makeup Remover & Cleanser for Sensitive Eyes, Non-Greasy Makeup Remover, Removes Waterproof Mascara, Dermatologist & Ophthalmologist Tested, 8.0 fl. oz</p><p>$9.39 ($1.17 / Fl Oz)</p><a href="https://www.amazon.com/dp/B07T9JV956?tag=eloabder-20&linkCode=osi&th=1&psc=1">View Product</a></div><div class="product"><a href="https://www.amazon.com/dp/B01M31HY3S?tag=eloabder-20&linkCode=osi&th=1&psc=1"><img src="https://m.media-amazon.com/images/I/319i79e7f4L._SL500_.jpg" alt="Product Image"></a><p>Cetaphil Gentle Waterproof Makeup Remover, Mother's Day Gifts, Oil-Free Formula Suitable for Sensitive Skin, 6.0 Fluid Ounce</p><p>$9.87 ($1.64 / Fl Oz)</p><a href="https://www.amazon.com/dp/B01M31HY3S?tag=eloabder-20&linkCode=osi&th=1&psc=1">View Product</a></div><div class="product"><a href="https://www.amazon.com/dp/B07SS6LFRG?tag=eloabder-20&linkCode=osi&th=1&psc=1"><img src="https://m.media-amazon.com/images/I/31Mwa89HfCL._SL500_.jpg" alt="Product Image"></a><p>Amazon Basics Eye Makeup Remover, Removes Waterproof Mascara, Dermatologist Tested, Fragrance Free, 5.5 Fl Oz (Pack of 1)</p><p>$5.99 ($1.09 / Fl Oz)</p><a href="https://www.amazon.com/dp/B07SS6LFRG?tag=eloabder-20&linkCode=osi&th=1&psc=1">View Product</a></div><div class="product"><a href="https://www.amazon.com/dp/B08TQTT8LK?tag=eloabder-20&linkCode=osi&th=1&psc=1"><img src="https://m.media-amazon.com/images/I/31R-Y-dhjEL._SL500_.jpg" alt="Product Image"></a><p>e.l.f. Holy Hydration! Makeup Melting Cleansing Balm, Face Cleanser & Makeup Remover, Infused with Hyaluronic Acid to Hydrate Skin, 2 Oz</p><p>$11.00 ($5.50 / Ounce)</p><a href="https://www.amazon.com/dp/B08TQTT8LK?tag=eloabder-20&linkCode=osi&th=1&psc=1">View Product</a></div><div class="product"><a href="https://www.amazon.com/dp/B08Q3CQM7X?tag=eloabder-20&linkCode=osi&th=1&psc=1"><img src="https://m.media-amazon.com/images/I/31edyzkByfL._SL500_.jpg" alt="Product Image"></a><p>JUNO & Co. Clean 10 Cleansing Balm 10 Ingredients Makeup Remover 85g / 3.0oz</p><p>$14.99 ($5.00 / Ounce)</p><a href="https://www.amazon.com/dp/B08Q3CQM7X?tag=eloabder-20&linkCode=osi&th=1&psc=1">View Product</a></div><div class="product"><a href="https://www.amazon.com/dp/B0B1PP1XCM?tag=eloabder-20&linkCode=osi&th=1&psc=1"><img src="https://m.media-amazon.com/images/I/31kOCqV2+BL._SL500_.jpg" alt="Product Image"></a><p>CeraVe Cleansing Balm for Sensitive Skin | Hydrating Makeup Remover with Ceramides and Plant-based Jojoba Oil for Face | Non-Comedogenic Fragrance Free Non-Greasy |1.3 Ounces</p><p>$9.97 ($7.67 / Ounce)</p><a href="https://www.amazon.com/dp/B0B1PP1XCM?tag=eloabder-20&linkCode=osi&th=1&psc=1">View Product</a></div><div class="product"><a href="https://www.amazon.com/dp/B0BX65V1BZ?tag=eloabder-20&linkCode=osi&th=1&psc=1"><img src="https://m.media-amazon.com/images/I/31t6WiWvdDL._SL500_.jpg" alt="Product Image"></a><p>Prime Prometics PrimeSkin Beauty Water – Deeply Hydrating Pro-Age Make-Up Remover for Mature Women – Clean, One Swipe – for All Skin Types – pH balanced, Hypoallergenic</p><p>$27.00 ($5.29 / Fl Oz)</p><a href="https://www.amazon.com/dp/B0BX65V1BZ?tag=eloabder-20&linkCode=osi&th=1&psc=1">View Product</a></div>
<div class="product"><a href="https://www.amazon.com/dp/B07XC569XF?tag=eloabder-20&linkCode=osi&th=1&psc=1"><img src="https://m.media-amazon.com/images/I/4109uyzn-sL._SL500_.jpg" alt="Product Image"></a><p>Neutrogena Hydro Boost Facial Cleansing Towelettes + Hyaluronic Acid, Hydrating Makeup Remover Face Wipes Remove Dirt & Waterproof Makeup, Hypoallergenic, 100% Plant-Based Cloth, 2 x 25 ct</p><p>$13.20 ($0.26 / Count)</p><a href="https://www.amazon.com/dp/B07XC569XF?tag=eloabder-20&linkCode=osi&th=1&psc=1">View Product</a></div><div class="product"><a href="https://www.amazon.com/dp/B00479FP4Q?tag=eloabder-20&linkCode=osi&th=1&psc=1"><img src="https://m.media-amazon.com/images/I/41L2wro-FlL._SL500_.jpg" alt="Product Image"></a><p>Olay Daily Facials, Daily Clean Makeup Removing Facial Cleansing Wipes, 5-in-1 Water Activated Cloths, Exfoliates, Tones and Hydrates Skin, 66 count</p><p>$9.74 ($0.15 / Count)</p><a href="https://www.amazon.com/dp/B00479FP4Q?tag=eloabder-20&linkCode=osi&th=1&psc=1">View Product</a></div><div class="product"><a href="https://www.amazon.com/dp/B0864VDH6F?tag=eloabder-20&linkCode=osi&th=1&psc=1"><img src="https://m.media-amazon.com/images/I/418baEPkUdL._SL500_.jpg" alt="Product Image"></a><p>Amazon Basics Make Up Remover Wipes, Night Calming, 50 Count (2 Packs of 25) (Previously Solimo)</p><p>$7.93 ($0.16 / Count)</p><a href="https://www.amazon.com/dp/B0864VDH6F?tag=eloabder-20&linkCode=osi&th=1&psc=1">View Product</a></div><div class="product"><a href="https://www.amazon.com/dp/B093T3LQPP?tag=eloabder-20&linkCode=osi&th=1&psc=1"><img src="https://m.media-amazon.com/images/I/51mLU+qr6tL._SL500_.jpg" alt="Product Image"></a><p>Burt's Bees Rose Water Face Wipes, for All Skin Types, Hydrating Micellar Makeup Remover & Facial Cleansing Towelettes, 30 Ct (3-Pack)</p><p>$16.47 ($0.18 / Count)</p><a href="https://www.amazon.com/dp/B093T3LQPP?tag=eloabder-20&linkCode=osi&th=1&psc=1">View Product</a></div><div class="product"><a href="https://www.amazon.com/dp/B00NUJQG7Y?tag=eloabder-20&linkCode=osi&th=1&psc=1"><img src="https://m.media-amazon.com/images/I/51apu8FIluL._SL500_.jpg" alt="Product Image"></a><p>Burt's Bees Aloe Vera Face Wipes, for Sensitive Skin, Soothing Makeup Remover & Facial Cleansing Towelettes, 30 Ct. (3-Pack)</p><p>$16.41 ($0.18 / Count)</p><a href="https://www.amazon.com/dp/B00NUJQG7Y?tag=eloabder-20&linkCode=osi&th=1&psc=1">View Product</a></div><div class="product"><a href="https://www.amazon.com/dp/B09LXWPB1V?tag=eloabder-20&linkCode=osi&th=1&psc=1"><img src="https://m.media-amazon.com/images/I/4117i-jJMKL._SL500_.jpg" alt="Product Image"></a><p>CeraVe Hydrating Facial Cleansing Makeup Remover Wipes| Plant Based Face Biodegradable in Home Compost| Wash Cloth| Suitable for Sensitive Skin| Fragrance-free Non-comedogenic| 25 Count</p><p>$9.97 ($0.40 / Count)</p><a href="https://www.amazon.com/dp/B09LXWPB1V?tag=eloabder-20&linkCode=osi&th=1&psc=1">View Product</a></div><div class="product"><a href="https://www.amazon.com/dp/B006RFZ9IK?tag=eloabder-20&linkCode=osi&th=1&psc=1"><img src="https://m.media-amazon.com/images/I/41c4Ogejt9L._SL500_.jpg" alt="Product Image"></a><p>Bioré Daily Make Up Removing Cloths, Facial Cleansing Wipes with Dirt-grabbing Fibers for Deep Pore Cleansing without Oily Residue, 60 Count</p><p>$11.99 ($0.20 / Count)</p><a href="https://www.amazon.com/dp/B006RFZ9IK?tag=eloabder-20&linkCode=osi&th=1&psc=1">View Product</a></div><div class="product"><a href="https://www.amazon.com/dp/B01M4NFD2N?tag=eloabder-20&linkCode=osi&th=1&psc=1"><img src="https://m.media-amazon.com/images/I/41-iPdzYWDL._SL500_.jpg" alt="Product Image"></a><p>Cetaphil Gentle Makeup Removing Face Wipes, Daily Cleansing Facial Towelettes Gently Remove Makeup, Fragrance and Alcohol Free, 25 Count</p><p>$6.85 ($0.27 / Count)</p><a href="https://www.amazon.com/dp/B01M4NFD2N?tag=eloabder-20&linkCode=osi&th=1&psc=1">View Product</a></div><div class="product"><a href="https://www.amazon.com/dp/B0B644ZQLV?tag=eloabder-20&linkCode=osi&th=1&psc=1"><img src="https://m.media-amazon.com/images/I/41E5FGVZrnL._SL500_.jpg" alt="Product Image"></a><p>Cetaphil Face and Body Wipes, Gentle Skin Cleansing Cloths, 25 Count (Pack of 3), for Dry, Sensitive Skin, Flip Top Closure, Great for the Gym, Hypoallergenic, Fragrance Free</p><p>$20.91 ($0.28 / Count)</p><a href="https://www.amazon.com/dp/B0B644ZQLV?tag=eloabder-20&linkCode=osi&th=1&psc=1">View Product</a></div>
<div class="product"><a href="https://www.amazon.com/dp/B08RD6S5HF?tag=eloabder-20&linkCode=osi&th=1&psc=1"><img src="https://m.media-amazon.com/images/I/41uDw-xQNuL._SL500_.jpg" alt="Product Image"></a><p>BAIMEI IcyMe Gua Sha & Jade Roller Facial Tools Face Roller and Gua Sha Set for Puffiness and Redness Reducing Skin Care Routine, Self Care Gift for Men Women - Green</p><p>$9.99</p><a href="https://www.amazon.com/dp/B08RD6S5HF?tag=eloabder-20&linkCode=osi&th=1&psc=1">View Product</a></div><div class="product"><a href="https://www.amazon.com/dp/B09961TCV4?tag=eloabder-20&linkCode=osi&th=1&psc=1"><img src="https://m.media-amazon.com/images/I/41cLCDErk6L._SL500_.jpg" alt="Product Image"></a><p>huefull Gua Sha Facial Tools & Jade Roller Set for Skin Care, Reduce Puffiness and Improve Wrinkles, Guasha Tool for Face, Gua Sha Stone Self Care Gift for Woman Man</p><p>$7.99 ($4.00 / Count)</p><a href="https://www.amazon.com/dp/B09961TCV4?tag=eloabder-20&linkCode=osi&th=1&psc=1">View Product</a></div><div class="product"><a href="https://www.amazon.com/dp/B09P88YNZZ?tag=eloabder-20&linkCode=osi&th=1&psc=1"><img src="https://m.media-amazon.com/images/I/31gv5dz1KML._SL500_.jpg" alt="Product Image"></a><p>Ice Roller for Face and Eye, Ice Face Roller,Facial Beauty Ice Roller Skin Care Tools, Ice Facial Cube, Gua Sha Face Massage, Silicone Ice Mold for Face Beauty (Pink)</p><p>$5.99 ($1.20 / Ounce)</p><a href="https://www.amazon.com/dp/B09P88YNZZ?tag=eloabder-20&linkCode=osi&th=1&psc=1">View Product</a></div><div class="product"><a href="https://www.amazon.com/dp/B09V5TRZTS?tag=eloabder-20&linkCode=osi&th=1&psc=1"><img src="https://m.media-amazon.com/images/I/31NWpXealIL._SL500_.jpg" alt="Product Image"></a><p>ROSELYNBOUTIQUE Ice Roller for Face Wrinkles Fine Lines Puffiness Stick Massager Facial Skin Care Tools Self Care Gifts for Men Women (Green)</p><p>$6.39</p><a href="https://www.amazon.com/dp/B09V5TRZTS?tag=eloabder-20&linkCode=osi&th=1&psc=1">View Product</a></div><div class="product"><a href="https://www.amazon.com/dp/B0BR7YG7QH?tag=eloabder-20&linkCode=osi&th=1&psc=1"><img src="https://m.media-amazon.com/images/I/41gFogNe+dL._SL500_.jpg" alt="Product Image"></a><p>8 Pieces Triangle Powder Puff Face Soft Triangle Makeup Puff Velour Cosmetic Foundation Blender Sponge Beauty Makeup Tools</p><p>$3.99 ($0.50 / Count)</p><a href="https://www.amazon.com/dp/B0BR7YG7QH?tag=eloabder-20&linkCode=osi&th=1&psc=1">View Product</a></div><div class="product"><a href="https://www.amazon.com/dp/B09XJYZDVG?tag=eloabder-20&linkCode=osi&th=1&psc=1"><img src="https://m.media-amazon.com/images/I/41jMEmTiSQL._SL500_.jpg" alt="Product Image"></a><p>Aaiffey Eyeliner Applicator Kit, Eyeliner Tool with Eyeliner Cream Black Eyeliner Gel Reusable Silicone Eye Liner Applicator Waterproof Eyeliner Easy No-Skip (eyeliner tool +black eyeliner creams)</p><p>$9.98</p><a href="https://www.amazon.com/dp/B09XJYZDVG?tag=eloabder-20&linkCode=osi&th=1&psc=1">View Product</a></div>
<div class="product"><a href="https://www.amazon.com/dp/B075S543DR?tag=eloabder-20&linkCode=osi&th=1&psc=1"><img src="https://m.media-amazon.com/images/I/418N6a3fvaL._SL500_.jpg" alt="Product Image"></a><p>EcoTools Start The Day Beautifully 6 Piece Makeup Brush Set, Makeup Brushes For Eyeshadow, Blush, Concealer, & Foundation Application, Eco-Friendly, Gift Set, Synthetic Hair, Vegan & Cruelty-Free</p><p>$9.98</p><a href="https://www.amazon.com/dp/B075S543DR?tag=eloabder-20&linkCode=osi&th=1&psc=1">View Product</a></div><div class="product"><a href="https://www.amazon.com/dp/B07FTXBNVL?tag=eloabder-20&linkCode=osi&th=1&psc=1"><img src="https://m.media-amazon.com/images/I/41O4pc78hYL._SL500_.jpg" alt="Product Image"></a><p>Real Techniques 5 Piece Everyday Essentials Makeup Brush Set, Includes 4 Brushes & Makeup Sponge, For Foundation, Blush, Bronzer, Contour, Eyeshadow, & Powder, Travel Gift Set, Cruelty-Free & Vegan</p><p>$13.99</p><a href="https://www.amazon.com/dp/B07FTXBNVL?tag=eloabder-20&linkCode=osi&th=1&psc=1">View Product</a></div>
<div class="product"><a href="https://www.amazon.com/dp/B00WZQTCS8?tag=eloabder-20&linkCode=osi&th=1&psc=1"><img src="https://m.media-amazon.com/images/I/41iVoW5QboL._SL500_.jpg" alt="Product Image"></a><p>NYX PROFESSIONAL MAKEUP Micro Brow Pencil, Eyebrow Pencil - Espresso</p><p>$7.50</p><a href="https://www.amazon.com/dp/B00WZQTCS8?tag=eloabder-20&linkCode=osi&th=1&psc=1">View Product</a></div><div class="product"><a href="https://www.amazon.com/dp/B01643FI0I?tag=eloabder-20&linkCode=osi&th=1&psc=1"><img src="https://m.media-amazon.com/images/I/21w1DpgxRoL._SL500_.jpg" alt="Product Image"></a><p>L'Oreal Paris Makeup Brow Stylist Definer Waterproof Eyebrow Pencil, Ultra-Fine Mechanical Pencil, Draws Tiny Brow Hairs and Fills in Sparse Areas and Gaps, Dark Brunette, 0.003 Ounce (Pack of 1)</p><p>$8.98</p><a href="https://www.amazon.com/dp/B01643FI0I?tag=eloabder-20&linkCode=osi&th=1&psc=1">View Product</a></div><div class="product"><a href="https://www.amazon.com/dp/B0B52KG7YP?tag=eloabder-20&linkCode=osi&th=1&psc=1"><img src="https://m.media-amazon.com/images/I/31Mi4FEPxYL._SL500_.jpg" alt="Product Image"></a><p>e.l.f. Instant Lift Brow Pencil, Dual-Ended Precision Brow Pencils For Shaping & Defining Eyebrows, Vegan & Cruelty-Free, Neutral Brown, 2-Pack</p><p>$5.00</p><a href="https://www.amazon.com/dp/B0B52KG7YP?tag=eloabder-20&linkCode=osi&th=1&psc=1">View Product</a></div><div class="product"><a href="https://www.amazon.com/dp/B078KB7L4G?tag=eloabder-20&linkCode=osi&th=1&psc=1"><img src="https://m.media-amazon.com/images/I/31QF5SK3tzL._SL500_.jpg" alt="Product Image"></a><p>wet n wild Ultimate Eyebrow Retractable Definer Pencil, Medium Brown, Dual-Sided Brow Brush, Fine Tip, Shapes, Defines, Fills Brow Makeup</p><p>$2.74</p><a href="https://www.amazon.com/dp/B078KB7L4G?tag=eloabder-20&linkCode=osi&th=1&psc=1">View Product</a></div><div class="product"><a href="https://www.amazon.com/dp/B074VD4X7W?tag=eloabder-20&linkCode=osi&th=1&psc=1"><img src="https://m.media-amazon.com/images/I/41eK8J1W2rL._SL500_.jpg" alt="Product Image"></a><p>Maybelline Total Temptation Eyebrow Definer Pencil, Soft Brown, 1 Count</p><p>$8.99</p><a href="https://www.amazon.com/dp/B074VD4X7W?tag=eloabder-20&linkCode=osi&th=1&psc=1">View Product</a></div><div class="product"><a href="https://www.amazon.com/dp/B001ESKLZQ?tag=eloabder-20&linkCode=osi&th=1&psc=1"><img src="https://m.media-amazon.com/images/I/31bw47frHzS._SL500_.jpg" alt="Product Image"></a><p>COVERGIRL - Easy Breezy Brow Fill + Define Brow Pencil, Sharpener Included, Long-Lasting, Deeply Pigmented, Blendable Formula, 100% Cruelty-Free</p><p>$4.47</p><a href="https://www.amazon.com/dp/B001ESKLZQ?tag=eloabder-20&linkCode=osi&th=1&psc=1">View Product</a></div><div class="product"><a href="https://www.amazon.com/dp/B0D12PWNK6?tag=eloabder-20&linkCode=osi&th=1&psc=1"><img src="https://m.media-amazon.com/images/I/51u7eOlEtFL._SL500_.jpg" alt="Product Image"></a><p>iMethod Microblading Eyebrow Pen - Eyebrow Pencil Magical 2-in-1 Dual-Ended Eye Brow Pencils for Women with 4-Fork-Tip & Precise Brush-Tip Create Natural Hair-Like Brows, Last All-Day, Dark Brown</p><p>$14.97 ($14.97 / Count)</p><a href="https://www.amazon.com/dp/B0D12PWNK6?tag=eloabder-20&linkCode=osi&th=1&psc=1">View Product</a></div><div class="product"><a href="https://www.amazon.com/dp/B0CPFY8K8W?tag=eloabder-20&linkCode=osi&th=1&psc=1"><img src="https://m.media-amazon.com/images/I/21SmXiqZZYL._SL500_.jpg" alt="Product Image"></a><p>e.l.f. Instant Lift Waterproof Brow Pencil, Long-Lasting Eyebrow Pencil For Grooming & Shaping Brows, Vegan & Cruelty-free, Deep Brown</p><p>$4.00</p><a href="https://www.amazon.com/dp/B0CPFY8K8W?tag=eloabder-20&linkCode=osi&th=1&psc=1">View Product</a></div>
<div class="product"><a href="https://www.amazon.com/dp/B079B8BFR3?tag=eloabder-20&linkCode=osi&th=1&psc=1"><img src="https://m.media-amazon.com/images/I/41DSmndr3KL._SL500_.jpg" alt="Product Image"></a><p>KISS Looks So Natural, False Eyelashes, Shy', 12 mm, Includes 5 Pairs Of Lashes, Contact Lens Friendly, Easy to Apply, Reusable Strip Lashes, Glue On</p><p>$7.09</p><a href="https://www.amazon.com/dp/B079B8BFR3?tag=eloabder-20&linkCode=osi&th=1&psc=1">View Product</a></div><div class="product"><a href="https://www.amazon.com/dp/B09MQCDVM7?tag=eloabder-20&linkCode=osi&th=1&psc=1"><img src="https://m.media-amazon.com/images/I/510lQqrrVtL._SL500_.jpg" alt="Product Image"></a><p>False Eyelashes 14mm Faux 3D Mink Lashes Natural Look Fluffy Cat Eye Wispy Lashes Pack by Kiromiro, 14 Pairs</p><p>$8.89</p><a href="https://www.amazon.com/dp/B09MQCDVM7?tag=eloabder-20&linkCode=osi&th=1&psc=1">View Product</a></div><div class="product"><a href="https://www.amazon.com/dp/B00DS4EIEE?tag=eloabder-20&linkCode=osi&th=1&psc=1"><img src="https://m.media-amazon.com/images/I/415k4JSKxOL._SL500_.jpg" alt="Product Image"></a><p>KISS So Wispy, False Eyelashes, Style #11', 12 mm, Includes 5 Pairs Of Lashes, Contact Lens Friendly, Easy to Apply, Reusable Strip Lashes, Glue On, Mulitpack</p><p>$8.97 ($1.79 / Count)</p><a href="https://www.amazon.com/dp/B00DS4EIEE?tag=eloabder-20&linkCode=osi&th=1&psc=1">View Product</a></div><div class="product"><a href="https://www.amazon.com/dp/B0C5QK1QHP?tag=eloabder-20&linkCode=osi&th=1&psc=1"><img src="https://m.media-amazon.com/images/I/51eSQ4cj35L._SL500_.jpg" alt="Product Image"></a><p>Veleasha Lashes 5D Faux Mink Lashes 100% Handmade Luxurious Fake Eyelashes Lightweight Fluffy False Eyelashes 5 Pairs Pack (G2)</p><p>$6.98 ($1.40 / Count)</p><a href="https://www.amazon.com/dp/B0C5QK1QHP?tag=eloabder-20&linkCode=osi&th=1&psc=1">View Product</a></div><div class="product"><a href="https://www.amazon.com/dp/B0B1LRRTCH?tag=eloabder-20&linkCode=osi&th=1&psc=1"><img src="https://m.media-amazon.com/images/I/41gc2Df+nAL._SL500_.jpg" alt="Product Image"></a><p>GMAGICTOBO False Eyelashes Natural Half Lashes Short Wispy Clear Band Lashes Pack Cat Eye 3D Faux Mink Lashes Fake Eyelashes 7 Pairs Multipack</p><p>$8.59 ($1.23 / Count)</p><a href="https://www.amazon.com/dp/B0B1LRRTCH?tag=eloabder-20&linkCode=osi&th=1&psc=1">View Product</a></div><div class="product"><a href="https://www.amazon.com/dp/B08R6PR7ND?tag=eloabder-20&linkCode=osi&th=1&psc=1"><img src="https://m.media-amazon.com/images/I/41r4c3ZiCWL._SL500_.jpg" alt="Product Image"></a><p>KISS My Lash But Better, False Eyelashes, All Mine', 10 mm, Includes 1 Pair Of Lashes, Contact Lens Friendly, Easy to Apply, Reusable Strip Lashes, Glue-On</p><p>$3.97</p><a href="https://www.amazon.com/dp/B08R6PR7ND?tag=eloabder-20&linkCode=osi&th=1&psc=1">View Product</a></div><div class="product"><a href="https://www.amazon.com/dp/B0BX3YHN14?tag=eloabder-20&linkCode=osi&th=1&psc=1"><img src="https://m.media-amazon.com/images/I/51YYa1vTElL._SL500_.jpg" alt="Product Image"></a><p>KISS imPRESS Falsies False Eyelashes, Lash Clusters, Voluminous', 14 mm, Includes 20 Clusters, 1 applicator, Contact Lens Friendly, Easy to Apply, Reusable Strip Lashes</p><p>$12.72</p><a href="https://www.amazon.com/dp/B0BX3YHN14?tag=eloabder-20&linkCode=osi&th=1&psc=1">View Product</a></div><div class="product"><a href="https://www.amazon.com/dp/B00YYHHI1E?tag=eloabder-20&linkCode=osi&th=1&psc=1"><img src="https://m.media-amazon.com/images/I/419bv9iNI9L._SL500_.jpg" alt="Product Image"></a><p>Ardell False Eyelashes Demi Wispies Black, 1 pack (6 pairs per pack)</p><p>$9.74 ($1.95 / Count)</p><a href="https://www.amazon.com/dp/B00YYHHI1E?tag=eloabder-20&linkCode=osi&th=1&psc=1">View Product</a></div><div class="product"><a href="https://www.amazon.com/dp/B0CG5SY8J1?tag=eloabder-20&linkCode=osi&th=1&psc=1"><img src="https://m.media-amazon.com/images/I/41SWlZB3plL._SL500_.jpg" alt="Product Image"></a><p>Natural Lashes Natural Eyelashes Short Eyelashes Natural Look False Eyelashes Wispy Eye Lashes 10mm Small Lashes Fake Lashes K50</p><p>$7.93 ($1.13 / Count)</p><a href="https://www.amazon.com/dp/B0CG5SY8J1?tag=eloabder-20&linkCode=osi&th=1&psc=1">View Product</a></div><div class="product"><a href="https://www.amazon.com/dp/B08SPVMDTV?tag=eloabder-20&linkCode=osi&th=1&psc=1"><img src="https://m.media-amazon.com/images/I/41Q6wh0HacL._SL500_.jpg" alt="Product Image"></a><p>KISS Falscara Multipack False Eyelashes, Lash Clusters, Natural Wispy Wisps', 10mm-12mm-14mm, Includes 24 Assorted Lengths Wisps, Contact Lens Friendly, Easy to Apply, Reusable Strip Lashes</p><p>$6.47 ($0.27 / Count)</p><a href="https://www.amazon.com/dp/B08SPVMDTV?tag=eloabder-20&linkCode=osi&th=1&psc=1">View Product</a></div>
<div class="product"><a href="https://www.amazon.com/dp/B08ZYKFNLK?tag=eloabder-20&linkCode=osi&th=1&psc=1"><img src="https://m.media-amazon.com/images/I/41LSyt4W-HL._SL500_.jpg" alt="Product Image"></a><p>Makeup Sponge Set BS-MALL Blender Sponges 7 Pcs for Liquid, Cream, and Powder, Multi-colored with 1 Mini Makeup Sponge Pink (A-Pink）</p><p>$6.99 ($1.00 / Count)</p><a href="https://www.amazon.com/dp/B08ZYKFNLK?tag=eloabder-20&linkCode=osi&th=1&psc=1">View Product</a></div><div class="product"><a href="https://www.amazon.com/dp/B01F36JEXE?tag=eloabder-20&linkCode=osi&th=1&psc=1"><img src="https://m.media-amazon.com/images/I/41AHaVc97tL._SL500_.jpg" alt="Product Image"></a><p>BEAKEY Makeup Sponge 5 Pcs Set, Makeup Sponges for Foundation, Liquid, Cream and Powder. Latex-Free Boun Boun Beauty Sponge for Blending, Blender for Enhanced Make Up Application, Ideal Gift</p><p>$6.99 ($1.40 / Count)</p><a href="https://www.amazon.com/dp/B01F36JEXE?tag=eloabder-20&linkCode=osi&th=1&psc=1">View Product</a></div><div class="product"><a href="https://www.amazon.com/dp/B07VBNQ367?tag=eloabder-20&linkCode=osi&th=1&psc=1"><img src="https://m.media-amazon.com/images/I/41tK1+FK+ML._SL500_.jpg" alt="Product Image"></a><p>Beautyblender® | Original Pink Beauty Blender Makeup Sponge, Super-Soft Foam Easily Blends Foundations, Powders & Creams, Made in USA, Reusable, Washable, Streak Free Application, Vegan, Cruelty Free</p><p>$20.00</p><a href="https://www.amazon.com/dp/B07VBNQ367?tag=eloabder-20&linkCode=osi&th=1&psc=1">View Product</a></div><div class="product"><a href="https://www.amazon.com/dp/B013XJUWC0?tag=eloabder-20&linkCode=osi&th=1&psc=1"><img src="https://m.media-amazon.com/images/I/519iY4n1lHL._SL500_.jpg" alt="Product Image"></a><p>Aesthetica Cosmetics Beauty Sponge Blender - Latex Free and Vegan Makeup Sponge Blender - For Powder, Cream or Liquid Application - One Piece Make Up Sponge</p><p>$3.97</p><a href="https://www.amazon.com/dp/B013XJUWC0?tag=eloabder-20&linkCode=osi&th=1&psc=1">View Product</a></div><div class="product"><a href="https://www.amazon.com/dp/B08T79281H?tag=eloabder-20&linkCode=osi&th=1&psc=1"><img src="https://m.media-amazon.com/images/I/41OyxvePdBL._SL500_.jpg" alt="Product Image"></a><p>DUAIU 4 Pcs Makeup Sponge Set Beauty Sponge Foundation Blending Sponge, Flawless for Liquid, Cream, and Powder, Multi-colored Makeup Sponges with Storage Box</p><p>$4.99 ($1.25 / Count)</p><a href="https://www.amazon.com/dp/B08T79281H?tag=eloabder-20&linkCode=osi&th=1&psc=1">View Product</a></div><div class="product"><a href="https://www.amazon.com/dp/B00EUBPHR6?tag=eloabder-20&linkCode=osi&th=1&psc=1"><img src="https://m.media-amazon.com/images/I/31BZh7Bg7hL._SL500_.jpg" alt="Product Image"></a><p>Real Techniques Miracle Complexion Sponge, Makeup Blending Sponge, For Liquid & Cream Foundation, Offers Light To Medium Coverage, Natural, Dewy Makeup, Orange Sponge, Latex-Free Foam, 1 Count</p><p>$4.57</p><a href="https://www.amazon.com/dp/B00EUBPHR6?tag=eloabder-20&linkCode=osi&th=1&psc=1">View Product</a></div><div class="product"><a href="https://www.amazon.com/dp/B0CL2FKVH2?tag=eloabder-20&linkCode=osi&th=1&psc=1"><img src="https://m.media-amazon.com/images/I/41u81y8DJoL._SL500_.jpg" alt="Product Image"></a><p>14 Pcs Makeup Sponge Set,Beauty Sponges Blender with 4 Pcs Powder Puff and 4 Pcs Mini Make up Sponges Valentine's Day Gift,Mother's Day Gift for Women Liquid,Foundation,Powder,Concealer,Cream(Pink)</p><p>$8.99 ($0.64 / Count)</p><a href="https://www.amazon.com/dp/B0CL2FKVH2?tag=eloabder-20&linkCode=osi&th=1&psc=1">View Product</a></div><div class="product"><a href="https://www.amazon.com/dp/B0CTX1X4F1?tag=eloabder-20&linkCode=osi&th=1&psc=1"><img src="https://m.media-amazon.com/images/I/31dP1yTUmWL._SL500_.jpg" alt="Product Image"></a><p>GFOUNS 15 pcs Beauty blender Makeup Sponge Bulk:Blender Sponges 15 Pcs for Liquid, Cream, and Powder, Multi-colored Pink make up sponges for foundation</p><p>$5.99</p><a href="https://www.amazon.com/dp/B0CTX1X4F1?tag=eloabder-20&linkCode=osi&th=1&psc=1">View Product</a></div>
<div class="product"><a href="https://www.amazon.com/dp/B010CRFSTI?tag=eloabder-20&linkCode=osi&th=1&psc=1"><img src="https://m.media-amazon.com/images/I/41JQ+znx4gL._SL500_.jpg" alt="Product Image"></a><p>Conair Salon Results Hairbrush Set - Travel Hair Brush - Hairbrushes for All Hair Types - Travel size + Full-size Brush</p><p>$5.88 ($2.94 / Count)</p><a href="https://www.amazon.com/dp/B010CRFSTI?tag=eloabder-20&linkCode=osi&th=1&psc=1">View Product</a></div><div class="product"><a href="https://www.amazon.com/dp/B094DK6JNF?tag=eloabder-20&linkCode=osi&th=1&psc=1"><img src="https://m.media-amazon.com/images/I/31dF+T3k3nL._SL500_.jpg" alt="Product Image"></a><p>Wet Brush Original Detangler Hair Brush, Amazon Exclusive Aqua- Ultra-Soft IntelliFlex Bristles-Detangling Hairbrush Glides Through Tangles For All Hair Types (Wet Dry & Damaged Hair) - Women & Men</p><p>$8.99</p><a href="https://www.amazon.com/dp/B094DK6JNF?tag=eloabder-20&linkCode=osi&th=1&psc=1">View Product</a></div>

<div class="product"><a href="https://www.amazon.com/dp/B07KSQZ4MR?tag=eloabder-20&linkCode=osi&th=1&psc=1"><img src="https://m.media-amazon.com/images/I/31A-mCllrgL._SL500_.jpg" alt="Product Image"></a><p>Hot Tools Pro Artist Black Gold Evolve Ionic Salon Hair Flat Iron | Long-Lasting Finish for Straightening Hair, (1-1/4 in), HT7123BG</p><p>$61.50</p><a href="https://www.amazon.com/dp/B07KSQZ4MR?tag=eloabder-20&linkCode=osi&th=1&psc=1">View Product</a></div>
<div class="product"><a href="https://www.amazon.com/dp/B0027SU9JU?tag=eloabder-20&linkCode=osi&th=1&psc=1"><img src="https://m.media-amazon.com/images/I/31rfzenB9mL._SL500_.jpg" alt="Product Image"></a><p>REVLON Turbo Hair Dryer with Advanced Ionic Technology, Ceramic Coating | Turbo Heat and Cold Shot Features, 1875 Watts for Fast Drying and Shine (Silver)</p><p>$19.99</p><a href="https://www.amazon.com/dp/B0027SU9JU?tag=eloabder-20&linkCode=osi&th=1&psc=1">View Product</a></div>

<div class="product"><a href="https://www.amazon.com/dp/B07PBXXNCY?tag=eloabder-20&linkCode=osi&th=1&psc=1"><img src="https://m.media-amazon.com/images/I/31OVxUr+bUL._SL500_.jpg" alt="Product Image"></a><p>Clean Skin Club Clean Towels XL™, 100% USDA Biobased Face Towel, Disposable Face Towelette, Makeup Remover Dry Wipes, Ultra Soft, 50 Ct, 1 Pack</p><p>$17.95 ($0.36 / Count)</p><a href="https://www.amazon.com/dp/B07PBXXNCY?tag=eloabder-20&linkCode=osi&th=1&psc=1">View Product</a></div><div class="product"><a href="https://www.amazon.com/dp/B01LEJ5MSK?tag=eloabder-20&linkCode=osi&th=1&psc=1"><img src="https://m.media-amazon.com/images/I/418xEMrk6LL._SL500_.jpg" alt="Product Image"></a><p>COSRX Snail Mucin 92% Repair Cream, Daily Face Gel Moisturizer for Dry Skin, Acne-prone, Sensitive Skin, Not Tested on Animals, No Parabens, Korean Skincare (3.52 Fl Oz (Pack of 1))</p><p>$13.99 ($3.97 / Fl Oz)</p><a href="https://www.amazon.com/dp/B01LEJ5MSK?tag=eloabder-20&linkCode=osi&th=1&psc=1">View Product</a></div>
<div class="product"><a href="https://www.amazon.com/dp/B076FHJ3K5?tag=eloabder-20&linkCode=osi&th=1&psc=1"><img src="https://m.media-amazon.com/images/I/31QAqxeYpoL._SL500_.jpg" alt="Product Image"></a><p>Marc Anthony Leave-In Conditioner Spray & Detangler, Grow Long Biotin - Anti-Frizz Deep Conditioner For Split Ends & Breakage - Vitamin E, Caffeine & Ginseng for Curly, Dry & Damaged Hair</p><p>$7.67 ($0.91 / Fl Oz)</p><a href="https://www.amazon.com/dp/B076FHJ3K5?tag=eloabder-20&linkCode=osi&th=1&psc=1">View Product</a></div><div class="product"><a href="https://www.amazon.com/dp/B0B941W753?tag=eloabder-20&linkCode=osi&th=1&psc=1"><img src="https://m.media-amazon.com/images/I/3154MYZlHiL._SL500_.jpg" alt="Product Image"></a><p>MONDAY HAIRCARE Volume Shampoo + Conditioner Set (2 Pack) 12oz Each for Thin, Fine, and Oily Hair, Made from Coconut Oil, Ginger Extract, & Vitamin E, 100% Recyclable Bottles</p><p>$13.99 ($0.58 / Fl Oz)</p><a href="https://www.amazon.com/dp/B0B941W753?tag=eloabder-20&linkCode=osi&th=1&psc=1">View Product</a></div><div class="product"><a href="https://www.amazon.com/dp/B0CS29PK2J?tag=eloabder-20&linkCode=osi&th=1&psc=1"><img src="https://m.media-amazon.com/images/I/315FU9SHGsL._SL500_.jpg" alt="Product Image"></a><p>Monday Moisture Leave-in Conditioner 5 Oz</p><p>$5.41 ($1.08 / Fl Oz)</p><a href="https://www.amazon.com/dp/B0CS29PK2J?tag=eloabder-20&linkCode=osi&th=1&psc=1">View Product</a></div><div class="product"><a href="https://www.amazon.com/dp/B0B941XTDZ?tag=eloabder-20&linkCode=osi&th=1&psc=1"><img src="https://m.media-amazon.com/images/I/41eavjiNYyL._SL500_.jpg" alt="Product Image"></a><p>MONDAY HAIRCARE Moisture Shampoo + Conditioner Set for Dry, Coarse, Stressed, Coily & Curly Hair, Made from Coconut Oil, Rice Protein, Shea Butter, & Vitamin E, All-Natural, 12 Fl Oz (Pack of 2)</p><p>$13.99 ($0.58 / Fl Oz)</p><a href="https://www.amazon.com/dp/B0B941XTDZ?tag=eloabder-20&linkCode=osi&th=1&psc=1">View Product</a></div><div class="product"><a href="https://www.amazon.com/dp/B07N7PK9QK?tag=eloabder-20&linkCode=osi&th=1&psc=1"><img src="https://m.media-amazon.com/images/I/416K3ahcJsL._SL500_.jpg" alt="Product Image"></a><p>Mielle Organics Rosemary Mint Scalp & Hair Strengthening Oil for All Hair Types, 2 Ounce</p><p>$9.50 ($4.75 / Fl Oz)</p><a href="https://www.amazon.com/dp/B07N7PK9QK?tag=eloabder-20&linkCode=osi&th=1&psc=1">View Product</a></div><div class="product"><a href="https://www.amazon.com/dp/B005PV0FDG?tag=eloabder-20&linkCode=osi&th=1&psc=1"><img src="https://m.media-amazon.com/images/I/310l+q4ImxL._SL500_.jpg" alt="Product Image"></a><p>It's a 10 Haircare Miracle Leave-In product, 10 fl. oz.</p><p>$27.98 ($2.80 / Fl Oz)</p><a href="https://www.amazon.com/dp/B005PV0FDG?tag=eloabder-20&linkCode=osi&th=1&psc=1">View Product</a></div><div class="product"><a href="https://www.amazon.com/dp/B0C3K3XX95?tag=eloabder-20&linkCode=osi&th=1&psc=1"><img src="https://m.media-amazon.com/images/I/41+CLmIGVIL._SL500_.jpg" alt="Product Image"></a><p>MONDAY HAIRCARE Repair Shampoo and Conditioner Set 12oz for Dry to Damaged Hair, Made with Keratin, Coconut Oil, Shea Butter and Vitamin E</p><p>$13.99 ($0.58 / Fl Oz)</p><a href="https://www.amazon.com/dp/B0C3K3XX95?tag=eloabder-20&linkCode=osi&th=1&psc=1">View Product</a></div>
<div class="product"><a href="https://www.amazon.com/dp/B09F5L7756?tag=eloabder-20&linkCode=osi&th=1&psc=1"><img src="https://m.media-amazon.com/images/I/61qJVRNSjFL._SL500_.jpg" alt="Product Image"></a><p>Vaseline Intensive Care Cocoa Radiant For Glowing Skin 3 Count Body Gel Oil Body Oil Made with 100% Pure Cocoa Butter + Replenishing Oils 6.8oz</p><p>$19.44 ($0.95 / Fl Oz)</p><a href="https://www.amazon.com/dp/B09F5L7756?tag=eloabder-20&linkCode=osi&th=1&psc=1">View Product</a></div><div class="product"><a href="https://www.amazon.com/dp/B08T4FLJQZ?tag=eloabder-20&linkCode=osi&th=1&psc=1"><img src="https://m.media-amazon.com/images/I/317LIpGPZiL._SL500_.jpg" alt="Product Image"></a><p>Dove Scrub Brown Sugar & Coconut Butter For Silky Smooth Skin Body Scrub Exfoliates & Restores Skin's Natural Nutrients 10.5 oz</p><p>$6.97 ($0.66 / Ounce)</p><a href="https://www.amazon.com/dp/B08T4FLJQZ?tag=eloabder-20&linkCode=osi&th=1&psc=1">View Product</a></div><div class="product"><a href="https://www.amazon.com/dp/B0CNKZW8HL?tag=eloabder-20&linkCode=osi&th=1&psc=1"><img src="https://m.media-amazon.com/images/I/61vGHE3wEWL._SL500_.jpg" alt="Product Image"></a><p>Dove Men+Care Body Wash Sandalwood + Cardamom Oil to Rebuild Skin in the Shower with Plant-Based Cleansers and Moisturizers 26 oz</p><p>$9.97 ($0.38 / Fl Oz)</p><a href="https://www.amazon.com/dp/B0CNKZW8HL?tag=eloabder-20&linkCode=osi&th=1&psc=1">View Product</a></div><div class="product"><a href="https://www.amazon.com/dp/B089NCFBQZ?tag=eloabder-20&linkCode=osi&th=1&psc=1"><img src="https://m.media-amazon.com/images/I/41WGBM4YipL._SL500_.jpg" alt="Product Image"></a><p>Vaseline Illuminate Me Shimmering Body Oil Created for Melanin Rich Skin, Illuminates Skin with Finishing Touch of Shimmer for Glowing Skin 3.3 oz</p><p>$8.75 ($2.65 / Fl Oz)</p><a href="https://www.amazon.com/dp/B089NCFBQZ?tag=eloabder-20&linkCode=osi&th=1&psc=1">View Product</a></div><div class="product"><a href="https://www.amazon.com/dp/B0CNL19TQG?tag=eloabder-20&linkCode=osi&th=1&psc=1"><img src="https://m.media-amazon.com/images/I/61kqkkFXOkL._SL500_.jpg" alt="Product Image"></a><p>Dove Men+Care Body Wash Eucalyptus + Cedar Oil to Rebuild Skin in the Shower with Plant-Based Cleansers and Moisturizers 26 oz</p><p>$9.99 ($0.38 / Fl Oz)</p><a href="https://www.amazon.com/dp/B0CNL19TQG?tag=eloabder-20&linkCode=osi&th=1&psc=1">View Product</a></div><div class="product"><a href="https://www.amazon.com/dp/B07HMDGJCJ?tag=eloabder-20&linkCode=osi&th=1&psc=1"><img src="https://m.media-amazon.com/images/I/31TuC5EJeNL._SL500_.jpg" alt="Product Image"></a><p>SOL DE JANEIRO 4 Play Moisturizing Shower Cream Gel Body Wash 90mL</p><p>$10.00 ($3.33 / Fl Oz)</p><a href="https://www.amazon.com/dp/B07HMDGJCJ?tag=eloabder-20&linkCode=osi&th=1&psc=1">View Product</a></div>
<div class="product"><a href="https://www.amazon.com/dp/B00HVI8WYU?tag=eloabder-20&linkCode=osi&th=1&psc=1"><img src="https://m.media-amazon.com/images/I/31educzzSsL._SL500_.jpg" alt="Product Image"></a><p>e.l.f. Hydrating Face Primer, Makeup Primer For Flawless, Smooth Skin & Long-Lasting Makeup, Fills In Pores & Fine Lines, Vegan & Cruelty-free, Small</p><p>$8.00</p><a href="https://www.amazon.com/dp/B00HVI8WYU?tag=eloabder-20&linkCode=osi&th=1&psc=1">View Product</a></div><div class="product"><a href="https://www.amazon.com/dp/B088W7L534?tag=eloabder-20&linkCode=osi&th=1&psc=1"><img src="https://m.media-amazon.com/images/I/31A5rZUAKyL._SL500_.jpg" alt="Product Image"></a><p>e.l.f. Monochromatic Multi Stick, Luxuriously Creamy & Blendable Color, For Eyes, Lips & Cheeks, Dazzling Peony, 0.17 oz (5 g)</p><p>$5.00</p><a href="https://www.amazon.com/dp/B088W7L534?tag=eloabder-20&linkCode=osi&th=1&psc=1">View Product</a></div><div class="product"><a href="https://www.amazon.com/dp/B0CMJZ8G6Y?tag=eloabder-20&linkCode=osi&th=1&psc=1"><img src="https://m.media-amazon.com/images/I/31KdGu0F8vL._SL500_.jpg" alt="Product Image"></a><p>e.l.f. Glow Reviver Lip Oil, Nourishing Tinted Lip Oil For A High-shine Finish, Infused With Jojoba Oil, Vegan & Cruelty-free, Rose Envy</p><p>$8.00</p><a href="https://www.amazon.com/dp/B0CMJZ8G6Y?tag=eloabder-20&linkCode=osi&th=1&psc=1">View Product</a></div><div class="product"><a href="https://www.amazon.com/dp/B08H3JPH74?tag=eloabder-20&linkCode=osi&th=1&psc=1"><img src="https://m.media-amazon.com/images/I/31hf532TEHL._SL500_.jpg" alt="Product Image"></a><p>Maybelline Lash Sensational Sky High Washable Mascara Makeup, Volumizing, Lengthening, Defining, Curling, Multiplying, Buildable Formula, Blackest Black, 1 Count</p><p>$9.98</p><a href="https://www.amazon.com/dp/B08H3JPH74?tag=eloabder-20&linkCode=osi&th=1&psc=1">View Product</a></div>
<div class="product"><a href="https://www.amazon.com/dp/B09C8VNWBP?tag=eloabder-20&linkCode=osi&th=1&psc=1"><img src="https://m.media-amazon.com/images/I/31ObnTRpJ5L._SL500_.jpg" alt="Product Image"></a><p>Lattafa Yara for Women Eau de Parfum Spray, 3.40 Ounce / 100 ml</p><p>$22.77 ($6.70 / Fl Oz)</p><a href="https://www.amazon.com/dp/B09C8VNWBP?tag=eloabder-20&linkCode=osi&th=1&psc=1">View Product</a></div><div class="product"><a href="https://www.amazon.com/dp/B000E7WHCI?tag=eloabder-20&linkCode=osi&th=1&psc=1"><img src="https://m.media-amazon.com/images/I/31V1XkKkWXL._SL500_.jpg" alt="Product Image"></a><p>Vera Wang Eau de Parfum for Women - Delicate, Floral Scent - Notes of Iris, Lillies, & Sandalwood - Feminine & Subtle - 3.4 Fl Oz</p><p>$26.47 ($7.79 / Fl Oz)</p><a href="https://www.amazon.com/dp/B000E7WHCI?tag=eloabder-20&linkCode=osi&th=1&psc=1">View Product</a></div><div class="product"><a href="https://www.amazon.com/dp/B0B1HB719V?tag=eloabder-20&linkCode=osi&th=1&psc=1"><img src="https://m.media-amazon.com/images/I/31R9CfuokSL._SL500_.jpg" alt="Product Image"></a><p>Sol de Janeiro Cheirosa '68 Hair & Body Fragrance Mist 90mL/3.0 fl oz.</p><p>$24.00 ($8.00 / Fl Oz)</p><a href="https://www.amazon.com/dp/B0B1HB719V?tag=eloabder-20&linkCode=osi&th=1&psc=1">View Product</a></div><div class="product"><a href="https://www.amazon.com/dp/B01KYRUBT8?tag=eloabder-20&linkCode=osi&th=1&psc=1"><img src="https://m.media-amazon.com/images/I/41BYbHm20iL._SL500_.jpg" alt="Product Image"></a><p>Al-Rehab Choco Musk Eau de Parfum Spray for Women, 1.7 Ounce</p><p>$7.80 ($4.59 / Fl Oz)</p><a href="https://www.amazon.com/dp/B01KYRUBT8?tag=eloabder-20&linkCode=osi&th=1&psc=1">View Product</a></div><div class="product"><a href="https://www.amazon.com/dp/B07NJJZK3W?tag=eloabder-20&linkCode=osi&th=1&psc=1"><img src="https://m.media-amazon.com/images/I/41YNfQAjjLL._SL500_.jpg" alt="Product Image"></a><p>Swiss Arabian Layali Rouge - Luxury Products From Dubai - Lasting And Addictive Personal Perfume Oil Fragrance - A Seductive, Signature Aroma - The Luxurious Scent Of Arabia - 0.5 Oz</p><p>$23.48 ($46.96 / Fl Oz)</p><a href="https://www.amazon.com/dp/B07NJJZK3W?tag=eloabder-20&linkCode=osi&th=1&psc=1">View Product</a></div><div class="product"><a href="https://www.amazon.com/dp/B000JL7WQK?tag=eloabder-20&linkCode=osi&th=1&psc=1"><img src="https://m.media-amazon.com/images/I/41WJsYdkRbL._SL500_.jpg" alt="Product Image"></a><p>Vera Wang Princess Eau de Toilette Spray for Women, Vanilla, 3.4 Fl Ounce</p><p>$25.49 ($7.50 / Fl Oz)</p><a href="https://www.amazon.com/dp/B000JL7WQK?tag=eloabder-20&linkCode=osi&th=1&psc=1">View Product</a></div><div class="product"><a href="https://www.amazon.com/dp/B000C1Z5AW?tag=eloabder-20&linkCode=osi&th=1&psc=1"><img src="https://m.media-amazon.com/images/I/31pCnWTh3yL._SL500_.jpg" alt="Product Image"></a><p>Pleasures By Estee Lauder For Women. Eau De Parfum Spray 3.4 Ounces</p><p>$35.00 ($10.29 / Fl Oz)</p><a href="https://www.amazon.com/dp/B000C1Z5AW?tag=eloabder-20&linkCode=osi&th=1&psc=1">View Product</a></div><div class="product"><a href="https://www.amazon.com/dp/B000P22TIY?tag=eloabder-20&linkCode=osi&th=1&psc=1"><img src="https://m.media-amazon.com/images/I/31h9AoIGn3L._SL500_.jpg" alt="Product Image"></a><p>Nautica Voyage Eau De Toilette for Men - Fresh, Romantic, Fruity Scent Woody, Aquatic Notes of Apple, Water Lotus, Cedarwood, and Musk Ideal Day Wear 3.3 Fl Oz</p><p>$18.90 ($5.73 / Fl Oz)</p><a href="https://www.amazon.com/dp/B000P22TIY?tag=eloabder-20&linkCode=osi&th=1&psc=1">View Product</a></div><div class="product"><a href="https://www.amazon.com/dp/B00GZP041Y?tag=eloabder-20&linkCode=osi&th=1&psc=1"><img src="https://m.media-amazon.com/images/I/41-2Bb4gj+L._SL500_.jpg" alt="Product Image"></a><p>Versace Bright Crystal Absolu Eau de Perfume Spray, 3.0 Ounce</p><p>$52.67 ($17.56 / Fl Oz)</p><a href="https://www.amazon.com/dp/B00GZP041Y?tag=eloabder-20&linkCode=osi&th=1&psc=1">View Product</a></div>





<div class="product"><a href="https://www.amazon.com/dp/B0B2RM68G2?tag=eloabder-20&linkCode=osi&th=1&psc=1"><img src="https://m.media-amazon.com/images/I/41VafG53fjL._SL500_.jpg" alt="Product Image"></a><p>BIODANCE Bio-Collagen Real Deep Mask, Hydrating Overnight Hydrogel Mask, Pore Minimizing, Elasticity Improvement, 34g x4ea</p><p>$19.00 ($4.75 / Count)</p><a href="https://www.amazon.com/dp/B0B2RM68G2?tag=eloabder-20&linkCode=osi&th=1&psc=1">View Product</a></div><div class="product"><a href="https://www.amazon.com/dp/B00BAM7F8C?tag=eloabder-20&linkCode=osi&th=1&psc=1"><img src="https://m.media-amazon.com/images/I/51jsS9SDHeL._SL500_.jpg" alt="Product Image"></a><p>DERMAL 16 Combo Pack A Collagen Essencce Korean Face Mask - Hydrating & Soothing Facial Mask with Panthenol - Hypoallergenic Self Care Sheet Mask for All Skin Types - Natural Home Spa Treatment Masks</p><p>$11.99</p><a href="https://www.amazon.com/dp/B00BAM7F8C?tag=eloabder-20&linkCode=osi&th=1&psc=1">View Product</a></div><div class="product"><a href="https://www.amazon.com/dp/B07FPJHPX1?tag=eloabder-20&linkCode=osi&th=1&psc=1"><img src="https://m.media-amazon.com/images/I/51uNOnTpxTL._SL500_.jpg" alt="Product Image"></a><p>Celavi Essence Facial Sheet Face Mask Variety Set Classic Authentic Korean Moisturizing Skincare (12-Packs)</p><p>$9.40 ($0.78 / Count)</p><a href="https://www.amazon.com/dp/B07FPJHPX1?tag=eloabder-20&linkCode=osi&th=1&psc=1">View Product</a></div><div class="product"><a href="https://www.amazon.com/dp/B0722LVW3B?tag=eloabder-20&linkCode=osi&th=1&psc=1"><img src="https://m.media-amazon.com/images/I/51Vm0lozSIL._SL500_.jpg" alt="Product Image"></a><p>DERMAL 24 Combo Pack A Collagen Essence Korean Face Mask - Hydrating & Soothing Facial Mask with Panthenol - Hypoallergenic Self Care Sheet Mask for All Skin Types - Natural Home Spa Treatment Mask</p><p>$16.99 ($0.71 / Count)</p><a href="https://www.amazon.com/dp/B0722LVW3B?tag=eloabder-20&linkCode=osi&th=1&psc=1">View Product</a></div><div class="product"><a href="https://www.amazon.com/dp/B0D7LXSSS5?tag=eloabder-20&linkCode=osi&th=1&psc=1"><img src="https://m.media-amazon.com/images/I/41N5HKnGTtL._SL500_.jpg" alt="Product Image"></a><p>SOYUB Collagen Face Mask - Hydrating Overnight Collagen Face Mask Deep Collagen Anti Wrinkle Lifting Mask - Pure Collagen Films for Improve Elasticity Firming And Moisturizing (4pcs/1 Box)</p><p>$13.79 ($3.45 / Count)</p><a href="https://www.amazon.com/dp/B0D7LXSSS5?tag=eloabder-20&linkCode=osi&th=1&psc=1">View Product</a></div><div class="product"><a href="https://www.amazon.com/dp/B007CY2C76?tag=eloabder-20&linkCode=osi&th=1&psc=1"><img src="https://m.media-amazon.com/images/I/31-131ZWvEL._SL500_.jpg" alt="Product Image"></a><p>Freeman Dead Sea Minerals Anti-Stress Clay Facial Mask, Hydrating & Clarifying, Clears Pores, Face Mask With Lavender & Bergamot For Radiant Skin, For All Skin Types, 6 fl. oz./175 mL Tube, 1 Count</p><p>$3.86 ($0.64 / Ounce)</p><a href="https://www.amazon.com/dp/B007CY2C76?tag=eloabder-20&linkCode=osi&th=1&psc=1">View Product</a></div>



<div class="product"><a href="https://www.amazon.com/dp/B0CZXG68J4?tag=eloabder-20&linkCode=osi&th=1&psc=1"><img src="https://m.media-amazon.com/images/I/41Xkis0092L._SL500_.jpg" alt="Product Image"></a><p>CNP Honey Lip Butter (0.5 fl.oz / 15ml) - Propolis Lipcerin™, Hydrating Overnight Manuka Lip Balm & Mask, 12hrs Long-lasting Moisture, Gentle Exfoliation, Hygienic Twist Dispenser, Korean Skin Care</p><p>$17.80 ($35.60 / Fl Oz)</p><a href="https://www.amazon.com/dp/B0CZXG68J4?tag=eloabder-20&linkCode=osi&th=1&psc=1">View Product</a></div><div class="product"><a href="https://www.amazon.com/dp/B08GJH4RZV?tag=eloabder-20&linkCode=osi&th=1&psc=1"><img src="https://m.media-amazon.com/images/I/41PXqEpAI1L._SL500_.jpg" alt="Product Image"></a><p>2PCS Lip Mask Overnight, Honey&Sakura Day and Night Repair Sleeping Lip Balm, Fade Lip Lines Bee Balm, Hydrating &Prevention Dry and Crack Lip Scrubs Exfoliator</p><p>$6.49</p><a href="https://www.amazon.com/dp/B08GJH4RZV?tag=eloabder-20&linkCode=osi&th=1&psc=1">View Product</a></div><div class="product"><a href="https://www.amazon.com/dp/B07XXPHQZK?tag=eloabder-20&linkCode=osi&th=1&psc=1"><img src="https://m.media-amazon.com/images/I/31mJBoxFgQL._SL500_.jpg" alt="Product Image"></a><p>LANEIGE Lip Sleeping Mask Berry: Nourish, Hydrate, Vitamin C, Murumuru & Shea Butter, Antioxidants, Flaky, Dry Lips</p><p>$24.00 ($34.29 / Ounce)</p><a href="https://www.amazon.com/dp/B07XXPHQZK?tag=eloabder-20&linkCode=osi&th=1&psc=1">View Product</a></div><div class="product"><a href="https://www.amazon.com/dp/B07Y91BMSK?tag=eloabder-20&linkCode=osi&th=1&psc=1"><img src="https://m.media-amazon.com/images/I/51P5ul4ewsL._SL500_.jpg" alt="Product Image"></a><p>NIVEA Lip Care, Fruity Tinted Lip Balm Variety Pack, Includes Cherry, Strawberry, Blackberry and Watermelon Scents, 0.17 Oz, Pack of 4</p><p>$9.69</p><a href="https://www.amazon.com/dp/B07Y91BMSK?tag=eloabder-20&linkCode=osi&th=1&psc=1">View Product</a></div><div class="product"><a href="https://www.amazon.com/dp/B082JJ4D98?tag=eloabder-20&linkCode=osi&th=1&psc=1"><img src="https://m.media-amazon.com/images/I/41zIrQdHI5L._SL500_.jpg" alt="Product Image"></a><p>NIVEA Smoothness Lip Care, Lip Balm SPF 15, Mineral Oil Free Lip Moisturizer with Shea Butter, Jojoba Oil and Avocado Oil, 0.17 Oz, Pack of 4</p><p>$8.40</p><a href="https://www.amazon.com/dp/B082JJ4D98?tag=eloabder-20&linkCode=osi&th=1&psc=1">View Product</a></div><div class="product"><a href="https://www.amazon.com/dp/B07MBHRYTJ?tag=eloabder-20&linkCode=osi&th=1&psc=1"><img src="https://m.media-amazon.com/images/I/410u8zP2pDL._SL500_.jpg" alt="Product Image"></a><p>Palmer's Coconut Oil Formula Lip Balm Duo, All-Day Moisturization, Lip Balm Easter Basket Stuffers, Hydrates Dry, Cracked Lips (Pack of 2)</p><p>$3.10 ($1.94 / Ounce)</p><a href="https://www.amazon.com/dp/B07MBHRYTJ?tag=eloabder-20&linkCode=osi&th=1&psc=1">View Product</a></div><div class="product"><a href="https://www.amazon.com/dp/B07YG8YVQW?tag=eloabder-20&linkCode=osi&th=1&psc=1"><img src="https://m.media-amazon.com/images/I/41tKxZOfwPL._SL500_.jpg" alt="Product Image"></a><p>NIVEA Moisture Lip Care, Lip Balm Stick with Shea Butter, Jojoba Oil and Avocado Oil, 0.17 Oz, Pack of 4</p><p>$9.98</p><a href="https://www.amazon.com/dp/B07YG8YVQW?tag=eloabder-20&linkCode=osi&th=1&psc=1">View Product</a></div><div class="product"><a href="https://www.amazon.com/dp/B08C8WMPMR?tag=eloabder-20&linkCode=osi&th=1&psc=1"><img src="https://m.media-amazon.com/images/I/410NuIkftlL._SL500_.jpg" alt="Product Image"></a><p>eos Medicated Lip Balm - The Fixer | Lip Care to Repair and Protect Chapped and Dry Lips | Instant Cooling and Pain Relief with Natural Ingredients | 0.35 oz</p><p>$3.97 ($11.34 / Fl Oz)</p><a href="https://www.amazon.com/dp/B08C8WMPMR?tag=eloabder-20&linkCode=osi&th=1&psc=1">View Product</a></div>




<div class="product"><a href="https://www.amazon.com/dp/B002CMLS50?tag=eloabder-20&linkCode=osi&th=1&psc=1"><img src="https://m.media-amazon.com/images/I/314ruNgESmL._SL500_.jpg" alt="Product Image"></a><p>Moroccanoil Hydrating Styling Cream, 10.2 Fl. Oz.</p><p>$36.00 ($3.53 / Fl Oz)</p><a href="https://www.amazon.com/dp/B002CMLS50?tag=eloabder-20&linkCode=osi&th=1&psc=1">View Product</a></div><div class="product"><a href="https://www.amazon.com/dp/B0050N4DLE?tag=eloabder-20&linkCode=osi&th=1&psc=1"><img src="https://m.media-amazon.com/images/I/31-lmMmL35L._SL500_.jpg" alt="Product Image"></a><p>Garnier Fructis Style Pure Clean Styling Gel 6.8 Fl Oz, 1 Count, (Packaging May Vary)</p><p>$4.49 ($0.66 / Fl Oz)</p><a href="https://www.amazon.com/dp/B0050N4DLE?tag=eloabder-20&linkCode=osi&th=1&psc=1">View Product</a></div><div class="product"><a href="https://www.amazon.com/dp/B07KB39L6L?tag=eloabder-20&linkCode=osi&th=1&psc=1"><img src="https://m.media-amazon.com/images/I/51U76BCUc5L._SL500_.jpg" alt="Product Image"></a><p>Hair Dough Styling Clay For Men, Matte Finish Molding Hair Wax Paste Quiff, Strong Hold Without The Shine</p><p>$18.99 ($5.43 / Ounce)</p><a href="https://www.amazon.com/dp/B07KB39L6L?tag=eloabder-20&linkCode=osi&th=1&psc=1">View Product</a></div><div class="product"><a href="https://www.amazon.com/dp/B0914XZT2W?tag=eloabder-20&linkCode=osi&th=1&psc=1"><img src="https://m.media-amazon.com/images/I/417h8kM6cCL._SL500_.jpg" alt="Product Image"></a><p>Samnyte Hair Wax Stick, Wax Stick for Hair Slick Stick, Hair Wax Stick for Women Kids, Hair Gel Stick for Girls Hair Accessories for Women Fly away Hair Tamer, Hair Bun Maker for Kids Styling Cream</p><p>$7.99 ($2.96 / Fl Oz)</p><a href="https://www.amazon.com/dp/B0914XZT2W?tag=eloabder-20&linkCode=osi&th=1&psc=1">View Product</a></div>



<div class="product"><a href="https://www.amazon.com/dp/B00A8S6HM4?tag=eloabder-20&linkCode=osi&th=1&psc=1"><img src="https://m.media-amazon.com/images/I/31tIssP5CQL._SL500_.jpg" alt="Product Image"></a><p>Gold Bond Healing Hand Cream, 3 oz., With Aloe, Moisture That Lasts Through Handwashing</p><p>$3.97 ($1.32 / Ounce)</p><a href="https://www.amazon.com/dp/B00A8S6HM4?tag=eloabder-20&linkCode=osi&th=1&psc=1">View Product</a></div><div class="product"><a href="https://www.amazon.com/dp/B006UEOQ5K?tag=eloabder-20&linkCode=osi&th=1&psc=1"><img src="https://m.media-amazon.com/images/I/316StCvRHcL._SL500_.jpg" alt="Product Image"></a><p>L’Occitane Shea Butter Hand Cream 5.1 Oz: Nourishes Very Dry Hands, Protects Skin, With 20% Organic Shea Butter, Vegan, 1 Sold Every 3 Seconds*</p><p>$27.00</p><a href="https://www.amazon.com/dp/B006UEOQ5K?tag=eloabder-20&linkCode=osi&th=1&psc=1">View Product</a></div><div class="product"><a href="https://www.amazon.com/dp/B00EYOSA9G?tag=eloabder-20&linkCode=osi&th=1&psc=1"><img src="https://m.media-amazon.com/images/I/41bhc+gcG0L._SL500_.jpg" alt="Product Image"></a><p>La Roche-Posay Cicaplast Hand Cream, Instant Relief Moisturizing Dry Hands Shea Butter Lotion for Dry Cracked Hands, Non Greasy, Fragrance Free, 1.69 Fl Oz (Pack of 1)</p><p>$11.99 ($7.05 / Fl Oz)</p><a href="https://www.amazon.com/dp/B00EYOSA9G?tag=eloabder-20&linkCode=osi&th=1&psc=1">View Product</a></div><div class="product"><a href="https://www.amazon.com/dp/B00BN2UF54?tag=eloabder-20&linkCode=osi&th=1&psc=1"><img src="https://m.media-amazon.com/images/I/41JdUlyNn5L._SL500_.jpg" alt="Product Image"></a><p>CeraVe Therapeutic Hand Cream for Dry Cracked Hands With Hyaluronic Acid and Niacinamide | Fragrance Free 3 Ounce</p><p>$10.47 ($3.49 / Ounce)</p><a href="https://www.amazon.com/dp/B00BN2UF54?tag=eloabder-20&linkCode=osi&th=1&psc=1">View Product</a></div><div class="product"><a href="https://www.amazon.com/dp/B09QP658PT?tag=eloabder-20&linkCode=osi&th=1&psc=1"><img src="https://m.media-amazon.com/images/I/31W-klVFPhL._SL500_.jpg" alt="Product Image"></a><p>eos Shea Better Hand Cream - Vanilla Cashmere | Instant Hydration + Lasting Protection | 2.5 oz</p><p>$3.97 ($1.59 / Fl Oz)</p><a href="https://www.amazon.com/dp/B09QP658PT?tag=eloabder-20&linkCode=osi&th=1&psc=1">View Product</a></div><div class="product"><a href="https://www.amazon.com/dp/B00121UVU0?tag=eloabder-20&linkCode=osi&th=1&psc=1"><img src="https://m.media-amazon.com/images/I/41eeed+P5BL._SL500_.jpg" alt="Product Image"></a><p>O'Keeffe's Working Hands Hand Cream for Extremely Dry, Cracked Hands, 3.4 Ounce Jar, (Pack 1)</p><p>$8.48 ($2.49 / Ounce)</p><a href="https://www.amazon.com/dp/B00121UVU0?tag=eloabder-20&linkCode=osi&th=1&psc=1">View Product</a></div><div class="product"><a href="https://www.amazon.com/dp/B0148PKYXU?tag=eloabder-20&linkCode=osi&th=1&psc=1"><img src="https://m.media-amazon.com/images/I/41cwut0DGKL._SL500_.jpg" alt="Product Image"></a><p>O'Keeffe's Working Hands Hand Cream, Relieves and Repairs Extremely Dry Hands, 3 oz Tube, (Pack of 2)</p><p>$15.17 ($2.53 / Ounce)</p><a href="https://www.amazon.com/dp/B0148PKYXU?tag=eloabder-20&linkCode=osi&th=1&psc=1">View Product</a></div><div class="product"><a href="https://www.amazon.com/dp/B08Q1B7DVZ?tag=eloabder-20&linkCode=osi&th=1&psc=1"><img src="https://m.media-amazon.com/images/I/41KbVXj2k4L._SL500_.jpg" alt="Product Image"></a><p>Neutrogena Norwegian Formula Moisturizing Hand Cream Formulated with Glycerin for Dry, Rough Hands, Fragrance-Free Intensive Hand Lotion, 2 oz, Pack of 6</p><p>$32.94 ($2.74 / Ounce)</p><a href="https://www.amazon.com/dp/B08Q1B7DVZ?tag=eloabder-20&linkCode=osi&th=1&psc=1">View Product</a></div><div class="product"><a href="https://www.amazon.com/dp/B017WJ9HHS?tag=eloabder-20&linkCode=osi&th=1&psc=1"><img src="https://m.media-amazon.com/images/I/41m9V-aLjwL._SL500_.jpg" alt="Product Image"></a><p>Vaseline Intensive Care Healthy Hands + Stronger Nails Hand Cream 75Ml - Pack of 2</p><p>$6.00 ($1.20 / Fl Oz)</p><a href="https://www.amazon.com/dp/B017WJ9HHS?tag=eloabder-20&linkCode=osi&th=1&psc=1">View Product</a></div><div class="product"><a href="https://www.amazon.com/dp/B002PK0ROM?tag=eloabder-20&linkCode=osi&th=1&psc=1"><img src="https://m.media-amazon.com/images/I/51ACxQvzcbL._SL500_.jpg" alt="Product Image"></a><p>Burt's Bees Almond & Milk Hand Cream, 2 Oz (Package May Vary)</p><p>$8.84 ($4.42 / Ounce)</p><a href="https://www.amazon.com/dp/B002PK0ROM?tag=eloabder-20&linkCode=osi&th=1&psc=1">View Product</a></div>

<div class="product"><a href="https://www.amazon.com/dp/B08GSTPT8Y?tag=eloabder-20&linkCode=osi&th=1&psc=1"><img src="https://m.media-amazon.com/images/I/41sX+hKcbML._SL500_.jpg" alt="Product Image"></a><p>AOA Studio Collection makeup Sponge Set Latex Free and High-definition Set of 6 makeup Wonder blender For Powder Cream and Liquid, Super Soft Wonder Beauty Cosmetic</p><p>$9.95 ($1.66 / Count)</p><a href="https://www.amazon.com/dp/B08GSTPT8Y?tag=eloabder-20&linkCode=osi&th=1&psc=1">View Product</a></div><div class="product"><a href="https://www.amazon.com/dp/B0CJFFR574?tag=eloabder-20&linkCode=osi&th=1&psc=1"><img src="https://m.media-amazon.com/images/I/41nkQ05yLcL._SL500_.jpg" alt="Product Image"></a><p>SUNGBOON EDITOR Deep Collagen Overnight Mask 37gx4ea | The real collagen 2,160,000ppb | Facial Hydrogel Masks with low molecular weight collagen for elasticity, firming, and moisturizing</p><p>$19.00 ($4.75 / Count)</p><a href="https://www.amazon.com/dp/B0CJFFR574?tag=eloabder-20&linkCode=osi&th=1&psc=1">View Product</a></div><div class="product"><a href="https://www.amazon.com/dp/B0B45LL4DD?tag=eloabder-20&linkCode=osi&th=1&psc=1"><img src="https://m.media-amazon.com/images/I/31ZNIWikbtL._SL500_.jpg" alt="Product Image"></a><p>Beauty of Joseon Revive Eye Serum with Retinal Niacinamide Correction for Puffy Eye Bags Fine Lines Dark Circles Wrinkles, Korean Skin Care 30ml, 1 fl.oz</p><p>$14.50 ($14.50 / Fl Oz)</p><a href="https://www.amazon.com/dp/B0B45LL4DD?tag=eloabder-20&linkCode=osi&th=1&psc=1">View Product</a></div><div class="product"><a href="https://www.amazon.com/dp/B0C4H1GPG1?tag=eloabder-20&linkCode=osi&th=1&psc=1"><img src="https://m.media-amazon.com/images/I/41jyzyKyY2L._SL500_.jpg" alt="Product Image"></a><p>BEAKEY Latex Free Blender Makeup Sponge for Blending, Pink Makeup Sponge Set, Soft Beauty Sponge, for Flawless Application of Liquid, Cream, and Powder Cosmetics, Pink Makeup Gifts</p><p>$6.99 ($1.40 / Count)</p><a href="https://www.amazon.com/dp/B0C4H1GPG1?tag=eloabder-20&linkCode=osi&th=1&psc=1">View Product</a></div><div class="product"><a href="https://www.amazon.com/dp/B00QPNVC0I?tag=eloabder-20&linkCode=osi&th=1&psc=1"><img src="https://m.media-amazon.com/images/I/31wV3gYUEpL._SL500_.jpg" alt="Product Image"></a><p>Real Techniques Miracle Complexion Sponge Set Duo, 2 Makeup Sponges For Liquid & Cream Makeup, Makeup Blender Sponge For Buildable Coverage, Foundation Sponge For Natural, Dewy Base, Latex-Free Foam</p><p>$7.69 ($3.84 / Count)</p><a href="https://www.amazon.com/dp/B00QPNVC0I?tag=eloabder-20&linkCode=osi&th=1&psc=1">View Product</a></div><div class="product"><a href="https://www.amazon.com/dp/B0CZYJYX4Q?tag=eloabder-20&linkCode=osi&th=1&psc=1"><img src="https://m.media-amazon.com/images/I/31hNatkE-9L._SL500_.jpg" alt="Product Image"></a><p>LANEIGE Lip Glowy Balm Mango: Hydrate, Glossy, Lightweight, Moisturize & Tint with Shea Butter</p><p>$19.00 ($54.29 / Ounce)</p><a href="https://www.amazon.com/dp/B0CZYJYX4Q?tag=eloabder-20&linkCode=osi&th=1&psc=1">View Product</a></div><div class="product"><a href="https://www.amazon.com/dp/B0CXQR14J3?tag=eloabder-20&linkCode=osi&th=1&psc=1"><img src="https://m.media-amazon.com/images/I/31RRaB6c+JL._SL500_.jpg" alt="Product Image"></a><p>e.l.f. Power Grip Dewy Setting Spray, Ultra Fine Mist Made With Hyaluronic Acid, Grips Makeup For A Hydrated, Dewy Finish, Vegan & Cruelty-Free</p><p>$10.00 ($3.70 / Fl Oz)</p><a href="https://www.amazon.com/dp/B0CXQR14J3?tag=eloabder-20&linkCode=osi&th=1&psc=1">View Product</a></div>
<div class="product"><a href="https://www.amazon.com/dp/B0057X7S7I?tag=eloabder-20&linkCode=osi&th=1&psc=1"><img src="https://m.media-amazon.com/images/I/31EGxy1hPjL._SL500_.jpg" alt="Product Image"></a><p>Rimmel Stay Glossy Lip Gloss - Non-Sticky and Lightweight Formula for Lip Color and Shine - 120 Non-Stop Glamour, .18oz</p><p>$3.97</p><a href="https://www.amazon.com/dp/B0057X7S7I?tag=eloabder-20&linkCode=osi&th=1&psc=1">View Product</a></div><div class="product"><a href="https://www.amazon.com/dp/B07MWTH3BY?tag=eloabder-20&linkCode=osi&th=1&psc=1"><img src="https://m.media-amazon.com/images/I/31xb-X48IBL._SL500_.jpg" alt="Product Image"></a><p>e.l.f. Monochromatic Multi Stick, Luxuriously Creamy & Blendable Color, For Eyes, Lips & Cheeks, Glistening Peach, 0.17 oz (5g)</p><p>$5.00</p><a href="https://www.amazon.com/dp/B07MWTH3BY?tag=eloabder-20&linkCode=osi&th=1&psc=1">View Product</a></div><div class="product"><a href="https://www.amazon.com/dp/B0CPFXMMBH?tag=eloabder-20&linkCode=osi&th=1&psc=1"><img src="https://m.media-amazon.com/images/I/21poCyHDdxL._SL500_.jpg" alt="Product Image"></a><p>e.l.f. Instant Lift Waterproof Brow Pencil, Long-Lasting Eyebrow Pencil For Grooming & Shaping Eyebrows, Vegan & Cruelty-free, Taupe</p><p>$3.00</p><a href="https://www.amazon.com/dp/B0CPFXMMBH?tag=eloabder-20&linkCode=osi&th=1&psc=1">View Product</a></div><div class="product"><a href="https://www.amazon.com/dp/B082YQ4QWW?tag=eloabder-20&linkCode=osi&th=1&psc=1"><img src="https://m.media-amazon.com/images/I/31S+aqgvx6L._SL500_.jpg" alt="Product Image"></a><p>wet n wild Mega Last High-Shine Lipstick Lip Color, Infused with Seed Oils For a Nourishing High-Shine, Buildable & Blendable Creamy Color, Cruelty-Free & Vegan - Pinky Ring</p><p>$2.28</p><a href="https://www.amazon.com/dp/B082YQ4QWW?tag=eloabder-20&linkCode=osi&th=1&psc=1">View Product</a></div><div class="product"><a href="https://www.amazon.com/dp/B0BDD7D34M?tag=eloabder-20&linkCode=osi&th=1&psc=1"><img src="https://m.media-amazon.com/images/I/51O5AVRXcUL._SL500_.jpg" alt="Product Image"></a><p>Maskiss 24k Gold Under Eye Patches (25 Pairs), eye mask, Collagen Skin Care Products, Eye Patches for Puffy Eyes, eye masks for dark circles and puffiness</p><p>$14.99 ($0.60 / Count)</p><a href="https://www.amazon.com/dp/B0BDD7D34M?tag=eloabder-20&linkCode=osi&th=1&psc=1">View Product</a></div><div class="product"><a href="https://www.amazon.com/dp/B004BCXEF6?tag=eloabder-20&linkCode=osi&th=1&psc=1"><img src="https://m.media-amazon.com/images/I/31t3gAw-N7L._SL500_.jpg" alt="Product Image"></a><p>L’Oreal Paris Makeup Voluminous Original Volume Building Waterproof Mascara, Carbon Black, 0.23 Fl Oz</p><p>$8.98</p><a href="https://www.amazon.com/dp/B004BCXEF6?tag=eloabder-20&linkCode=osi&th=1&psc=1">View Product</a></div>
<div class="product"><a href="https://www.amazon.com/dp/B0BSZ23FTF?tag=eloabder-20&linkCode=osi&th=1&psc=1"><img src="https://m.media-amazon.com/images/I/31GRN7P2p8L._SL500_.jpg" alt="Product Image"></a><p>Bubble Skincare Slam Dunk Face Moisturizer - Hydrating Face Cream for Dry Skin Made with Vitamin E + Aloe Vera Juice for a Glowing Complexion - Skin Care with Blue Light Protection (50ml)</p><p>$14.98 ($8.81 / Ounce)</p><a href="https://www.amazon.com/dp/B0BSZ23FTF?tag=eloabder-20&linkCode=osi&th=1&psc=1">View Product</a></div><div class="product"><a href="https://www.amazon.com/dp/B08T7DSZYD?tag=eloabder-20&linkCode=osi&th=1&psc=1"><img src="https://m.media-amazon.com/images/I/41WwUSxcyGL._SL500_.jpg" alt="Product Image"></a><p>e.l.f. SKIN Hydrated Ever After Skincare Mini Kit, Cleanser, Makeup Remover, Moisturiser & Eye Cream For Hydrating Skin, Airplane-Friendly Sizes</p><p>$19.99</p><a href="https://www.amazon.com/dp/B08T7DSZYD?tag=eloabder-20&linkCode=osi&th=1&psc=1">View Product</a></div><div class="product"><a href="https://www.amazon.com/dp/B0BSYX57T2?tag=eloabder-20&linkCode=osi&th=1&psc=1"><img src="https://m.media-amazon.com/images/I/31ssRlEo5QL._SL500_.jpg" alt="Product Image"></a><p>Bubble Skincare Bounce Back Balancing Facial Toner Mist - Hydrating Toner Spray + Pore Minimizer Made with Sea Water and Niacinamide to Help Improve Texture & Radiance (55ml)</p><p>$12.99 ($7.22 / Fl Oz)</p><a href="https://www.amazon.com/dp/B0BSYX57T2?tag=eloabder-20&linkCode=osi&th=1&psc=1">View Product</a></div><div class="product"><a href="https://www.amazon.com/dp/B000VPPUEA?tag=eloabder-20&linkCode=osi&th=1&psc=1"><img src="https://m.media-amazon.com/images/I/31e4JzjWhkL._SL500_.jpg" alt="Product Image"></a><p>Bio-Oil Skincare Body Oil, Vitamin E, Serum for Scars & Stretchmarks, Face & Body Moisturizer, 2 oz, All Skin Types</p><p>$11.12 ($5.56 / Fl Oz)</p><a href="https://www.amazon.com/dp/B000VPPUEA?tag=eloabder-20&linkCode=osi&th=1&psc=1">View Product</a></div><div class="product"><a href="https://www.amazon.com/dp/B0C2JPBNFX?tag=eloabder-20&linkCode=osi&th=1&psc=1"><img src="https://m.media-amazon.com/images/I/51LF1OXoo0L._SL500_.jpg" alt="Product Image"></a><p>Celavi K-Beauty Skincare Essence Facial Face Mask Korea Skin Care Moisturizing B Set 12 Pack</p><p>$9.99 ($0.83 / Count)</p><a href="https://www.amazon.com/dp/B0C2JPBNFX?tag=eloabder-20&linkCode=osi&th=1&psc=1">View Product</a></div><div class="product"><a href="https://www.amazon.com/dp/B0BSYJYQY2?tag=eloabder-20&linkCode=osi&th=1&psc=1"><img src="https://m.media-amazon.com/images/I/31aQkQwjJYL._SL500_.jpg" alt="Product Image"></a><p>Bubble Skincare Level Up Balancing Face Moisturizer - Hydrating Gel Moisturizer Formulated with Zinc PCA + Niacinamide for Improved Texture & Radiance - Skin Care for Oily or Combination Skin (50ml)</p><p>$14.99 ($8.87 / Fl Oz)</p><a href="https://www.amazon.com/dp/B0BSYJYQY2?tag=eloabder-20&linkCode=osi&th=1&psc=1">View Product</a></div><div class="product"><a href="https://www.amazon.com/dp/B0B826XRPH?tag=eloabder-20&linkCode=osi&th=1&psc=1"><img src="https://m.media-amazon.com/images/I/516nsOEA-mL._SL500_.jpg" alt="Product Image"></a><p>AURUZA Ice Face Roller and Gua Sha Set, Ice Roller for Face & Eye Puffiness Relief Beauty Facial Rollers Mold Icing Massage Skin Care Tools for Brighten Lubricate Shrink Pores Remove Fine Lines</p><p>$5.49</p><a href="https://www.amazon.com/dp/B0B826XRPH?tag=eloabder-20&linkCode=osi&th=1&psc=1">View Product</a></div><div class="product"><a href="https://www.amazon.com/dp/B0BS8Y2FLK?tag=eloabder-20&linkCode=osi&th=1&psc=1"><img src="https://m.media-amazon.com/images/I/41CX-bGjaRL._SL500_.jpg" alt="Product Image"></a><p>PEAUAMIE Under Eye Patches (30 Pairs) Gold Eye Mask and Hyaluronic Acid Eye Patches for puffy eyes,Rose Eye Masks for Dark Circles and Puffiness under eye skin care Smooth Wrinkles products</p><p>$9.99 ($0.33 / Count)</p><a href="https://www.amazon.com/dp/B0BS8Y2FLK?tag=eloabder-20&linkCode=osi&th=1&psc=1">View Product</a></div><div class="product"><a href="https://www.amazon.com/dp/B09NXS395V?tag=eloabder-20&linkCode=osi&th=1&psc=1"><img src="https://m.media-amazon.com/images/I/41ZHn0qwWwL._SL500_.jpg" alt="Product Image"></a><p>NAZANO Under Eye Patches - 60 Pcs - 24K Gold Eye Mask- Puffy Eyes & Dark Circles Treatments,Reduce Under Eye Bags and Smooth Wrinkles,Eye Skin Care Pads With Collagen,Hyaluronic Acid & Castor Oil</p><p>$8.99 ($0.30 / Count)</p><a href="https://www.amazon.com/dp/B09NXS395V?tag=eloabder-20&linkCode=osi&th=1&psc=1">View Product</a></div>
<div class="product"><a href="https://www.amazon.com/dp/B01N9SPQHQ?tag=eloabder-20&linkCode=osi&th=1&psc=1"><img src="https://m.media-amazon.com/images/I/41NHgWAaYAL._SL500_.jpg" alt="Product Image"></a><p>La Roche-Posay Toleriane Double Repair Face Moisturizer, Daily Moisturizer Face Cream with Ceramide and Niacinamide for All Skin Types, Oil Free, Fragrance Free</p><p>$23.99 ($7.10 / Fl Oz)</p><a href="https://www.amazon.com/dp/B01N9SPQHQ?tag=eloabder-20&linkCode=osi&th=1&psc=1">View Product</a></div><div class="product"><a href="https://www.amazon.com/dp/B00TTD9BRC?tag=eloabder-20&linkCode=osi&th=1&psc=1"><img src="https://m.media-amazon.com/images/I/41Kc6H7fboL._SL500_.jpg" alt="Product Image"></a><p>CeraVe Moisturizing Cream | Body and Face Moisturizer for Dry Skin | Body Cream with Hyaluronic Acid and Ceramides | Daily Moisturizer | Oil-Free | Fragrance Free | Non-Comedogenic | 19 Ounce</p><p>$17.78 ($0.94 / Ounce)</p><a href="https://www.amazon.com/dp/B00TTD9BRC?tag=eloabder-20&linkCode=osi&th=1&psc=1">View Product</a></div><div class="product"><a href="https://www.amazon.com/dp/B00NR1YQHM?tag=eloabder-20&linkCode=osi&th=1&psc=1"><img src="https://m.media-amazon.com/images/I/41yzZFTW63L._SL500_.jpg" alt="Product Image"></a><p>Neutrogena Hydro Boost Face Moisturizer with Hyaluronic Acid for Dry Skin, Oil-Free and Non-Comedogenic Water Gel Face Lotion, 1.7 oz</p><p>$13.31 ($7.83 / Ounce)</p><a href="https://www.amazon.com/dp/B00NR1YQHM?tag=eloabder-20&linkCode=osi&th=1&psc=1">View Product</a></div><div class="product"><a href="https://www.amazon.com/dp/B00HNSSPHC?tag=eloabder-20&linkCode=osi&th=1&psc=1"><img src="https://m.media-amazon.com/images/I/41rWFzQZdOL._SL500_.jpg" alt="Product Image"></a><p>Neutrogena Triple Age Repair Anti-Aging Daily Facial Moisturizer with SPF 25 Sunscreen & Vitamin C, Firming Anti-Wrinkle Face & Neck Cream for Dark Spots, Glycerin & Shea Butter, 1.7 oz</p><p>$19.56 ($11.51 / Ounce)</p><a href="https://www.amazon.com/dp/B00HNSSPHC?tag=eloabder-20&linkCode=osi&th=1&psc=1">View Product</a></div><div class="product"><a href="https://www.amazon.com/dp/B000YJ2SLG?tag=eloabder-20&linkCode=osi&th=1&psc=1"><img src="https://m.media-amazon.com/images/I/31J9bWXnQ+L._SL500_.jpg" alt="Product Image"></a><p>CeraVe Daily Moisturizing Lotion for Dry Skin | Body Lotion & Face Moisturizer with Hyaluronic Acid and Ceramides | Daily Moisturizer | Fragrance Free | Oil-Free | 12 Ounce</p><p>$13.68 ($1.14 / Fl Oz)</p><a href="https://www.amazon.com/dp/B000YJ2SLG?tag=eloabder-20&linkCode=osi&th=1&psc=1">View Product</a></div><div class="product"><a href="https://www.amazon.com/dp/B099N1LC4R?tag=eloabder-20&linkCode=osi&th=1&psc=1"><img src="https://m.media-amazon.com/images/I/41lZIG8wQNL._SL500_.jpg" alt="Product Image"></a><p>Cetaphil Face & Body Moisturizer, Hydrating Moisturizing Cream For Dry To Very Dry, Sensitive Skin, NEW 20 Oz, Fragrance Free, Non-Comedogenic, Non-Greasy (Packaging May Vary)</p><p>$15.97 ($0.80 / Ounce)</p><a href="https://www.amazon.com/dp/B099N1LC4R?tag=eloabder-20&linkCode=osi&th=1&psc=1">View Product</a></div><div class="product"><a href="https://www.amazon.com/dp/B01H20MA62?tag=eloabder-20&linkCode=osi&th=1&psc=1"><img src="https://m.media-amazon.com/images/I/41xuvNUpUML._SL500_.jpg" alt="Product Image"></a><p>Cetaphil Face & Body Moisturizer, Hydrating Moisturizing Cream for Dry to Very Dry, Sensitive Skin, NEW 16 Oz 2 Pack, Fragrance Free, Non-Comedogenic, Non-Greasy</p><p>$19.48 ($0.61 / Ounce)</p><a href="https://www.amazon.com/dp/B01H20MA62?tag=eloabder-20&linkCode=osi&th=1&psc=1">View Product</a></div><div class="product"><a href="https://www.amazon.com/dp/B01NCWV3KM?tag=eloabder-20&linkCode=osi&th=1&psc=1"><img src="https://m.media-amazon.com/images/I/41Q1ESUhSeL._SL500_.jpg" alt="Product Image"></a><p>La Roche-Posay Toleriane Double Repair UV SPF Moisturizer for Face, Daily Facial Moisturizer with Sunscreen SPF 30, Niacinamide and Glycerin, Oil Free, Moisturizing Sun Protection</p><p>$24.99 ($10.00 / Fl Oz)</p><a href="https://www.amazon.com/dp/B01NCWV3KM?tag=eloabder-20&linkCode=osi&th=1&psc=1">View Product</a></div>
<div class="product"><a href="https://www.amazon.com/dp/B07P5TMHD9?tag=eloabder-20&linkCode=osi&th=1&psc=1"><img src="https://m.media-amazon.com/images/I/51xr2lw0Y7L._SL500_.jpg" alt="Product Image"></a><p>Vitamin C Face Serum - Dark Spot Remover Facial Serum, Vit C Serum with Hyaluronic Acid, Ferulic Acid, & Vit E - Anti Aging and Skin Brightening Serum, Pure Vitamin C Serum Skin Care</p><p>$9.98</p><a href="https://www.amazon.com/dp/B07P5TMHD9?tag=eloabder-20&linkCode=osi&th=1&psc=1">View Product</a></div><div class="product"><a href="https://www.amazon.com/dp/B014PGEEO2?tag=eloabder-20&linkCode=osi&th=1&psc=1"><img src="https://m.media-amazon.com/images/I/51v+djIfQGL._SL500_.jpg" alt="Product Image"></a><p>Tree of Life Facial Serum Set for Face, Brightening, Firming, Hydrating, Dry Skin, Dermatologist Tested - Trio Power Skin Care Set, Vitamin C, Retinol and Hyaluronic Acid, 3 count of 1 Fl Oz</p><p>$19.99 ($6.66 / Fl Oz)</p><a href="https://www.amazon.com/dp/B014PGEEO2?tag=eloabder-20&linkCode=osi&th=1&psc=1">View Product</a></div><div class="product"><a href="https://www.amazon.com/dp/B08R994Q1L?tag=eloabder-20&linkCode=osi&th=1&psc=1"><img src="https://m.media-amazon.com/images/I/418KUv8uVkL._SL500_.jpg" alt="Product Image"></a><p>Good Molecules Niacinamide Serum - 10% Niacinamide Balancing B3 Facial Serum for Acne, Tone, Texture - Brightening and Hydrating Skincare for Face</p><p>$6.00</p><a href="https://www.amazon.com/dp/B08R994Q1L?tag=eloabder-20&linkCode=osi&th=1&psc=1">View Product</a></div><div class="product"><a href="https://www.amazon.com/dp/B07VWSN95S?tag=eloabder-20&linkCode=osi&th=1&psc=1"><img src="https://m.media-amazon.com/images/I/411Y0nzh9zL._SL500_.jpg" alt="Product Image"></a><p>CeraVe Retinol Serum for Post-Acne Marks and Skin Texture | Pore Refining, Resurfacing, Brightening Facial Serum with Retinol and Niacinamide | Fragrance Free, Paraben Free & Non-Comedogenic| 1 Oz</p><p>$18.68</p><a href="https://www.amazon.com/dp/B07VWSN95S?tag=eloabder-20&linkCode=osi&th=1&psc=1">View Product</a></div><div class="product"><a href="https://www.amazon.com/dp/B08L8B5JR2?tag=eloabder-20&linkCode=osi&th=1&psc=1"><img src="https://m.media-amazon.com/images/I/51Ee0RzYONL._SL500_.jpg" alt="Product Image"></a><p>Vibriance Super C Serum for Mature Skin, Made in USA, All-In-One Formula Hydrates, Firms, Lifts, Smooths, Targets Age Spots, Wrinkles, Vitamin C Serum; 1 fl oz</p><p>$32.90</p><a href="https://www.amazon.com/dp/B08L8B5JR2?tag=eloabder-20&linkCode=osi&th=1&psc=1">View Product</a></div><div class="product"><a href="https://www.amazon.com/dp/B0CLLV2T1P?tag=eloabder-20&linkCode=osi&th=1&psc=1"><img src="https://m.media-amazon.com/images/I/31ZBa-zgbjL._SL500_.jpg" alt="Product Image"></a><p>Anua 10% Niacinamide+ 4% Tranexamic Acid Serum, Ceramide, Hyaluronic Acid, Vitamin B12 natural color, for Sensitive skin, Korean Glass Skin, Fragrance-Free (30ml /1.01 fl.oz.)</p><p>$19.00 ($18.81 / Fl Oz)</p><a href="https://www.amazon.com/dp/B0CLLV2T1P?tag=eloabder-20&linkCode=osi&th=1&psc=1">View Product</a></div><div class="product"><a href="https://www.amazon.com/dp/B08TM8DLFJ?tag=eloabder-20&linkCode=osi&th=1&psc=1"><img src="https://m.media-amazon.com/images/I/41g0Mg7pRIL._SL500_.jpg" alt="Product Image"></a><p>Good Molecules Hyaluronic Acid Serum - Hydrating, Non-greasy formula to Moisturize, Plump - 1% HA, Anti-aging, Water-Based Skincare for Face</p><p>$6.00 ($6.00 / Fl Oz)</p><a href="https://www.amazon.com/dp/B08TM8DLFJ?tag=eloabder-20&linkCode=osi&th=1&psc=1">View Product</a></div><div class="product"><a href="https://www.amazon.com/dp/B01B5G45R6?tag=eloabder-20&linkCode=osi&th=1&psc=1"><img src="https://m.media-amazon.com/images/I/51JgyVg967L._SL500_.jpg" alt="Product Image"></a><p>artnaturals Anti-Aging-Set with Vitamin-C Retinol and Hyaluronic-Acid - (3 x 1 Fl Oz / 30ml) Serum for Anti Wrinkle and Dark Circle Remover – All Natural and Moisturizing</p><p>$24.95 ($8.32 / Fl Oz)</p><a href="https://www.amazon.com/dp/B01B5G45R6?tag=eloabder-20&linkCode=osi&th=1&psc=1">View Product</a></div><div class="product"><a href="https://www.amazon.com/dp/B086VKZZZY?tag=eloabder-20&linkCode=osi&th=1&psc=1"><img src="https://m.media-amazon.com/images/I/31l7jUL7jOL._SL500_.jpg" alt="Product Image"></a><p>Beauty of Joseon Glow Serum Propolis and Niacinamide Hydrating Facial Soothing Moisturizer for Irritated Uneven Skin Tone, Korean Skin Care 30ml, 1 fl.oz</p><p>$13.60 ($13.47 / Fl Oz)</p><a href="https://www.amazon.com/dp/B086VKZZZY?tag=eloabder-20&linkCode=osi&th=1&psc=1">View Product</a></div>
<div class="product"><a href="https://www.amazon.com/dp/B0CYGT3CR4?tag=eloabder-20&linkCode=osi&th=1&psc=1"><img src="https://m.media-amazon.com/images/I/51LbfzrqiUL._SL500_.jpg" alt="Product Image"></a><p>KONEUK 14 Pack Sheet Face Masks Skincare for All Skin Types, Hydrating Face Masks Suitable for Sensitive Skin, Bulk Facial Mask Set for Women Skin Care, Face Mask Gifts Set for Face Spa</p><p>$8.99 ($0.64 / Count)</p><a href="https://www.amazon.com/dp/B0CYGT3CR4?tag=eloabder-20&linkCode=osi&th=1&psc=1">View Product</a></div><div class="product"><a href="https://www.amazon.com/dp/B01N37AK8V?tag=eloabder-20&linkCode=osi&th=1&psc=1"><img src="https://m.media-amazon.com/images/I/41zyExDkGCL._SL500_.jpg" alt="Product Image"></a><p>Ebanel 10 Pack Collagen Face Mask, Instant Brightening & Hydrating Face Sheet Mask with Aloe Vera, Hyaluronic Acid, Vitamin C and E, Chamomile, Anti Aging Face Mask with Hydrolyzed Collagen, Peptide</p><p>$13.99 ($1.40 / Count)</p><a href="https://www.amazon.com/dp/B01N37AK8V?tag=eloabder-20&linkCode=osi&th=1&psc=1">View Product</a></div><div class="product"><a href="https://www.amazon.com/dp/B07C3NBJ33?tag=eloabder-20&linkCode=osi&th=1&psc=1"><img src="https://m.media-amazon.com/images/I/51DMM9KU+AL._SL500_.jpg" alt="Product Image"></a><p>GLAM UP Premium Facial Sheet Mask 12 Combo (Pack of 12) | Clean Face Masks Skincare, Hydrating Face Masks, Moisturizing, Soothing, Beauty Mask For All Skin Type Variety Beauty Mask Set</p><p>$13.20 ($1.10 / Count)</p><a href="https://www.amazon.com/dp/B07C3NBJ33?tag=eloabder-20&linkCode=osi&th=1&psc=1">View Product</a></div><div class="product"><a href="https://www.amazon.com/dp/B0B5XTMJMJ?tag=eloabder-20&linkCode=osi&th=1&psc=1"><img src="https://m.media-amazon.com/images/I/61voysA0eEL._SL500_.jpg" alt="Product Image"></a><p>Meleell Collagen Sheet Face Masks Skincare Bulk Pack,Hydrating Spa Face Mask For Sensitive Skin,Anti Aging Facial Masks Sets For Women/Teen Girls(40 Combo Pack)</p><p>$25.99 ($0.65 / Count)</p><a href="https://www.amazon.com/dp/B0B5XTMJMJ?tag=eloabder-20&linkCode=osi&th=1&psc=1">View Product</a></div><div class="product"><a href="https://www.amazon.com/dp/B0CR6NHHVL?tag=eloabder-20&linkCode=osi&th=1&psc=1"><img src="https://m.media-amazon.com/images/I/514yWBJNkFL._SL500_.jpg" alt="Product Image"></a><p>Kaely 10 Pack Variety Sheet Masks,Spa Face Masks for Kids Skin Care,Facial Mask Skincare Set Korean,Moisturize,Brighten,Nourish for All Skin Types,Birthday Gifts for Women Men Boys Girls,Set01</p><p>$8.99 ($0.90 / Count)</p><a href="https://www.amazon.com/dp/B0CR6NHHVL?tag=eloabder-20&linkCode=osi&th=1&psc=1">View Product</a></div><div class="product"><a href="https://www.amazon.com/dp/B086V843R8?tag=eloabder-20&linkCode=osi&th=1&psc=1"><img src="https://m.media-amazon.com/images/I/410evC+SQHL._SL500_.jpg" alt="Product Image"></a><p>ANAI RUI Turmeric Clay Mask - Green Tea Clay Mask - Dead Sea Minerals Mud Mask, Spa Facial Mask Set, Face Mask Gift Set 2.5 oz each</p><p>$22.99</p><a href="https://www.amazon.com/dp/B086V843R8?tag=eloabder-20&linkCode=osi&th=1&psc=1">View Product</a></div><div class="product"><a href="https://www.amazon.com/dp/B07JMTMHGS?tag=eloabder-20&linkCode=osi&th=1&psc=1"><img src="https://m.media-amazon.com/images/I/41PeKCZ7NtL._SL500_.jpg" alt="Product Image"></a><p>LAPCOS Aloe Sheet Mask, Daily Face Mask with Cucumber and Aloe Gel to Calm and Moisturize Skin, Korean Beauty Favorite, 5-Pack</p><p>$20.00 ($4.00 / count)</p><a href="https://www.amazon.com/dp/B07JMTMHGS?tag=eloabder-20&linkCode=osi&th=1&psc=1">View Product</a></div><div class="product"><a href="https://www.amazon.com/dp/B0CMQKTJDQ?tag=eloabder-20&linkCode=osi&th=1&psc=1"><img src="https://m.media-amazon.com/images/I/51oosdS4y8L._SL500_.jpg" alt="Product Image"></a><p>VESPRO 100 Pack Collagen Essence Sheet Facial Masks, Bulk Face Masks Skincare, Hydrating Face Masks for All Skin Types, Moisturizing and Soothing, Natural Skin Care Spa Face Mask</p><p>$45.99 ($0.46 / Count)</p><a href="https://www.amazon.com/dp/B0CMQKTJDQ?tag=eloabder-20&linkCode=osi&th=1&psc=1">View Product</a></div><div class="product"><a href="https://www.amazon.com/dp/B0B41LVMJ3?tag=eloabder-20&linkCode=osi&th=1&psc=1"><img src="https://m.media-amazon.com/images/I/51xduFirI6L._SL500_.jpg" alt="Product Image"></a><p>#OOTD Collagen Hydrating Sheet Masks for Face Korean Anti Aging Mask Sheet for Dry Skin & Sensitive Skin, EVE Vegan, Not Tested on Animals, No Parabens, No Sulfates, Hyaluronic Acid, Witch Hazel 10EA</p><p>$18.00 ($1.80 / Count)</p><a href="https://www.amazon.com/dp/B0B41LVMJ3?tag=eloabder-20&linkCode=osi&th=1&psc=1">View Product</a></div>
<div class="product"><a href="https://www.amazon.com/dp/B01N34XW93?tag=eloabder-20&linkCode=osi&th=1&psc=1"><img src="https://m.media-amazon.com/images/I/31OMOTCxlmL._SL500_.jpg" alt="Product Image"></a><p>La Roche-Posay Toleriane Purifying Foaming Facial Cleanser, Oil Free Face Wash for Oily Skin and for Sensitive Skin with Niacinamide, Pore Cleanser Won’t Dry Out Skin, Unscented</p><p>$17.99 ($1.33 / Fl Oz)</p><a href="https://www.amazon.com/dp/B01N34XW93?tag=eloabder-20&linkCode=osi&th=1&psc=1">View Product</a></div><div class="product"><a href="https://www.amazon.com/dp/B01MSSDEPK?tag=eloabder-20&linkCode=osi&th=1&psc=1"><img src="https://m.media-amazon.com/images/I/41YuSwjJUIL._SL500_.jpg" alt="Product Image"></a><p>CeraVe Hydrating Facial Cleanser | Moisturizing Face Wash For Dry Skin | Hyaluronic Acid + Ceramides + Glycerin | Hydrating Cleanser For Normal To Dry Skin | National Eczema Assosiation Certified</p><p>$15.48 ($0.97 / Fl Oz)</p><a href="https://www.amazon.com/dp/B01MSSDEPK?tag=eloabder-20&linkCode=osi&th=1&psc=1">View Product</a></div><div class="product"><a href="https://www.amazon.com/dp/B01N7T7JKJ?tag=eloabder-20&linkCode=osi&th=1&psc=1"><img src="https://m.media-amazon.com/images/I/31VXK3y1KYL._SL500_.jpg" alt="Product Image"></a><p>La Roche-Posay Toleriane Hydrating Gentle Face Cleanser, Daily Facial Cleanser with Niacinamide and Ceramides for Sensitive Skin, Moisturizing Face Wash for Normal to Dry Skin, Fragrance Free</p><p>$17.99 ($1.33 / Fl Oz)</p><a href="https://www.amazon.com/dp/B01N7T7JKJ?tag=eloabder-20&linkCode=osi&th=1&psc=1">View Product</a></div><div class="product"><a href="https://www.amazon.com/dp/B01N1LL62W?tag=eloabder-20&linkCode=osi&th=1&psc=1"><img src="https://m.media-amazon.com/images/I/41kwN8dWWzL._SL500_.jpg" alt="Product Image"></a><p>CeraVe Foaming Facial Cleanser | Daily Face Wash for Oily Skin with Hyaluronic Acid, Ceramides, and Niacinamide| Fragrance Free | 16 Fluid Ounce</p><p>$15.19 ($0.95 / Fl Oz)</p><a href="https://www.amazon.com/dp/B01N1LL62W?tag=eloabder-20&linkCode=osi&th=1&psc=1">View Product</a></div><div class="product"><a href="https://www.amazon.com/dp/B00U1YCRD8?tag=eloabder-20&linkCode=osi&th=1&psc=1"><img src="https://m.media-amazon.com/images/I/31LVb8KvKwL._SL500_.jpg" alt="Product Image"></a><p>CeraVe SA Cleanser | Salicylic Acid Cleanser with Hyaluronic Acid, Niacinamide & Ceramides| BHA Exfoliant for Face | Fragrance Free Non-Comedogenic | 8 Ounce</p><p>$12.37 ($1.55 / Ounce)</p><a href="https://www.amazon.com/dp/B00U1YCRD8?tag=eloabder-20&linkCode=osi&th=1&psc=1">View Product</a></div><div class="product"><a href="https://www.amazon.com/dp/B0BVV8BNYJ?tag=eloabder-20&linkCode=osi&th=1&psc=1"><img src="https://m.media-amazon.com/images/I/31tSZvBReoL._SL500_.jpg" alt="Product Image"></a><p>ANUA Heartleaf Quercetinol Pore Deep Cleansing Foam, Facial Cleanser, for Double Cleansing, BHA, Hyaluronic Acid, Glycerin, Face Wash, Blackhead Remover, Korean Skincare (150ml/5.07 fl.oz.)</p><p>$13.00 ($2.56 / Fl Oz)</p><a href="https://www.amazon.com/dp/B0BVV8BNYJ?tag=eloabder-20&linkCode=osi&th=1&psc=1">View Product</a></div><div class="product"><a href="https://www.amazon.com/dp/B00QY1XZ4W?tag=eloabder-20&linkCode=osi&th=1&psc=1"><img src="https://m.media-amazon.com/images/I/319pG+OQZxL._SL500_.jpg" alt="Product Image"></a><p>Vanicream Gentle Facial Cleanser with Pump Dispenser - 8 fl oz - Formulated Without Common Irritants for Those with Sensitive Skin</p><p>$8.86 ($1.11 / Fl Oz)</p><a href="https://www.amazon.com/dp/B00QY1XZ4W?tag=eloabder-20&linkCode=osi&th=1&psc=1">View Product</a></div><div class="product"><a href="https://www.amazon.com/dp/B016NRXO06?tag=eloabder-20&linkCode=osi&th=1&psc=1"><img src="https://m.media-amazon.com/images/I/31jSFIvh2TS._SL500_.jpg" alt="Product Image"></a><p>COSRX Low pH Good Morning Gel Cleanser, Daily Mild Face Cleanser for Sensitive Skin with BHA & Tea-Tree Oil, PH Balancing, Korean Skincare (5.07fl.oz/150ml)</p><p>$11.49 ($2.27 / Fl Oz)</p><a href="https://www.amazon.com/dp/B016NRXO06?tag=eloabder-20&linkCode=osi&th=1&psc=1">View Product</a></div><div class="product"><a href="https://www.amazon.com/dp/B09Y4HHY1P?tag=eloabder-20&linkCode=osi&th=1&psc=1"><img src="https://m.media-amazon.com/images/I/41Crw80Q3yL._SL500_.jpg" alt="Product Image"></a><p>Cetaphil Face Wash, Daily Facial Cleanser for Sensitive, Combination to Oily Skin, NEW 16 oz, Fragrance Free, Gentle Foaming, Soap Free, Hypoallergenic (Packaging May Vary)</p><p>$11.97 ($0.75 / Fl Oz)</p><a href="https://www.amazon.com/dp/B09Y4HHY1P?tag=eloabder-20&linkCode=osi&th=1&psc=1">View Product</a></div><div class="product"><a href="https://www.amazon.com/dp/B0BN2PX8V3?tag=eloabder-20&linkCode=osi&th=1&psc=1"><img src="https://m.media-amazon.com/images/I/31n4TECLwuL._SL500_.jpg" alt="Product Image"></a><p>ANUA Heartleaf Pore Control Cleansing Oil, Oil Cleanser for Face, Makeup Blackhead Remover, Korean Skin Care 6.76 fl oz(200ml) (original)</p><p>$17.69 ($2.64 / Fl Oz)</p><a href="https://www.amazon.com/dp/B0BN2PX8V3?tag=eloabder-20&linkCode=osi&th=1&psc=1">View Product</a></div>
<div class="product"><a href="https://www.amazon.com/dp/B08CMS8P67?tag=eloabder-20&linkCode=osi&th=1&psc=1"><img src="https://m.media-amazon.com/images/I/31LVyuSsJEL._SL500_.jpg" alt="Product Image"></a><p>Anua Heartleaf 77 Soothing Toner I pH 5.5 Trouble Care, Calming Skin, Refreshing, Hydrating, Purifying, Cruelty Free, Vegan,(250ml / 8.45 fl.oz.)</p><p>$19.69 ($2.33 / Fl Oz)</p><a href="https://www.amazon.com/dp/B08CMS8P67?tag=eloabder-20&linkCode=osi&th=1&psc=1">View Product</a></div><div class="product"><a href="https://www.amazon.com/dp/B09LKXR62L?tag=eloabder-20&linkCode=osi&th=1&psc=1"><img src="https://m.media-amazon.com/images/I/31D6ydy59dL._SL500_.jpg" alt="Product Image"></a><p>CeraVe Hydrating Toner for Face Non-Alcoholic with Hyaluronic Acid, Niacinamide, and Ceramides for Sensitive Dry Skin, Fragrance-Free Non Comedogenic, Full Size, 6.8 Fl Oz</p><p>$9.86 ($1.45 / Ounce)</p><a href="https://www.amazon.com/dp/B09LKXR62L?tag=eloabder-20&linkCode=osi&th=1&psc=1">View Product</a></div><div class="product"><a href="https://www.amazon.com/dp/B0CG1H8YRS?tag=eloabder-20&linkCode=osi&th=1&psc=1"><img src="https://m.media-amazon.com/images/I/31OZES5j9LL._SL500_.jpg" alt="Product Image"></a><p>TIRTIR Milk Skin Rice Toner | Deep Moisturizing, Instant Glow, 2% Niacinamide, Rice Bran Extract, Ceramide, Panthenol, Cruelty-Free, Fungal Acne Friendly, Vegan, 5.07 fl.oz.</p><p>$24.99 ($4.93 / Fl Oz)</p><a href="https://www.amazon.com/dp/B0CG1H8YRS?tag=eloabder-20&linkCode=osi&th=1&psc=1">View Product</a></div><div class="product"><a href="https://www.amazon.com/dp/B007HD570Q?tag=eloabder-20&linkCode=osi&th=1&psc=1"><img src="https://m.media-amazon.com/images/I/31uC8ENEVqL._SL500_.jpg" alt="Product Image"></a><p>Thayers Alcohol-Free, Hydrating Rose Petal Witch Hazel Facial Toner with Aloe Vera Formula, Vegan, Dermatologist Tested and Recommended, 12 Oz</p><p>$10.53 ($0.88 / Fl Oz)</p><a href="https://www.amazon.com/dp/B007HD570Q?tag=eloabder-20&linkCode=osi&th=1&psc=1">View Product</a></div><div class="product"><a href="https://www.amazon.com/dp/B01LZK411L?tag=eloabder-20&linkCode=osi&th=1&psc=1"><img src="https://m.media-amazon.com/images/I/31la+He5vRL._SL500_.jpg" alt="Product Image"></a><p>ACWELL Licorice pH Balancing Korean Toner for Cleansing 5.07 fl.oz. - Alcohol-Free PH5.5 Hydrating Facial Astringent - Skin Clarifying & Hydration Boosting Toner</p><p>$16.00 ($3.14 / Fl Oz)</p><a href="https://www.amazon.com/dp/B01LZK411L?tag=eloabder-20&linkCode=osi&th=1&psc=1">View Product</a></div><div class="product"><a href="https://www.amazon.com/dp/B07BYJF7L7?tag=eloabder-20&linkCode=osi&th=1&psc=1"><img src="https://m.media-amazon.com/images/I/31+G3Xc+J7L._SL500_.jpg" alt="Product Image"></a><p>SOME BY MI AHA BHA PHA 30 Days Miracle Toner - 5.07Oz, 150ml - Made from Tea Tree Water for Sensitive Skin - Mild Exfoliating Daily Face Toner - Skin Wastes, Sebum and Oiliness Care - Korean Skin Care</p><p>$12.00 ($2.37 / Fl Oz)</p><a href="https://www.amazon.com/dp/B07BYJF7L7?tag=eloabder-20&linkCode=osi&th=1&psc=1">View Product</a></div><div class="product"><a href="https://www.amazon.com/dp/B00LO2RO7K?tag=eloabder-20&linkCode=osi&th=1&psc=1"><img src="https://m.media-amazon.com/images/I/31Wb52+KYzL._SL500_.jpg" alt="Product Image"></a><p>La Roche-Posay Effaclar Clarifying Solution Acne Toner with Salicylic Acid and Glycolic Acid, Pore Refining Oily Skin Toner, Gentle Exfoliant to Unclog Pores and Remove Dead Skin Cells</p><p>$16.99 ($2.51 / Fl Oz)</p><a href="https://www.amazon.com/dp/B00LO2RO7K?tag=eloabder-20&linkCode=osi&th=1&psc=1">View Product</a></div><div class="product"><a href="https://www.amazon.com/dp/B008EPPIQ4?tag=eloabder-20&linkCode=osi&th=1&psc=1"><img src="https://m.media-amazon.com/images/I/31-lQL0AkZL._SL500_.jpg" alt="Product Image"></a><p>Paula's Choice Skin Balancing Pore-Reducing Toner for Combination and Oily Skin, Minimizes Large Pores, 6.4 Fluid Ounce Bottle</p><p>$26.00 ($4.06 / Fl Oz)</p><a href="https://www.amazon.com/dp/B008EPPIQ4?tag=eloabder-20&linkCode=osi&th=1&psc=1">View Product</a></div><div class="product"><a href="https://www.amazon.com/dp/B073P6BPF5?tag=eloabder-20&linkCode=osi&th=1&psc=1"><img src="https://m.media-amazon.com/images/I/31hqlVDLizL._SL500_.jpg" alt="Product Image"></a><p>COSRX AHA/BHA Clarifying Treatment Toner, 5.07 fl.oz / 150ml | Exfoliating Facial Spray | Korean Skin Care, Hydrating, Mild Exfoliation, Vegan, Animal Testing Free, Paraben Free</p><p>$10.75 ($2.11 / Fl Oz)</p><a href="https://www.amazon.com/dp/B073P6BPF5?tag=eloabder-20&linkCode=osi&th=1&psc=1">View Product</a></div>
<div class="product"><a href="https://www.amazon.com/dp/B07C5SS6YD?tag=eloabder-20&linkCode=osi&th=1&psc=1"><img src="https://m.media-amazon.com/images/I/31tzIszvgAL._SL500_.jpg" alt="Product Image"></a><p>Paula's Choice Skin Perfecting 2% BHA Liquid Salicylic Acid Exfoliant, Gentle Facial Exfoliator for Blackheads, Large Pores, Wrinkles & Fine Lines, Travel Size, 1 Fluid Ounce</p><p>$14.00</p><a href="https://www.amazon.com/dp/B07C5SS6YD?tag=eloabder-20&linkCode=osi&th=1&psc=1">View Product</a></div><div class="product"><a href="https://www.amazon.com/dp/B07VW3YSWH?tag=eloabder-20&linkCode=osi&th=1&psc=1"><img src="https://m.media-amazon.com/images/I/410j9ZFktHL._SL500_.jpg" alt="Product Image"></a><p>Tree Hut Vitamin C Shea Sugar Scrub, 18 oz, Ultra Hydrating and Exfoliating Scrub for Nourishing Essential Body Care</p><p>$8.94 ($0.50 / Ounce)</p><a href="https://www.amazon.com/dp/B07VW3YSWH?tag=eloabder-20&linkCode=osi&th=1&psc=1">View Product</a></div><div class="product"><a href="https://www.amazon.com/dp/B07NHZP4FW?tag=eloabder-20&linkCode=osi&th=1&psc=1"><img src="https://m.media-amazon.com/images/I/41znKaYV17L._SL500_.jpg" alt="Product Image"></a><p>Seraphic Skincare (Original) Premium Exfoliating Mitt for Body (2pc) – 100% Vegan Viscose Traditional Body Scrub Glove Kessa Korean Washcloth – Body Exfoliator for Self-Tan Removal & Keratosis Pilaris</p><p>$12.99 ($6.50 / Count)</p><a href="https://www.amazon.com/dp/B07NHZP4FW?tag=eloabder-20&linkCode=osi&th=1&psc=1">View Product</a></div><div class="product"><a href="https://www.amazon.com/dp/B001VMJSCW?tag=eloabder-20&linkCode=osi&th=1&psc=1"><img src="https://m.media-amazon.com/images/I/31N7x4-aJAL._SL500_.jpg" alt="Product Image"></a><p>Dermalogica Daily Microfoliant, Face Exfoliator Scrub Powder with Salicylic Acid and Papaya Enzyme, Achieve Brighter, Smoother Skin Daily, 0.45 Oz</p><p>$19.00 ($42.22 / Ounce)</p><a href="https://www.amazon.com/dp/B001VMJSCW?tag=eloabder-20&linkCode=osi&th=1&psc=1">View Product</a></div><div class="product"><a href="https://www.amazon.com/dp/B09Q88TVGJ?tag=eloabder-20&linkCode=osi&th=1&psc=1"><img src="https://m.media-amazon.com/images/I/31jQFJt0t7L._SL500_.jpg" alt="Product Image"></a><p>tingl Face and Body Exfoliator Pads - Anti Aging Acne Treatment with Glycolic Acid, Lactic Acid, and Salicylic Acid - Pore Minimizer, Oil Cleanser, Blackhead Remover and Skin Exfoliator in One</p><p>$38.00 ($38.00 / Count)</p><a href="https://www.amazon.com/dp/B09Q88TVGJ?tag=eloabder-20&linkCode=osi&th=1&psc=1">View Product</a></div><div class="product"><a href="https://www.amazon.com/dp/B0BNWXFH3P?tag=eloabder-20&linkCode=osi&th=1&psc=1"><img src="https://m.media-amazon.com/images/I/51HkdST1FCL._SL500_.jpg" alt="Product Image"></a><p>Dermasuri Deep Exfoliating Glove for Shower - Exfoliating Mitt Body Scrubber - Skin Exfoliator & Dead Skin Remover - Keratosis Pilaris Scrub - Spray Tan Remover - Korean Skincare for Body (2 Pack)</p><p>$19.99 ($10.00 / Count)</p><a href="https://www.amazon.com/dp/B0BNWXFH3P?tag=eloabder-20&linkCode=osi&th=1&psc=1">View Product</a></div><div class="product"><a href="https://www.amazon.com/dp/B076DSRB6B?tag=eloabder-20&linkCode=osi&th=1&psc=1"><img src="https://m.media-amazon.com/images/I/51lTK55c5UL._SL500_.jpg" alt="Product Image"></a><p>Himalayan Salt Scrub Face Foot & Body Exfoliator Infused with Collagen and Stem Cell Natural Exfoliating Salt Body Scrub for Toning Cellulite Skin Care by M3 Naturals</p><p>$25.81 ($2.15 / Ounce)</p><a href="https://www.amazon.com/dp/B076DSRB6B?tag=eloabder-20&linkCode=osi&th=1&psc=1">View Product</a></div><div class="product"><a href="https://www.amazon.com/dp/B004GEV9JW?tag=eloabder-20&linkCode=osi&th=1&psc=1"><img src="https://m.media-amazon.com/images/I/41MgyDfHXfL._SL500_.jpg" alt="Product Image"></a><p>Buf-Puf Gentle Facial Sponge, Dermatologist Developed, Removes Deep Down Dirt & Makeup That Causes Breakouts and Blackheads, Reusable, Exfoliating, 1 Count</p><p>$8.71</p><a href="https://www.amazon.com/dp/B004GEV9JW?tag=eloabder-20&linkCode=osi&th=1&psc=1">View Product</a></div><div class="product"><a href="https://www.amazon.com/dp/B0000632EN?tag=eloabder-20&linkCode=osi&th=1&psc=1"><img src="https://m.media-amazon.com/images/I/314AH1Zo0lL._SL500_.jpg" alt="Product Image"></a><p>Aveeno Positively Radiant Exfoliating Facial Scrub, Brightening Face Scrub with Soy Extract to Visibly Improve Skin Tone and Texture, Oil-Free, Soap-Free, Hypoallergenic Formula, 5 FL OZ</p><p>$7.97 ($1.59 / Ounce)</p><a href="https://www.amazon.com/dp/B0000632EN?tag=eloabder-20&linkCode=osi&th=1&psc=1">View Product</a></div>
<div class="product"><a href="https://www.amazon.com/dp/B005IHT94S?tag=eloabder-20&linkCode=osi&th=1&psc=1"><img src="https://m.media-amazon.com/images/I/31YAXVCRMAL._SL500_.jpg" alt="Product Image"></a><p>Neutrogena Ultra Sheer Dry-Touch Water Resistant and Non-Greasy Sunscreen Lotion with Broad Spectrum SPF 70, 3 Fl Oz (Pack of 1)</p><p>$9.88 ($3.29 / Fl Oz)</p><a href="https://www.amazon.com/dp/B005IHT94S?tag=eloabder-20&linkCode=osi&th=1&psc=1">View Product</a></div><div class="product"><a href="https://www.amazon.com/dp/B078BC1NJ6?tag=eloabder-20&linkCode=osi&th=1&psc=1"><img src="https://m.media-amazon.com/images/I/51V4LMN2zEL._SL500_.jpg" alt="Product Image"></a><p>Coppertone Sport Sunscreen Spray SPF 50, Water Resistant Spray Sunscreen, Broad Spectrum SPF 50 Sunscreen, Bulk Sunscreen Pack, 5.5 Oz Bottle, Pack of 3</p><p>$20.63 ($1.25 / Ounce)</p><a href="https://www.amazon.com/dp/B078BC1NJ6?tag=eloabder-20&linkCode=osi&th=1&psc=1">View Product</a></div><div class="product"><a href="https://www.amazon.com/dp/B01MQXX9US?tag=eloabder-20&linkCode=osi&th=1&psc=1"><img src="https://m.media-amazon.com/images/I/41Zi7BP15NL._SL500_.jpg" alt="Product Image"></a><p>Banana Boat Sport Ultra SPF 50 Sunscreen Spray Twin Pack | Banana Boat Sunscreen Spray SPF 50, Spray On Sunscreen, Water Resistant Sunscreen, Oxybenzone Free Sunscreen Pack, 6oz each</p><p>$13.97 ($1.16 / Ounce)</p><a href="https://www.amazon.com/dp/B01MQXX9US?tag=eloabder-20&linkCode=osi&th=1&psc=1">View Product</a></div><div class="product"><a href="https://www.amazon.com/dp/B00AEN4QZ8?tag=eloabder-20&linkCode=osi&th=1&psc=1"><img src="https://m.media-amazon.com/images/I/31QMrCJPoeL._SL500_.jpg" alt="Product Image"></a><p>Neutrogena Beach Defense Water-Resistant Face & Body SPF 70 Sunscreen Lotion with Broad Spectrum UVA/UVB Protection, Oil-Free Fast-Absorbing Sunscreen Lotion, Oxybenzone-Free, 6.7 oz</p><p>$9.60 ($1.43 / Fl Oz)</p><a href="https://www.amazon.com/dp/B00AEN4QZ8?tag=eloabder-20&linkCode=osi&th=1&psc=1">View Product</a></div><div class="product"><a href="https://www.amazon.com/dp/B076GZX3KL?tag=eloabder-20&linkCode=osi&th=1&psc=1"><img src="https://m.media-amazon.com/images/I/41BQoEZMuTL._SL500_.jpg" alt="Product Image"></a><p>Neutrogena Sunscreen Spray, Ultra Sheer ® Body Mist, Broad Spectrum SPF 70, Non-Greasy Water Resistant Body Sunscreen Mist, Non-Comedogenic, 5 oz (Pack of 3)</p><p>$22.60 ($1.51 / Ounce)</p><a href="https://www.amazon.com/dp/B076GZX3KL?tag=eloabder-20&linkCode=osi&th=1&psc=1">View Product</a></div><div class="product"><a href="https://www.amazon.com/dp/B004D2DR0Q?tag=eloabder-20&linkCode=osi&th=1&psc=1"><img src="https://m.media-amazon.com/images/I/41QwzCWNnFL._SL500_.jpg" alt="Product Image"></a><p>Neutrogena Ultra Sheer Dry-Touch Water Resistant and Non-Greasy Sunscreen Lotion with Broad Spectrum SPF 45, TSA-Compliant travel Size, 3 Fl Oz, Pack of 2, 6 Fl Oz</p><p>$13.99 ($2.33 / Fl Oz)</p><a href="https://www.amazon.com/dp/B004D2DR0Q?tag=eloabder-20&linkCode=osi&th=1&psc=1">View Product</a></div><div class="product"><a href="https://www.amazon.com/dp/B002CML1VG?tag=eloabder-20&linkCode=osi&th=1&psc=1"><img src="https://m.media-amazon.com/images/I/41ufC4L5QQL._SL500_.jpg" alt="Product Image"></a><p>La Roche-Posay Anthelios Melt-In Milk Sunscreen SPF 60 | Sunscreen For Body & Face | Broad Spectrum SPF + Antioxidants | Oil Free Sunscreen Lotion | Lightweight & Fast Absorbing | Oxybenzone Free</p><p>$37.99 ($7.60 / Fl Oz)</p><a href="https://www.amazon.com/dp/B002CML1VG?tag=eloabder-20&linkCode=osi&th=1&psc=1">View Product</a></div><div class="product"><a href="https://www.amazon.com/dp/B00B81XR1Y?tag=eloabder-20&linkCode=osi&th=1&psc=1"><img src="https://m.media-amazon.com/images/I/41NtDXr-dML._SL500_.jpg" alt="Product Image"></a><p>Banana Boat Sport Ultra SPF 30 Sunscreen Spray Twin Pack | Banana Boat Sunscreen Spray SPF 30, Spray On Sunscreen, Water Resistant Sunscreen, Oxybenzone Free Sunscreen Pack, 6oz each</p><p>$13.47 ($1.12 / Ounce)</p><a href="https://www.amazon.com/dp/B00B81XR1Y?tag=eloabder-20&linkCode=osi&th=1&psc=1">View Product</a></div><div class="product"><a href="https://www.amazon.com/dp/B07X1YDGSF?tag=eloabder-20&linkCode=osi&th=1&psc=1"><img src="https://m.media-amazon.com/images/I/31PSmI7nKIL._SL500_.jpg" alt="Product Image"></a><p>Neutrogena Beach Defense Sunscreen Spray SPF 50 Water-Resistant Body Spray with Broad Spectrum , PABA-Free, Oxybenzone-Free & Fast-Drying, Superior Sun Protection, 6.5 oz, Transparent</p><p>$9.88 ($1.52 / Ounce)</p><a href="https://www.amazon.com/dp/B07X1YDGSF?tag=eloabder-20&linkCode=osi&th=1&psc=1">View Product</a></div>
<div class="product"><a href="https://www.amazon.com/dp/B00JJPMXDO?tag=eloabder-20&linkCode=osi&th=1&psc=1"><img src="https://m.media-amazon.com/images/I/41xUbY21ojL._SL500_.jpg" alt="Product Image"></a><p>CeraVe Eye Repair Cream | Under Eye Cream For Puffiness And Bags Under Eyes | Hyaluronic Acid + Niacinamide + Marine Botanical Complex | Hydrating Eye Cream | Oil Free & Opthalmologist Tested</p><p>$13.43 ($26.86 / Ounce)</p><a href="https://www.amazon.com/dp/B00JJPMXDO?tag=eloabder-20&linkCode=osi&th=1&psc=1">View Product</a></div><div class="product"><a href="https://www.amazon.com/dp/B0B3GCCRVH?tag=eloabder-20&linkCode=osi&th=1&psc=1"><img src="https://m.media-amazon.com/images/I/41EdCdrw-AL._SL500_.jpg" alt="Product Image"></a><p>CeraVe Skin Renewing Eye Cream For Wrinkles | Under Eye Cream With Peptides + Caffeine + Niacinamide | Anti Aging Eye Cream For Wrinkles & Crows Feet | Paraben Free & Opthalmologist Tested</p><p>$18.49 ($36.98 / Ounce)</p><a href="https://www.amazon.com/dp/B0B3GCCRVH?tag=eloabder-20&linkCode=osi&th=1&psc=1">View Product</a></div><div class="product"><a href="https://www.amazon.com/dp/B00005333I?tag=eloabder-20&linkCode=osi&th=1&psc=1"><img src="https://m.media-amazon.com/images/I/31webfO63dL._SL500_.jpg" alt="Product Image"></a><p>L'Oreal Paris Dermo-Expertise Eye Defense Eye Cream with Caffeine and Hyaluronic Acid 0.5 oz</p><p>$12.27 ($24.54 / Ounce)</p><a href="https://www.amazon.com/dp/B00005333I?tag=eloabder-20&linkCode=osi&th=1&psc=1">View Product</a></div><div class="product"><a href="https://www.amazon.com/dp/B0CZJ8N83D?tag=eloabder-20&linkCode=osi&th=1&psc=1"><img src="https://m.media-amazon.com/images/I/31fQO3OHiML._SL500_.jpg" alt="Product Image"></a><p>PRIME PROMETICS PrimeEyes Hydrate Under Eye Cream for Mature Women – Hydrating Eye Cream for Dark Circles and Wrinkle Repair – Soft, Glowing & Healthy Under Eyes</p><p>$62.00</p><a href="https://www.amazon.com/dp/B0CZJ8N83D?tag=eloabder-20&linkCode=osi&th=1&psc=1">View Product</a></div><div class="product"><a href="https://www.amazon.com/dp/B0009RFB76?tag=eloabder-20&linkCode=osi&th=1&psc=1"><img src="https://m.media-amazon.com/images/I/31M2iQDNDOL._SL500_.jpg" alt="Product Image"></a><p>RoC Retinol Correxion Under Eye Cream for Dark Circles & Puffiness, Daily Wrinkle Cream, Anti Aging Line Smoothing Skin Care Treatment for Women and Men, 0.5 oz (Packaging May Vary)</p><p>$19.77 ($39.54 / Fl Oz)</p><a href="https://www.amazon.com/dp/B0009RFB76?tag=eloabder-20&linkCode=osi&th=1&psc=1">View Product</a></div><div class="product"><a href="https://www.amazon.com/dp/B0D3TG6MN3?tag=eloabder-20&linkCode=osi&th=1&psc=1"><img src="https://m.media-amazon.com/images/I/21-DQIJf5xL._SL500_.jpg" alt="Product Image"></a><p>Dr.Melaxin Eyephalt Eyebag Cream for Puffiness, Dark Circles&Fine Lines | EGF Anti-Aging Under Eye Moisturizer with Niacinamide&Ceramide 0.33 fl.oz.</p><p>$59.00 ($178.79 / Fl Oz)</p><a href="https://www.amazon.com/dp/B0D3TG6MN3?tag=eloabder-20&linkCode=osi&th=1&psc=1">View Product</a></div><div class="product"><a href="https://www.amazon.com/dp/B07CKJRJXB?tag=eloabder-20&linkCode=osi&th=1&psc=1"><img src="https://m.media-amazon.com/images/I/31pJCzbhXrL._SL500_.jpg" alt="Product Image"></a><p>No7 Lift & Luminate Triple Action Eye Cream - Anti-Aging Under Eye Cream for Dark Circles, Puffiness & Wrinkles - Formulated with Vitamin C to Brighten and Refresh Tired Eyes (0.5 Fl Oz)</p><p>$15.99</p><a href="https://www.amazon.com/dp/B07CKJRJXB?tag=eloabder-20&linkCode=osi&th=1&psc=1">View Product</a></div>
<div class="product"><a href="https://www.amazon.com/dp/B0BBSP2JNQ?tag=eloabder-20&linkCode=osi&th=1&psc=1"><img src="https://m.media-amazon.com/images/I/51qb7tiAJgL._SL500_.jpg" alt="Product Image"></a><p>SimplyVital Face Moisturizer Collagen Cream - Anti Aging Neck and Décolleté - Made in USA Day & Night Face Cream - Moisturizing, Lifting & Recovery – 1.7oz</p><p>$22.89 ($13.46 / Fl Oz)</p><a href="https://www.amazon.com/dp/B0BBSP2JNQ?tag=eloabder-20&linkCode=osi&th=1&psc=1">View Product</a></div><div class="product"><a href="https://www.amazon.com/dp/B008EKY8VK?tag=eloabder-20&linkCode=osi&th=1&psc=1"><img src="https://m.media-amazon.com/images/I/419EZkaOOIL._SL500_.jpg" alt="Product Image"></a><p>L'Oreal Paris Revitalift Triple Power Anti-Aging Face Moisturizer, Pro Retinol, Hyaluronic Acid & Vitamin C to Reduce Wrinkles, Firm & Brighten Skin, 1.7 Oz</p><p>$17.86 ($10.51 / Ounce)</p><a href="https://www.amazon.com/dp/B008EKY8VK?tag=eloabder-20&linkCode=osi&th=1&psc=1">View Product</a></div><div class="product"><a href="https://www.amazon.com/dp/B00HNSSPDG?tag=eloabder-20&linkCode=osi&th=1&psc=1"><img src="https://m.media-amazon.com/images/I/41zARcUorbL._SL500_.jpg" alt="Product Image"></a><p>Neutrogena Triple Age Repair Anti-Aging Night Cream with Vitamin C; Fights Wrinkles & Evens Tone, Firming Anti-Wrinkle Face & Neck Cream; Glycerin & Shea Butter, 1.7 oz</p><p>$19.19 ($11.29 / Ounce)</p><a href="https://www.amazon.com/dp/B00HNSSPDG?tag=eloabder-20&linkCode=osi&th=1&psc=1">View Product</a></div><div class="product"><a href="https://www.amazon.com/dp/B0C9H6PD9B?tag=eloabder-20&linkCode=osi&th=1&psc=1"><img src="https://m.media-amazon.com/images/I/51MQp9qtYZL._SL500_.jpg" alt="Product Image"></a><p>Collagen Face Moisturizer with Airless Pump - Collagen Botanical Stem Cells Cream for Skin with Retinol, Niacinamide, Hyaluronic Acid - Anti-Aging Day & Night Cream - Made in USA (1.7 Oz)</p><p>$14.99 ($8.82 / Ounce)</p><a href="https://www.amazon.com/dp/B0C9H6PD9B?tag=eloabder-20&linkCode=osi&th=1&psc=1">View Product</a></div><div class="product"><a href="https://www.amazon.com/dp/B01ES349CY?tag=eloabder-20&linkCode=osi&th=1&psc=1"><img src="https://m.media-amazon.com/images/I/51C9olHbYgL._SL500_.jpg" alt="Product Image"></a><p>LilyAna Naturals Retinol Cream - Made in USA, Anti Aging Moisturizer for Face and Neck,Wrinkle, Retinol Complex - 1.7oz</p><p>$18.16 ($10.68 / Ounce)</p><a href="https://www.amazon.com/dp/B01ES349CY?tag=eloabder-20&linkCode=osi&th=1&psc=1">View Product</a></div><div class="product"><a href="https://www.amazon.com/dp/B00QSHEN0M?tag=eloabder-20&linkCode=osi&th=1&psc=1"><img src="https://m.media-amazon.com/images/I/41XiN2SLyrL._SL500_.jpg" alt="Product Image"></a><p>Burt's Bees Renewal Firming Face Cream, Anti-Aging Retinol Alternative, Moisturizing Natural Origin Skin Care, 1.8 Ounce (Packaging May Vary)</p><p>$9.75 ($5.42 / Ounce)</p><a href="https://www.amazon.com/dp/B00QSHEN0M?tag=eloabder-20&linkCode=osi&th=1&psc=1">View Product</a></div><div class="product"><a href="https://www.amazon.com/dp/B0744JV661?tag=eloabder-20&linkCode=osi&th=1&psc=1"><img src="https://m.media-amazon.com/images/I/41uJ0OhvRuL._SL500_.jpg" alt="Product Image"></a><p>RoC Retinol Correxion Max Daily Hydration Anti-Aging Face Moisturizer with Hyaluronic Acid, Oil Free Skin Care Cream for Fine Lines, Dark Spots, Post-Acne Scars, 1.7 Ounces (Packaging May Vary)</p><p>$21.53 ($12.66 / Ounce)</p><a href="https://www.amazon.com/dp/B0744JV661?tag=eloabder-20&linkCode=osi&th=1&psc=1">View Product</a></div><div class="product"><a href="https://www.amazon.com/dp/B004D2C57M?tag=eloabder-20&linkCode=osi&th=1&psc=1"><img src="https://m.media-amazon.com/images/I/4106jzuxtsL._SL500_.jpg" alt="Product Image"></a><p>Neutrogena Retinol Face Moisturizer, Rapid Wrinkle Repair with SPF 30 Sunscreen, Daily Anti-Aging Face Cream with Retinol & Hyaluronic Acid to Fight Fine Lines, Wrinkles, & Dark Spots, 1 fl. oz</p><p>$17.14</p><a href="https://www.amazon.com/dp/B004D2C57M?tag=eloabder-20&linkCode=osi&th=1&psc=1">View Product</a></div><div class="product"><a href="https://www.amazon.com/dp/B0B5TBVX6C?tag=eloabder-20&linkCode=osi&th=1&psc=1"><img src="https://m.media-amazon.com/images/I/51nRJsctWHL._SL500_.jpg" alt="Product Image"></a><p>Retinol Cream for Face - Facial Moisturizer with Collagen and Hyaluronic Acid, Anti-Wrinkle Reduce Fine Lines Vitamin C+E Natural-Ingredient Day Night Anti-Aging For Women Men</p><p>$14.99 ($8.82 / Fl Oz)</p><a href="https://www.amazon.com/dp/B0B5TBVX6C?tag=eloabder-20&linkCode=osi&th=1&psc=1">View Product</a></div>
<div class="product"><a href="https://www.amazon.com/dp/B00DG8F02Q?tag=eloabder-20&linkCode=osi&th=1&psc=1"><img src="https://m.media-amazon.com/images/I/31+WLRw2Y6L._SL500_.jpg" alt="Product Image"></a><p>NIVEA Shea Nourish Body Lotion, 48-Hour Moisturizing Shea Butter Lotion for Dry Skin with Deep Nourishing Serum, 16.9 Fl Oz Pump Bottle</p><p>$6.29 ($0.37 / Fl Oz)</p><a href="https://www.amazon.com/dp/B00DG8F02Q?tag=eloabder-20&linkCode=osi&th=1&psc=1">View Product</a></div><div class="product"><a href="https://www.amazon.com/dp/B076G2XGY3?tag=eloabder-20&linkCode=osi&th=1&psc=1"><img src="https://m.media-amazon.com/images/I/41jIXvha20L._SL500_.jpg" alt="Product Image"></a><p>NIVEA Essentially Enriched Body Lotion for Dry Skin, Pack of 2, 16.9 Fl Oz Pump Bottles</p><p>$10.98 ($0.32 / Fl Oz)</p><a href="https://www.amazon.com/dp/B076G2XGY3?tag=eloabder-20&linkCode=osi&th=1&psc=1">View Product</a></div><div class="product"><a href="https://www.amazon.com/dp/B00DG8EZKO?tag=eloabder-20&linkCode=osi&th=1&psc=1"><img src="https://m.media-amazon.com/images/I/31DT3ghuyXL._SL500_.jpg" alt="Product Image"></a><p>NIVEA Intense Healing Body Lotion for Dry Skin, 72-Hour Moisturizing Lotion with Deep Nourishing Serum and Provitamin B5, 16.9 Fl Oz Pump Bottle</p><p>$6.29 ($0.37 / Fl Oz)</p><a href="https://www.amazon.com/dp/B00DG8EZKO?tag=eloabder-20&linkCode=osi&th=1&psc=1">View Product</a></div><div class="product"><a href="https://www.amazon.com/dp/B08KT5HM98?tag=eloabder-20&linkCode=osi&th=1&psc=1"><img src="https://m.media-amazon.com/images/I/311EVJ1x7tL._SL500_.jpg" alt="Product Image"></a><p>eos Shea Better Body Lotion- Coconut Waters, 24-Hour Moisture Skin Care, Lightweight & Non-Greasy, Made with Natural Shea, Vegan, 16 fl oz</p><p>$8.98 ($0.56 / Fl Oz)</p><a href="https://www.amazon.com/dp/B08KT5HM98?tag=eloabder-20&linkCode=osi&th=1&psc=1">View Product</a></div><div class="product"><a href="https://www.amazon.com/dp/B0034F9K36?tag=eloabder-20&linkCode=osi&th=1&psc=1"><img src="https://m.media-amazon.com/images/I/319i3EFVPvL._SL500_.jpg" alt="Product Image"></a><p>Jergens Ultra Healing Dry Skin Moisturizer, Body and Hand Lotion for Dry Skin, for Quick Absorption into Extra Dry Skin, with HYDRALUCENCE blend, Vitamins C, E, and B5, 32 Ounce</p><p>$8.17 ($0.26 / Fl Oz)</p><a href="https://www.amazon.com/dp/B0034F9K36?tag=eloabder-20&linkCode=osi&th=1&psc=1">View Product</a></div><div class="product"><a href="https://www.amazon.com/dp/B003JT8PKQ?tag=eloabder-20&linkCode=osi&th=1&psc=1"><img src="https://m.media-amazon.com/images/I/31TFisQDpKL._SL500_.jpg" alt="Product Image"></a><p>Lubriderm Daily Moisture Lotion + Pro-Ceramide with Shea Butter & Glycerin Helps Moisturize Dry Skin, Hydrating Face, Hand & Body Lotion is Lightly Scented & Non-Greasy, 24 fl. oz</p><p>$10.12 ($0.42 / Fl Oz)</p><a href="https://www.amazon.com/dp/B003JT8PKQ?tag=eloabder-20&linkCode=osi&th=1&psc=1">View Product</a></div><div class="product"><a href="https://www.amazon.com/dp/B07RK4HST7?tag=eloabder-20&linkCode=osi&th=1&psc=1"><img src="https://m.media-amazon.com/images/I/412DGoW35mL._SL500_.jpg" alt="Product Image"></a><p>CeraVe Daily Moisturizing Lotion for Dry Skin | Body Lotion & Face Moisturizer with Hyaluronic Acid and Ceramides | Daily Moisturizer | Fragrance Free | Oil-Free | 19 Ounce</p><p>$18.50 ($0.97 / Fl Oz)</p><a href="https://www.amazon.com/dp/B07RK4HST7?tag=eloabder-20&linkCode=osi&th=1&psc=1">View Product</a></div><div class="product"><a href="https://www.amazon.com/dp/B0D484X4RL?tag=eloabder-20&linkCode=osi&th=1&psc=1"><img src="https://m.media-amazon.com/images/I/31rZLOx+KEL._SL500_.jpg" alt="Product Image"></a><p>Native Body Lotion Contains Naturally Derived Plant-Based Moisturizers for Women and Men | Restores Dry Skin, Coconut & Vanilla, 16.5 fl oz</p><p>$13.97 ($0.85 / Fl Oz)</p><a href="https://www.amazon.com/dp/B0D484X4RL?tag=eloabder-20&linkCode=osi&th=1&psc=1">View Product</a></div><div class="product"><a href="https://www.amazon.com/dp/B073CXZ8KR?tag=eloabder-20&linkCode=osi&th=1&psc=1"><img src="https://m.media-amazon.com/images/I/31r1ImnqoOL._SL500_.jpg" alt="Product Image"></a><p>Nivea Oil Infused Cherry Blossom and Jojoba Oil Body Lotion, Non-Greasy Cherry Blossom Scented Lotion Moisturizes for 24+ Hours, 16.9 Fl Oz Pump Bottle</p><p>$6.29 ($0.37 / Fl Oz)</p><a href="https://www.amazon.com/dp/B073CXZ8KR?tag=eloabder-20&linkCode=osi&th=1&psc=1">View Product</a></div><div class="product"><a href="https://www.amazon.com/dp/B09HHBKK15?tag=eloabder-20&linkCode=osi&th=1&psc=1"><img src="https://m.media-amazon.com/images/I/31gFI+hSGmL._SL500_.jpg" alt="Product Image"></a><p>Amazon Basics Cocoa Butter Body Lotion, Lightly scented, 20.3 fl oz</p><p>$4.89 ($0.24 / Fl Oz)</p><a href="https://www.amazon.com/dp/B09HHBKK15?tag=eloabder-20&linkCode=osi&th=1&psc=1">View Product</a></div>
<div class="product"><a href="https://www.amazon.com/dp/B0BVBZPX9B?tag=eloabder-20&linkCode=osi&th=1&psc=1"><img src="https://m.media-amazon.com/images/I/61Y09jlKZkL._SL500_.jpg" alt="Product Image"></a><p>Dove Deep Moisture Body Wash 30.6 Fl Oz Pack of 3 with Pump, Luxurious Hydration for Dry Skin, Cleanser with 24hr Renewing MicroMoisture</p><p>$23.22 ($0.25 / Fl Oz)</p><a href="https://www.amazon.com/dp/B0BVBZPX9B?tag=eloabder-20&linkCode=osi&th=1&psc=1">View Product</a></div><div class="product"><a href="https://www.amazon.com/dp/B0BT1VXDGD?tag=eloabder-20&linkCode=osi&th=1&psc=1"><img src="https://m.media-amazon.com/images/I/217eAv7yKyL._SL500_.jpg" alt="Product Image"></a><p>Method Body Wash, Pure Peace, Paraben and Phthalate Free, Biodegradable Formula, 28 oz (Pack of 1)</p><p>$11.48 ($0.41 / Fl Oz)</p><a href="https://www.amazon.com/dp/B0BT1VXDGD?tag=eloabder-20&linkCode=osi&th=1&psc=1">View Product</a></div><div class="product"><a href="https://www.amazon.com/dp/B0BVBYQGTW?tag=eloabder-20&linkCode=osi&th=1&psc=1"><img src="https://m.media-amazon.com/images/I/61En44WjwPL._SL500_.jpg" alt="Product Image"></a><p>Dove Body Wash with Pump Sensitive Skin 3 Count Hypoallergenic, Paraben-Free, Sulfate-Free, Cruelty-Free, Moisturizing Skin Cleanser Effectively Washes Away Bacteria While Nourishing Skin 30.6 oz</p><p>$23.22 ($0.25 / Fl Oz)</p><a href="https://www.amazon.com/dp/B0BVBYQGTW?tag=eloabder-20&linkCode=osi&th=1&psc=1">View Product</a></div><div class="product"><a href="https://www.amazon.com/dp/B0CGY5BLBW?tag=eloabder-20&linkCode=osi&th=1&psc=1"><img src="https://m.media-amazon.com/images/I/61X7MjVU6uL._SL500_.jpg" alt="Product Image"></a><p>Dove Exfoliating Body Wash Glow Recharge Energizes & illuminates skin 3% brightening serum with vitamin C 18.5 oz</p><p>$9.79 ($0.53 / Fl Oz)</p><a href="https://www.amazon.com/dp/B0CGY5BLBW?tag=eloabder-20&linkCode=osi&th=1&psc=1">View Product</a></div><div class="product"><a href="https://www.amazon.com/dp/B082QB23YG?tag=eloabder-20&linkCode=osi&th=1&psc=1"><img src="https://m.media-amazon.com/images/I/31QPAuuaLwL._SL500_.jpg" alt="Product Image"></a><p>NIVEA Refreshing White Peach and Jasmine Body Wash, Scented Body Wash with Nourishing Serum, Plant-Derived Oils, Essential Skin Lipids and Vitamins, 20 Fl Oz Bottle</p><p>$4.89 ($0.24 / Fl Oz)</p><a href="https://www.amazon.com/dp/B082QB23YG?tag=eloabder-20&linkCode=osi&th=1&psc=1">View Product</a></div><div class="product"><a href="https://www.amazon.com/dp/B0BHH1LBX2?tag=eloabder-20&linkCode=osi&th=1&psc=1"><img src="https://m.media-amazon.com/images/I/41aG-jLyOqL._SL500_.jpg" alt="Product Image"></a><p>Olay Ultra Rich Moisture Body Wash for Women, Deeply Nourishes, Vitamin B3 Complex, Clinically Proven, Shea Butter Scent, 22 fl oz (Pack of 4)</p><p>$27.96 ($0.32 / Fl Oz)</p><a href="https://www.amazon.com/dp/B0BHH1LBX2?tag=eloabder-20&linkCode=osi&th=1&psc=1">View Product</a></div><div class="product"><a href="https://www.amazon.com/dp/B07FD24RTR?tag=eloabder-20&linkCode=osi&th=1&psc=1"><img src="https://m.media-amazon.com/images/I/31klAgInvXL._SL500_.jpg" alt="Product Image"></a><p>Aveeno Stress Relief Body Wash with Soothing Oat for Sensitive Skin, Lavender Body Wash to help you feel Calm and Relaxed, Sulfate-Free, 33 FL OZ</p><p>$13.48 ($0.41 / Fl Oz)</p><a href="https://www.amazon.com/dp/B07FD24RTR?tag=eloabder-20&linkCode=osi&th=1&psc=1">View Product</a></div><div class="product"><a href="https://www.amazon.com/dp/B082QC2MCX?tag=eloabder-20&linkCode=osi&th=1&psc=1"><img src="https://m.media-amazon.com/images/I/31ohT5XH1TS._SL500_.jpg" alt="Product Image"></a><p>NIVEA Shea Butter Nourishing Body Wash, Moisturizing Body Wash with Nourishing Serum, Plant-Derived Oils, Essential Skin Lipids and Vitamins, 20 Fl Oz Bottle</p><p>$5.29 ($0.26 / Fl Oz)</p><a href="https://www.amazon.com/dp/B082QC2MCX?tag=eloabder-20&linkCode=osi&th=1&psc=1">View Product</a></div><div class="product"><a href="https://www.amazon.com/dp/B0BVBYDTZ6?tag=eloabder-20&linkCode=osi&th=1&psc=1"><img src="https://m.media-amazon.com/images/I/61UbJzK8yIL._SL500_.jpg" alt="Product Image"></a><p>Dove Body Wash with Pump Refreshing Cucumber and Green Tea 3 Count Refreshes Skin Cleanser That Effectively Washes Away Bacteria While Nourishing Your Skin 30.6 oz</p><p>$29.91 ($0.33 / Fl Oz)</p><a href="https://www.amazon.com/dp/B0BVBYDTZ6?tag=eloabder-20&linkCode=osi&th=1&psc=1">View Product</a></div><div class="product"><a href="https://www.amazon.com/dp/B082QBPDJC?tag=eloabder-20&linkCode=osi&th=1&psc=1"><img src="https://m.media-amazon.com/images/I/31tC4JDwHQL._SL500_.jpg" alt="Product Image"></a><p>NIVEA Coconut and Almond Milk Pampering Body Wash, Moisturizing Body Wash with Nourishing Serum, Plant-Derived Oils, Essential Skin Lipids and Vitamins, 20 Fl Oz Bottle</p><p>$4.99 ($0.25 / Fl Oz)</p><a href="https://www.amazon.com/dp/B082QBPDJC?tag=eloabder-20&linkCode=osi&th=1&psc=1">View Product</a></div>
<div class="product"><a href="https://www.amazon.com/dp/B07N7MWX72?tag=eloabder-20&linkCode=osi&th=1&psc=1"><img src="https://m.media-amazon.com/images/I/414aNTDFuRL._SL500_.jpg" alt="Product Image"></a><p>Mielle Organics Rosemary Mint Strengthening Shampoo Infused with Biotin, Cleanses and Helps Strengthen Weak and Brittle Hair, 12 Ounces</p><p>$9.97 ($0.83 / Fl Oz)</p><a href="https://www.amazon.com/dp/B07N7MWX72?tag=eloabder-20&linkCode=osi&th=1&psc=1">View Product</a></div><div class="product"><a href="https://www.amazon.com/dp/B01N97PCBH?tag=eloabder-20&linkCode=osi&th=1&psc=1"><img src="https://m.media-amazon.com/images/I/41KYNMCTIPL._SL500_.jpg" alt="Product Image"></a><p>Garnier Fructis Pure Clean Purifying Shampoo, Silicone-Free, 12.5 Fl Oz, 1 Count (Packaging May Vary)</p><p>$3.97 ($0.32 / Fl Oz)</p><a href="https://www.amazon.com/dp/B01N97PCBH?tag=eloabder-20&linkCode=osi&th=1&psc=1">View Product</a></div><div class="product"><a href="https://www.amazon.com/dp/B07D37PQGL?tag=eloabder-20&linkCode=osi&th=1&psc=1"><img src="https://m.media-amazon.com/images/I/31+tZhs5TNL._SL500_.jpg" alt="Product Image"></a><p>Olaplex No. 4 Bond Maintenance Shampoo, Repairs, Strengthens, & Nourishes All Hair Types, Adds Shine & Leaves Hair Feeling Soft, 8.5 fl oz</p><p>$30.00 ($3.53 / Fl Oz)</p><a href="https://www.amazon.com/dp/B07D37PQGL?tag=eloabder-20&linkCode=osi&th=1&psc=1">View Product</a></div><div class="product"><a href="https://www.amazon.com/dp/B084LHV2M1?tag=eloabder-20&linkCode=osi&th=1&psc=1"><img src="https://m.media-amazon.com/images/I/4174ry43L0L._SL500_.jpg" alt="Product Image"></a><p>Herbal Essences Hello hydration shampoo shampooing for hair 29.2 FL OZ</p><p>$7.97 ($0.27 / Fl Oz)</p><a href="https://www.amazon.com/dp/B084LHV2M1?tag=eloabder-20&linkCode=osi&th=1&psc=1">View Product</a></div><div class="product"><a href="https://www.amazon.com/dp/B08SSM21R4?tag=eloabder-20&linkCode=osi&th=1&psc=1"><img src="https://m.media-amazon.com/images/I/31WbRm+ZKEL._SL500_.jpg" alt="Product Image"></a><p>Redken All Soft Shampoo | Deeply Moisturizes and Hydrates | Softens, Smooths, and Adds Shine | Safe for Color-Treated Hair | Nourishing Shampoo for Dry Hair | With Argan Oil</p><p>$26.00 ($2.57 / Fl Oz)</p><a href="https://www.amazon.com/dp/B08SSM21R4?tag=eloabder-20&linkCode=osi&th=1&psc=1">View Product</a></div><div class="product"><a href="https://www.amazon.com/dp/B0D4SBLLRJ?tag=eloabder-20&linkCode=osi&th=1&psc=1"><img src="https://m.media-amazon.com/images/I/41uWwx+mKwL._SL500_.jpg" alt="Product Image"></a><p>Olaplex Wash and Shine Kit</p><p>$57.00</p><a href="https://www.amazon.com/dp/B0D4SBLLRJ?tag=eloabder-20&linkCode=osi&th=1&psc=1">View Product</a></div><div class="product"><a href="https://www.amazon.com/dp/B086S4Q7JH?tag=eloabder-20&linkCode=osi&th=1&psc=1"><img src="https://m.media-amazon.com/images/I/51i3YLQncNL._SL500_.jpg" alt="Product Image"></a><p>Herbal Essences Shampoo and Conditioner Set, Vitamin E, Rose Hips and Jojoba Extract, Smooth Collection, Bundle</p><p>$13.81 ($0.24 / Fl Oz)</p><a href="https://www.amazon.com/dp/B086S4Q7JH?tag=eloabder-20&linkCode=osi&th=1&psc=1">View Product</a></div><div class="product"><a href="https://www.amazon.com/dp/B01ENCBOA0?tag=eloabder-20&linkCode=osi&th=1&psc=1"><img src="https://m.media-amazon.com/images/I/41wcbs9bSAL._SL500_.jpg" alt="Product Image"></a><p>Rosemary and Biotin Shampoo for Thinning Hair - Vegan Volumizing Shampoo for Fine Hair with Argan and Tea Tree Oil - Paraben Silicone and Sulfate Free Shampoo for Dry Damaged Weak and Thin Hair Care</p><p>$12.95 ($1.62 / Fl Oz)</p><a href="https://www.amazon.com/dp/B01ENCBOA0?tag=eloabder-20&linkCode=osi&th=1&psc=1">View Product</a></div><div class="product"><a href="https://www.amazon.com/dp/B07NQ69L7P?tag=eloabder-20&linkCode=osi&th=1&psc=1"><img src="https://m.media-amazon.com/images/I/51c83KZZLJL._SL500_.jpg" alt="Product Image"></a><p>Herbal Essences Argan Oil of Morocco Shampoo & Conditioner Set, Repair & Smooth, Kew Endorsed, Fizzy Citrus Scent, Paraben-Free, Safe for Color-Treated Hair, pH-Balanced, 20.2 Fl Oz Each, 2 Pack</p><p>$24.99</p><a href="https://www.amazon.com/dp/B07NQ69L7P?tag=eloabder-20&linkCode=osi&th=1&psc=1">View Product</a></div>
<div class="product"><a href="https://www.amazon.com/dp/B0891BBRHW?tag=eloabder-20&linkCode=osi&th=1&psc=1"><img src="https://m.media-amazon.com/images/I/31ndDwe7VSL._SL500_.jpg" alt="Product Image"></a><p>Pureology Hydrate Moisturizing Conditioner | Softens and Deeply Hydrates Dry Hair | For Medium to Thick Color Treated or Natural Hair | Sulfate Free Conditioner | Vegan</p><p>$37.00 ($4.11 / Fl Oz)</p><a href="https://www.amazon.com/dp/B0891BBRHW?tag=eloabder-20&linkCode=osi&th=1&psc=1">View Product</a></div><div class="product"><a href="https://www.amazon.com/dp/B07D37SBHF?tag=eloabder-20&linkCode=osi&th=1&psc=1"><img src="https://m.media-amazon.com/images/I/31ivDW-ouZL._SL500_.jpg" alt="Product Image"></a><p>Olaplex No. 5 Bond Maintenance Conditioner, Repairs, Strengthens, & Nourishes All Hair Types, Leaving Hair Feeling Soft & Adds Shine, 8.5 fl oz"</p><p>$30.00 ($3.53 / Fl Oz)</p><a href="https://www.amazon.com/dp/B07D37SBHF?tag=eloabder-20&linkCode=osi&th=1&psc=1">View Product</a></div><div class="product"><a href="https://www.amazon.com/dp/B07CLD17F5?tag=eloabder-20&linkCode=osi&th=1&psc=1"><img src="https://m.media-amazon.com/images/I/61hTHQjDOkL._SL500_.jpg" alt="Product Image"></a><p>Dove Ultra Care Conditioner Coconut & Hydration for Dry Hair Conditioner with Coconut Oil, Jojoba Oil & Sweet Almond Oil 25.4 oz</p><p>$7.49 ($0.29 / Fl Oz)</p><a href="https://www.amazon.com/dp/B07CLD17F5?tag=eloabder-20&linkCode=osi&th=1&psc=1">View Product</a></div><div class="product"><a href="https://www.amazon.com/dp/B0752CBW5T?tag=eloabder-20&linkCode=osi&th=1&psc=1"><img src="https://m.media-amazon.com/images/I/31-KMa7LAlS._SL500_.jpg" alt="Product Image"></a><p>L'Oreal Paris Elvive Total Repair 5 Repairing Conditioner for Damaged Hair Conditioner with Protein and Ceramide for Strong Silky Shiny Healthy Renewed Hair 28 Fl Oz</p><p>$8.49 ($0.30 / Fl Oz)</p><a href="https://www.amazon.com/dp/B0752CBW5T?tag=eloabder-20&linkCode=osi&th=1&psc=1">View Product</a></div><div class="product"><a href="https://www.amazon.com/dp/B00L01DEII?tag=eloabder-20&linkCode=osi&th=1&psc=1"><img src="https://m.media-amazon.com/images/I/31EJqWmmSNL._SL500_.jpg" alt="Product Image"></a><p>Biolage Ultra Hydra Source Conditioning Balm | Deep Hydrating Conditioner | Renews Hair's Moisture | For Very Dry Hair | Silicone-Free | Vegan | Salon Conditioner | 33.8 Fl. Oz</p><p>$42.00 ($1.24 / Fl Oz)</p><a href="https://www.amazon.com/dp/B00L01DEII?tag=eloabder-20&linkCode=osi&th=1&psc=1">View Product</a></div><div class="product"><a href="https://www.amazon.com/dp/B08SSCQH77?tag=eloabder-20&linkCode=osi&th=1&psc=1"><img src="https://m.media-amazon.com/images/I/31P8RgJeqwL._SL500_.jpg" alt="Product Image"></a><p>Redken All Soft Conditioner | For Dry / Brittle Hair | Moisturizes & Provides Intense Softness | With Argan Oil | 10.1 Fl Oz</p><p>$26.00 ($2.57 / Fl Oz)</p><a href="https://www.amazon.com/dp/B08SSCQH77?tag=eloabder-20&linkCode=osi&th=1&psc=1">View Product</a></div><div class="product"><a href="https://www.amazon.com/dp/B074VLNPSG?tag=eloabder-20&linkCode=osi&th=1&psc=1"><img src="https://m.media-amazon.com/images/I/319FOowuSkL._SL500_.jpg" alt="Product Image"></a><p>Garnier Fructis Grow Strong Conditioner, 33.8 Fl Oz, 1 Count (Packaging May Vary)</p><p>$8.49 ($0.25 / Fl Oz)</p><a href="https://www.amazon.com/dp/B074VLNPSG?tag=eloabder-20&linkCode=osi&th=1&psc=1">View Product</a></div><div class="product"><a href="https://www.amazon.com/dp/B00JAI4FGI?tag=eloabder-20&linkCode=osi&th=1&psc=1"><img src="https://m.media-amazon.com/images/I/212rXWGPu1L._SL500_.jpg" alt="Product Image"></a><p>Biolage Color Last Conditioner | Helps Protect Hair & Maintain Vibrant Color | For Color-Treated and Natural Hair | Paraben & Silicone-Free | Vegan | Cruelty Free | Color Protecting Salon Conditioner</p><p>$24.00 ($1.78 / Fl Oz)</p><a href="https://www.amazon.com/dp/B00JAI4FGI?tag=eloabder-20&linkCode=osi&th=1&psc=1">View Product</a></div>
<div class="product"><a href="https://www.amazon.com/dp/B00I32AN4K?tag=eloabder-20&linkCode=osi&th=1&psc=1"><img src="https://m.media-amazon.com/images/I/51KpmxinYYL._SL500_.jpg" alt="Product Image"></a><p>Arvazallia Hydrating Argan Oil Hair Mask and Deep Conditioner for Dry or Damaged Hair - 8.45 Oz</p><p>$12.95 ($1.53 / Fl Oz)</p><a href="https://www.amazon.com/dp/B00I32AN4K?tag=eloabder-20&linkCode=osi&th=1&psc=1">View Product</a></div><div class="product"><a href="https://www.amazon.com/dp/B07H3GBSC3?tag=eloabder-20&linkCode=osi&th=1&psc=1"><img src="https://m.media-amazon.com/images/I/41I862UzKRL._SL500_.jpg" alt="Product Image"></a><p>amika soulfood nourishing Mask, 8 Fl oz</p><p>$34.00 ($4.25 / Fl Oz)</p><a href="https://www.amazon.com/dp/B07H3GBSC3?tag=eloabder-20&linkCode=osi&th=1&psc=1">View Product</a></div><div class="product"><a href="https://www.amazon.com/dp/B075L6BL61?tag=eloabder-20&linkCode=osi&th=1&psc=1"><img src="https://m.media-amazon.com/images/I/41zCFV7oGTL._SL500_.jpg" alt="Product Image"></a><p>Karseell Collagen Hair Treatment Deep Repair Conditioning Argan Oil Collagen Hair Mask Essence for Dry Damaged Hair All Hair Types 16.90 oz 500ml</p><p>$23.33 ($1.38 / Fl Oz)</p><a href="https://www.amazon.com/dp/B075L6BL61?tag=eloabder-20&linkCode=osi&th=1&psc=1">View Product</a></div><div class="product"><a href="https://www.amazon.com/dp/B0BQ54DQNM?tag=eloabder-20&linkCode=osi&th=1&psc=1"><img src="https://m.media-amazon.com/images/I/41uhtWPJeuL._SL500_.jpg" alt="Product Image"></a><p>Eva NYC Therapy Session Hair Mask, Deep Conditioning Hair Mask Infused with Argan Oil and Plant Protein, 16.9 fl oz</p><p>$19.00 ($1.12 / Fl Oz)</p><a href="https://www.amazon.com/dp/B0BQ54DQNM?tag=eloabder-20&linkCode=osi&th=1&psc=1">View Product</a></div><div class="product"><a href="https://www.amazon.com/dp/B01I2ZQJSG?tag=eloabder-20&linkCode=osi&th=1&psc=1"><img src="https://m.media-amazon.com/images/I/41ctrFUeQAL._SL500_.jpg" alt="Product Image"></a><p>Elizavecca cer-100 collagen coating hair protein treatment 100ml</p><p>$7.40 ($2.19 / Fl Oz)</p><a href="https://www.amazon.com/dp/B01I2ZQJSG?tag=eloabder-20&linkCode=osi&th=1&psc=1">View Product</a></div><div class="product"><a href="https://www.amazon.com/dp/B07N7NBYSP?tag=eloabder-20&linkCode=osi&th=1&psc=1"><img src="https://m.media-amazon.com/images/I/515lD0OXQ+L._SL500_.jpg" alt="Product Image"></a><p>Mielle Organics Rosemary Mint Strengthening Hair Masque, Essential Oil & Biotin Deep Treatment, Miracle Repair for Dry, Damaged, & Frizzy Hair, 12 Ounces</p><p>$9.97 ($0.83 / Ounce)</p><a href="https://www.amazon.com/dp/B07N7NBYSP?tag=eloabder-20&linkCode=osi&th=1&psc=1">View Product</a></div><div class="product"><a href="https://www.amazon.com/dp/B002N5MKMG?tag=eloabder-20&linkCode=osi&th=1&psc=1"><img src="https://m.media-amazon.com/images/I/41NxqnExYnL._SL500_.jpg" alt="Product Image"></a><p>Moroccanoil Intense Hydrating Mask, 8.5 Fl. Oz.</p><p>$42.00 ($4.94 / Fl Oz)</p><a href="https://www.amazon.com/dp/B002N5MKMG?tag=eloabder-20&linkCode=osi&th=1&psc=1">View Product</a></div><div class="product"><a href="https://www.amazon.com/dp/B07M7PP9KX?tag=eloabder-20&linkCode=osi&th=1&psc=1"><img src="https://m.media-amazon.com/images/I/41Mpv3wIxEL._SL500_.jpg" alt="Product Image"></a><p>Marc Anthony Grow Long Hair Anti-Breakage Mask, 10.4 OZ</p><p>$8.99 ($0.90 / Fl Oz)</p><a href="https://www.amazon.com/dp/B07M7PP9KX?tag=eloabder-20&linkCode=osi&th=1&psc=1">View Product</a></div><div class="product"><a href="https://www.amazon.com/dp/B09HR5KSR8?tag=eloabder-20&linkCode=osi&th=1&psc=1"><img src="https://m.media-amazon.com/images/I/51aIw6AhsXL._SL500_.jpg" alt="Product Image"></a><p>K18 Mini Leave-In Molecular Hair Mask, Repairs Dry or Damaged Hair, Reverse Hair Damage from Bleach, Color, Chemical Services & Heat, 0.51 Fl Oz</p><p>$29.00 ($56.86 / Fl Oz)</p><a href="https://www.amazon.com/dp/B09HR5KSR8?tag=eloabder-20&linkCode=osi&th=1&psc=1">View Product</a></div>
<div class="product"><a href="https://www.amazon.com/dp/B004J1MNII?tag=eloabder-20&linkCode=osi&th=1&psc=1"><img src="https://m.media-amazon.com/images/I/31nFgivW0gL._SL500_.jpg" alt="Product Image"></a><p>Moroccanoil Hydrating Styling Cream, Travel Size, 2.53 Fl Oz</p><p>$16.00 ($6.40 / Fl Oz)</p><a href="https://www.amazon.com/dp/B004J1MNII?tag=eloabder-20&linkCode=osi&th=1&psc=1">View Product</a></div><div class="product"><a href="https://www.amazon.com/dp/B00G187CP6?tag=eloabder-20&linkCode=osi&th=1&psc=1"><img src="https://m.media-amazon.com/images/I/31belqXvyyL._SL500_.jpg" alt="Product Image"></a><p>COLOR WOW One Minute Transformation – Instant frizz fix| Nourishing styling cream smooths, tames + defrizzes on the spot| Avocado oil + Omega 3’s hydrate, repair for silkier, smoother texture</p><p>$24.00</p><a href="https://www.amazon.com/dp/B00G187CP6?tag=eloabder-20&linkCode=osi&th=1&psc=1">View Product</a></div><div class="product"><a href="https://www.amazon.com/dp/B073CWSQ51?tag=eloabder-20&linkCode=osi&th=1&psc=1"><img src="https://m.media-amazon.com/images/I/41lIHxirIkL._SL500_.jpg" alt="Product Image"></a><p>COLOR WOW Dream Coat Supernatural Spray, 6.7 Fl Oz – Keep Your Hair Frizz-Free and Shiny No Matter the Weather with Award-Winning Anti-Humidity Treatment</p><p>$28.00 ($4.18 / Fl Oz)</p><a href="https://www.amazon.com/dp/B073CWSQ51?tag=eloabder-20&linkCode=osi&th=1&psc=1">View Product</a></div><div class="product"><a href="https://www.amazon.com/dp/B075RGHQVF?tag=eloabder-20&linkCode=osi&th=1&psc=1"><img src="https://m.media-amazon.com/images/I/21TgD3HaqbL._SL500_.jpg" alt="Product Image"></a><p>American Crew Men's Fiber Cream, Like Hair Gel with Medium Hold & Natural Shine, 3.3 Fl Oz</p><p>$9.94 ($3.01 / Ounce)</p><a href="https://www.amazon.com/dp/B075RGHQVF?tag=eloabder-20&linkCode=osi&th=1&psc=1">View Product</a></div><div class="product"><a href="https://www.amazon.com/dp/B0BLWTQ7JC?tag=eloabder-20&linkCode=osi&th=1&psc=1"><img src="https://m.media-amazon.com/images/I/31jMkcol7VL._SL500_.jpg" alt="Product Image"></a><p>DAE Cactus Fruit 3-In-1 Styling Cream - Smooth Styles, Prep Shiny Blowouts, Defines Curls (5 oz.)</p><p>$30.00 ($6.00 / Ounce)</p><a href="https://www.amazon.com/dp/B0BLWTQ7JC?tag=eloabder-20&linkCode=osi&th=1&psc=1">View Product</a></div><div class="product"><a href="https://www.amazon.com/dp/B00H3DOSPU?tag=eloabder-20&linkCode=osi&th=1&psc=1"><img src="https://m.media-amazon.com/images/I/317clPmAyiL._SL500_.jpg" alt="Product Image"></a><p>Biolage Styling Gelée | Firm Hold That Adds Body, Shine & Control | For All Hair Types | Paraben-Free | Vegan | 16.9 fl. oz. | 16.9 Fl. Oz</p><p>$24.00 ($1.42 / Fl Oz)</p><a href="https://www.amazon.com/dp/B00H3DOSPU?tag=eloabder-20&linkCode=osi&th=1&psc=1">View Product</a></div><div class="product"><a href="https://www.amazon.com/dp/B08SNSSTPZ?tag=eloabder-20&linkCode=osi&th=1&psc=1"><img src="https://m.media-amazon.com/images/I/31KrkpMat6L._SL500_.jpg" alt="Product Image"></a><p>L3 Level 3 Styling Powder - Natural Look Mens Powder - Easy to Apply with No Oil or Greasy Residue (Small - 30 Grams)</p><p>$9.99 ($9.51 / Fl Oz)</p><a href="https://www.amazon.com/dp/B08SNSSTPZ?tag=eloabder-20&linkCode=osi&th=1&psc=1">View Product</a></div><div class="product"><a href="https://www.amazon.com/dp/B09MZS3D3K?tag=eloabder-20&linkCode=osi&th=1&psc=1"><img src="https://m.media-amazon.com/images/I/31CADZzpR7L._SL500_.jpg" alt="Product Image"></a><p>Marc Anthony Biotin Styling Hair Cream, Instantly Thick - Biotin & Vitamin E Hair Thickening Cream, Lightweight Hold for Thicker & Fuller Hair - Volumizing Hair Product for Thin, Flat Hair</p><p>$8.99 ($1.82 / Ounce)</p><a href="https://www.amazon.com/dp/B09MZS3D3K?tag=eloabder-20&linkCode=osi&th=1&psc=1">View Product</a></div><div class="product"><a href="https://www.amazon.com/dp/B0009OMNQQ?tag=eloabder-20&linkCode=osi&th=1&psc=1"><img src="https://m.media-amazon.com/images/I/21BMUFOie3L._SL500_.jpg" alt="Product Image"></a><p>Paul Mitchell Extra-Body Sculpting Foam, Thickens + Builds Body, For Fine Hair, 6.7 oz.</p><p>$16.50 ($2.46 / Fl Oz)</p><a href="https://www.amazon.com/dp/B0009OMNQQ?tag=eloabder-20&linkCode=osi&th=1&psc=1">View Product</a></div>
<div class="product"><a href="https://www.amazon.com/dp/B09LXMXSMN?tag=eloabder-20&linkCode=osi&th=1&psc=1"><img src="https://m.media-amazon.com/images/I/51Sly6w-y7L._SL500_.jpg" alt="Product Image"></a><p>Revlon ColorSilk Beautiful Color Permanent Hair Color, Long-Lasting High-Definition Color, Shine & Silky Softness with 100% Gray Coverage, Ammonia Free, 41 Medium Brown, 3 Pack</p><p>$11.91 ($0.90 / Fl Oz)</p><a href="https://www.amazon.com/dp/B09LXMXSMN?tag=eloabder-20&linkCode=osi&th=1&psc=1">View Product</a></div><div class="product"><a href="https://www.amazon.com/dp/B004INIW1Y?tag=eloabder-20&linkCode=osi&th=1&psc=1"><img src="https://m.media-amazon.com/images/I/51QXVxOgEkL._SL500_.jpg" alt="Product Image"></a><p>L'Oreal Paris Excellence Creme Permanent Hair Color, 4 Dark Brown, 100 percent Gray Coverage Hair Dye, Pack of 1</p><p>$10.97</p><a href="https://www.amazon.com/dp/B004INIW1Y?tag=eloabder-20&linkCode=osi&th=1&psc=1">View Product</a></div><div class="product"><a href="https://www.amazon.com/dp/B00TUM6QUC?tag=eloabder-20&linkCode=osi&th=1&psc=1"><img src="https://m.media-amazon.com/images/I/511vRRkzayL._SL500_.jpg" alt="Product Image"></a><p>Schwarzkopf Keratin Color Permanent Hair Color, 6.0 Delicate Praline, 1 Application - Salon Inspired Permanent Hair Dye, for up to 80% Less Breakage vs Untreated Hair and up to 100% Gray Coverage</p><p>$11.97</p><a href="https://www.amazon.com/dp/B00TUM6QUC?tag=eloabder-20&linkCode=osi&th=1&psc=1">View Product</a></div><div class="product"><a href="https://www.amazon.com/dp/B00006JN4M?tag=eloabder-20&linkCode=osi&th=1&psc=1"><img src="https://m.media-amazon.com/images/I/41YBT6aEgWL._SL500_.jpg" alt="Product Image"></a><p>L'Oreal Paris Superior Preference Fade-Defying + Shine Permanent Hair Color, 6 Light Brown, Pack of 1, Hair Dye</p><p>$11.97</p><a href="https://www.amazon.com/dp/B00006JN4M?tag=eloabder-20&linkCode=osi&th=1&psc=1">View Product</a></div><div class="product"><a href="https://www.amazon.com/dp/B07HXH48TF?tag=eloabder-20&linkCode=osi&th=1&psc=1"><img src="https://m.media-amazon.com/images/I/51VP1hHWq9L._SL500_.jpg" alt="Product Image"></a><p>Garnier Hair Color Nutrisse Nourishing Creme, 50 Medium Natural Brown (Truffle) Permanent Hair Dye, 2 Count (Packaging May Vary)</p><p>$16.98 ($8.49 / Count)</p><a href="https://www.amazon.com/dp/B07HXH48TF?tag=eloabder-20&linkCode=osi&th=1&psc=1">View Product</a></div><div class="product"><a href="https://www.amazon.com/dp/B001UMV18M?tag=eloabder-20&linkCode=osi&th=1&psc=1"><img src="https://m.media-amazon.com/images/I/51h21IlxAhL._SL500_.jpg" alt="Product Image"></a><p>Garnier Hair Color Nutrisse Nourishing Creme, 415 Soft Mahogany Brown (Raspberry Truffle) Permanent Hair Dye, 1 Count (Packaging May Vary)</p><p>$8.47</p><a href="https://www.amazon.com/dp/B001UMV18M?tag=eloabder-20&linkCode=osi&th=1&psc=1">View Product</a></div><div class="product"><a href="https://www.amazon.com/dp/B0B3KWJ242?tag=eloabder-20&linkCode=osi&th=1&psc=1"><img src="https://m.media-amazon.com/images/I/41fqsQmb0VL._SL500_.jpg" alt="Product Image"></a><p>COLORCHARM Demi Permanent Hair Color, 3N Medium Neutral Brown 2 oz</p><p>$9.99 ($5.00 / Fl Oz)</p><a href="https://www.amazon.com/dp/B0B3KWJ242?tag=eloabder-20&linkCode=osi&th=1&psc=1">View Product</a></div>
<div class="product"><a href="https://www.amazon.com/dp/B01ACPW1SG?tag=eloabder-20&linkCode=osi&th=1&psc=1"><img src="https://m.media-amazon.com/images/I/41aIRzbHxNL._SL500_.jpg" alt="Product Image"></a><p>CoverGirl & Olay Simply Ageless 3-in-1 Liquid Foundation, Matte Finish, Hyaluronic & Vitamin C Formula, Cruelty Free, Classic Ivory, 1 Count</p><p>$10.49</p><a href="https://www.amazon.com/dp/B01ACPW1SG?tag=eloabder-20&linkCode=osi&th=1&psc=1">View Product</a></div><div class="product"><a href="https://www.amazon.com/dp/B07MWSP8SG?tag=eloabder-20&linkCode=osi&th=1&psc=1"><img src="https://m.media-amazon.com/images/I/31B37fmqI7L._SL500_.jpg" alt="Product Image"></a><p>e.l.f. Flawless Finish Foundation, Improves Uneven Skin Tone, Lightweight, Medium Coverage & Semi-Matte, Vegan & Cruelty-Free, Beige 0.67 Fl Oz</p><p>$6.00</p><a href="https://www.amazon.com/dp/B07MWSP8SG?tag=eloabder-20&linkCode=osi&th=1&psc=1">View Product</a></div><div class="product"><a href="https://www.amazon.com/dp/B00PFCSUNC?tag=eloabder-20&linkCode=osi&th=1&psc=1"><img src="https://m.media-amazon.com/images/I/41FK6ukLnvL._SL500_.jpg" alt="Product Image"></a><p>Maybelline Fit Me Matte + Poreless Liquid Oil-Free Foundation Makeup, Natural Ivory, 1 Count (Packaging May Vary)</p><p>$7.10</p><a href="https://www.amazon.com/dp/B00PFCSUNC?tag=eloabder-20&linkCode=osi&th=1&psc=1">View Product</a></div><div class="product"><a href="https://www.amazon.com/dp/B0BCGZMTSY?tag=eloabder-20&linkCode=osi&th=1&psc=1"><img src="https://m.media-amazon.com/images/I/31Qa6QbmaiL._SL500_.jpg" alt="Product Image"></a><p>L'Oreal Paris True Match Super-Blendable Foundation, Medium Coverage Liquid Foundation Makeup, N3, Light Medium, 1 Fl Oz</p><p>$9.97</p><a href="https://www.amazon.com/dp/B0BCGZMTSY?tag=eloabder-20&linkCode=osi&th=1&psc=1">View Product</a></div><div class="product"><a href="https://www.amazon.com/dp/B000IEMGGE?tag=eloabder-20&linkCode=osi&th=1&psc=1"><img src="https://m.media-amazon.com/images/I/41RtSkNmHSL._SL500_.jpg" alt="Product Image"></a><p>LAURA GELLER NEW YORK Award-Winning Baked Balance-n-Brighten Color Correcting Powder Foundation - Fair - Buildable Light to Medium Coverage - Demi-Matte Natural Finish</p><p>$22.13</p><a href="https://www.amazon.com/dp/B000IEMGGE?tag=eloabder-20&linkCode=osi&th=1&psc=1">View Product</a></div><div class="product"><a href="https://www.amazon.com/dp/B01LMMZY6O?tag=eloabder-20&linkCode=osi&th=1&psc=1"><img src="https://m.media-amazon.com/images/I/41WWjJXCsFL._SL500_.jpg" alt="Product Image"></a><p>IT Cosmetics Your Skin But Better CC+ Cream, Medium (W) - Color Correcting Cream, Full-Coverage Foundation, Hydrating Serum & SPF 50+ Sunscreen - Natural Finish - 1.08 fl oz</p><p>$47.00 ($43.52 / Fl Oz)</p><a href="https://www.amazon.com/dp/B01LMMZY6O?tag=eloabder-20&linkCode=osi&th=1&psc=1">View Product</a></div><div class="product"><a href="https://www.amazon.com/dp/B07CVFY5PQ?tag=eloabder-20&linkCode=osi&th=1&psc=1"><img src="https://m.media-amazon.com/images/I/416VSGy4SKL._SL500_.jpg" alt="Product Image"></a><p>MagicMinerals AirBrush Foundation by Jerome Alexander – 2pc Set with Airbrush Foundation and Kabuki Brush - Spray Makeup with Anti-aging Ingredients for Smooth Radiant Skin - Medium</p><p>$19.99 ($11.11 / Fl Oz)</p><a href="https://www.amazon.com/dp/B07CVFY5PQ?tag=eloabder-20&linkCode=osi&th=1&psc=1">View Product</a></div><div class="product"><a href="https://www.amazon.com/dp/B0039UTUZE?tag=eloabder-20&linkCode=osi&th=1&psc=1"><img src="https://m.media-amazon.com/images/I/41eXDpZ835L._SL500_.jpg" alt="Product Image"></a><p>Revlon Liquid Foundation, ColorStay Face Makeup for Combination & Oily Skin, SPF 15, Medium-Full Coverage with Matte Finish, Natural Beige ((220), 1.0 oz</p><p>$9.70</p><a href="https://www.amazon.com/dp/B0039UTUZE?tag=eloabder-20&linkCode=osi&th=1&psc=1">View Product</a></div><div class="product"><a href="https://www.amazon.com/dp/B00I52QPAE?tag=eloabder-20&linkCode=osi&th=1&psc=1"><img src="https://m.media-amazon.com/images/I/317EDqzSg+L._SL500_.jpg" alt="Product Image"></a><p>Revlon Liquid Foundation, Age Defying 3XFace Makeup, Anti-Aging and Firming Formula, SPF 30, Longwear Medium Buildable Coverage with Natural Finish, 035 Natural Beige, 1 Fl Oz</p><p>$13.48</p><a href="https://www.amazon.com/dp/B00I52QPAE?tag=eloabder-20&linkCode=osi&th=1&psc=1">View Product</a></div><div class="product"><a href="https://www.amazon.com/dp/B07H621Q3H?tag=eloabder-20&linkCode=osi&th=1&psc=1"><img src="https://m.media-amazon.com/images/I/31JtVpLZ4FL._SL500_.jpg" alt="Product Image"></a><p>L'Oreal Paris Makeup Infallible Up to 32 Hour Fresh Wear Lightweight Foundation, 420 True Beige, 1 Fl Oz, Packaging May Vary</p><p>$11.98</p><a href="https://www.amazon.com/dp/B07H621Q3H?tag=eloabder-20&linkCode=osi&th=1&psc=1">View Product</a></div>
<div class="product"><a href="https://www.amazon.com/dp/B07Q9V4KMJ?tag=eloabder-20&linkCode=osi&th=1&psc=1"><img src="https://m.media-amazon.com/images/I/31pro1JWTCL._SL500_.jpg" alt="Product Image"></a><p>Maybelline Instant Age Rewind Eraser Dark Circles Treatment Multi-Use Concealer, 115, 1 Count (Packaging May Vary)</p><p>$8.42</p><a href="https://www.amazon.com/dp/B07Q9V4KMJ?tag=eloabder-20&linkCode=osi&th=1&psc=1">View Product</a></div><div class="product"><a href="https://www.amazon.com/dp/B07ZR14WBZ?tag=eloabder-20&linkCode=osi&th=1&psc=1"><img src="https://m.media-amazon.com/images/I/313ljymBVaL._SL500_.jpg" alt="Product Image"></a><p>e.l.f. Hydrating Camo Concealer, Lightweight, Full Coverage, Long Lasting, Conceals, Corrects, Covers, Hydrates, Highlights, Light Sand, Satin Finish, 25 Shades, All-Day Wear, 0.20 Fl Oz</p><p>$7.00</p><a href="https://www.amazon.com/dp/B07ZR14WBZ?tag=eloabder-20&linkCode=osi&th=1&psc=1">View Product</a></div><div class="product"><a href="https://www.amazon.com/dp/B0046VJV36?tag=eloabder-20&linkCode=osi&th=1&psc=1"><img src="https://m.media-amazon.com/images/I/31-ZFCLgLcL._SL500_.jpg" alt="Product Image"></a><p>Maybelline New York Fit Me Liquid Concealer Makeup, Natural Coverage, Lightweight, Conceals, Covers Oil-Free, Fair, 1 Count (Packaging May Vary)</p><p>$6.31</p><a href="https://www.amazon.com/dp/B0046VJV36?tag=eloabder-20&linkCode=osi&th=1&psc=1">View Product</a></div><div class="product"><a href="https://www.amazon.com/dp/B07ZR1CQHS?tag=eloabder-20&linkCode=osi&th=1&psc=1"><img src="https://m.media-amazon.com/images/I/31s0zWRX+4L._SL500_.jpg" alt="Product Image"></a><p>e.l.f. 16HR Camo Concealer, Full Coverage, Highly Pigmented Concealer With Matte Finish, Crease-proof, Vegan & Cruelty-Free, Light Ivory, 0.203 Fl Oz</p><p>$7.00</p><a href="https://www.amazon.com/dp/B07ZR1CQHS?tag=eloabder-20&linkCode=osi&th=1&psc=1">View Product</a></div><div class="product"><a href="https://www.amazon.com/dp/B009WI05BU?tag=eloabder-20&linkCode=osi&th=1&psc=1"><img src="https://m.media-amazon.com/images/I/312BFbzGKlL._SL500_.jpg" alt="Product Image"></a><p>L.A. Girl Pro Concealer, Fawn, 0.28 Oz (LAX-GC983-A)</p><p>$4.99</p><a href="https://www.amazon.com/dp/B009WI05BU?tag=eloabder-20&linkCode=osi&th=1&psc=1">View Product</a></div><div class="product"><a href="https://www.amazon.com/dp/B0814SLHQH?tag=eloabder-20&linkCode=osi&th=1&psc=1"><img src="https://m.media-amazon.com/images/I/312GW4aGnRL._SL500_.jpg" alt="Product Image"></a><p>Neutrogena Healthy Skin Radiant Brightening Cream Concealer with Peptides & Vitamin E Antioxidant,Lightweight Perfecting Concealer,Non-Comedogenic,Bisque Light/Medium 02 neutral undertones,0.24 oz</p><p>$5.62</p><a href="https://www.amazon.com/dp/B0814SLHQH?tag=eloabder-20&linkCode=osi&th=1&psc=1">View Product</a></div><div class="product"><a href="https://www.amazon.com/dp/B06XQWS1N9?tag=eloabder-20&linkCode=osi&th=1&psc=1"><img src="https://m.media-amazon.com/images/I/31rKumTg1GL._SL500_.jpg" alt="Product Image"></a><p>COVERGIRL Smoothers Concealer, Medium 715, 0.14 ounce (packaging may vary)</p><p>$7.28</p><a href="https://www.amazon.com/dp/B06XQWS1N9?tag=eloabder-20&linkCode=osi&th=1&psc=1">View Product</a></div><div class="product"><a href="https://www.amazon.com/dp/B07GWH2GDP?tag=eloabder-20&linkCode=osi&th=1&psc=1"><img src="https://m.media-amazon.com/images/I/41U+lbOEtuL._SL500_.jpg" alt="Product Image"></a><p>IT Cosmetics Bye Bye Under Eye Full Coverage Concealer - for Dark Circles, Fine Lines, Redness & Discoloration – Waterproof - Anti-Aging - Natural Finish – 0.4 fl oz</p><p>$17.40 ($43.50 / Fl Oz)</p><a href="https://www.amazon.com/dp/B07GWH2GDP?tag=eloabder-20&linkCode=osi&th=1&psc=1">View Product</a></div><div class="product"><a href="https://www.amazon.com/dp/B07H67H5LH?tag=eloabder-20&linkCode=osi&th=1&psc=1"><img src="https://m.media-amazon.com/images/I/31bWoYCj-nL._SL500_.jpg" alt="Product Image"></a><p>L'Oreal Paris Makeup Infallible Full Wear Waterproof Matte Concealer, Full Coverage, Ivory, 0.33 fl. oz.</p><p>$10.82</p><a href="https://www.amazon.com/dp/B07H67H5LH?tag=eloabder-20&linkCode=osi&th=1&psc=1">View Product</a></div><div class="product"><a href="https://www.amazon.com/dp/B0B51NLJWQ?tag=eloabder-20&linkCode=osi&th=1&psc=1"><img src="https://m.media-amazon.com/images/I/31GXqccxM0L._SL500_.jpg" alt="Product Image"></a><p>Fièra Luxury Concealer with Anti-Aging - All Day Coverage for Dark Circles, Fine Lines, Wrinkles & Spots - Neutral Beige, 0.5 Ounce</p><p>$27.00</p><a href="https://www.amazon.com/dp/B0B51NLJWQ?tag=eloabder-20&linkCode=osi&th=1&psc=1">View Product</a></div>
<div class="product"><a href="https://www.amazon.com/dp/B092JQ23N5?tag=eloabder-20&linkCode=osi&th=1&psc=1"><img src="https://m.media-amazon.com/images/I/51OUufwItlL._SL500_.jpg" alt="Product Image"></a><p>URBAN DECAY 24/7 Longwear Eyeshadow Single (Sin - Champagne Shimmer), High-Pigment Eye Shadow Compact, Smooth & Blendable Colors, Crease-free, Vegan - 0.06 oz</p><p>$22.00</p><a href="https://www.amazon.com/dp/B092JQ23N5?tag=eloabder-20&linkCode=osi&th=1&psc=1">View Product</a></div><div class="product"><a href="https://www.amazon.com/dp/B01IW02HX2?tag=eloabder-20&linkCode=osi&th=1&psc=1"><img src="https://m.media-amazon.com/images/I/510F-WOAL4L._SL500_.jpg" alt="Product Image"></a><p>NYX PROFESSIONAL MAKEUP Ultimate Shadow Palette, Eyeshadow Palette - Warm Neutrals</p><p>$12.40</p><a href="https://www.amazon.com/dp/B01IW02HX2?tag=eloabder-20&linkCode=osi&th=1&psc=1">View Product</a></div><div class="product"><a href="https://www.amazon.com/dp/B085WR3YDT?tag=eloabder-20&linkCode=osi&th=1&psc=1"><img src="https://m.media-amazon.com/images/I/41cuO8PyoTL._SL500_.jpg" alt="Product Image"></a><p>wet n wild Color Icon Cream Eyeshadow Multi-Stick, Moisturizing, Nourishing Velvety Cream-to-Powder Buildable & Blendable Formula, Cruelty-Free & Vegan - Champagne Room</p><p>$3.28</p><a href="https://www.amazon.com/dp/B085WR3YDT?tag=eloabder-20&linkCode=osi&th=1&psc=1">View Product</a></div><div class="product"><a href="https://www.amazon.com/dp/B00L5SMFJU?tag=eloabder-20&linkCode=osi&th=1&psc=1"><img src="https://m.media-amazon.com/images/I/41-WaM3A3tL._SL500_.jpg" alt="Product Image"></a><p>Covergirl Eye Enhancers Eye Shadow Palette, Natural Nudes, 0.19 Ounce</p><p>$4.97</p><a href="https://www.amazon.com/dp/B00L5SMFJU?tag=eloabder-20&linkCode=osi&th=1&psc=1">View Product</a></div><div class="product"><a href="https://www.amazon.com/dp/B01LW1983J?tag=eloabder-20&linkCode=osi&th=1&psc=1"><img src="https://m.media-amazon.com/images/I/51EsPf59XBL._SL500_.jpg" alt="Product Image"></a><p>Julep Eyeshadow 101 Crème to Powder Waterproof Eyeshadow Stick, Champagne Shimmer</p><p>$18.00</p><a href="https://www.amazon.com/dp/B01LW1983J?tag=eloabder-20&linkCode=osi&th=1&psc=1">View Product</a></div><div class="product"><a href="https://www.amazon.com/dp/B00UKP1M2K?tag=eloabder-20&linkCode=osi&th=1&psc=1"><img src="https://m.media-amazon.com/images/I/41hSsvPHKxL._SL500_.jpg" alt="Product Image"></a><p>Maybelline The Blushed Nudes Eyeshadow Palette Makeup, 12 Pigmented Matte & Shimmer Shades, Blendable Powder, 1 Count</p><p>$9.32</p><a href="https://www.amazon.com/dp/B00UKP1M2K?tag=eloabder-20&linkCode=osi&th=1&psc=1">View Product</a></div><div class="product"><a href="https://www.amazon.com/dp/B073ZBGLJF?tag=eloabder-20&linkCode=osi&th=1&psc=1"><img src="https://m.media-amazon.com/images/I/41go9Ug8AOL._SL500_.jpg" alt="Product Image"></a><p>BestLand 2 Pack 12 Colors Makeup Nude Colors Eyeshadow Palette Natural Nude Matte Shimmer Glitter Pigment Eye Shadow Pallete Set Waterproof Smokey Professional Beauty Makeup Kit (2 PCS)</p><p>$9.99</p><a href="https://www.amazon.com/dp/B073ZBGLJF?tag=eloabder-20&linkCode=osi&th=1&psc=1">View Product</a></div><div class="product"><a href="https://www.amazon.com/dp/B08RS6WNX7?tag=eloabder-20&linkCode=osi&th=1&psc=1"><img src="https://m.media-amazon.com/images/I/51qCii788PL._SL500_.jpg" alt="Product Image"></a><p>wet n wild Color Icon 5-Pan Palette Brown Walking On Eggshells</p><p>$3.19</p><a href="https://www.amazon.com/dp/B08RS6WNX7?tag=eloabder-20&linkCode=osi&th=1&psc=1">View Product</a></div><div class="product"><a href="https://www.amazon.com/dp/B0CV5ZTFCR?tag=eloabder-20&linkCode=osi&th=1&psc=1"><img src="https://m.media-amazon.com/images/I/21inptU-eJL._SL500_.jpg" alt="Product Image"></a><p>Covergirl Clean Eye Color, French Violet, Eyeshadow Sticks, Ultra Creamy Formula, Lightweight, Buildable Formula, Lasts All Day, Smudge-Proof, 0.05oz</p><p>$8.98</p><a href="https://www.amazon.com/dp/B0CV5ZTFCR?tag=eloabder-20&linkCode=osi&th=1&psc=1">View Product</a></div><div class="product"><a href="https://www.amazon.com/dp/B0CXF99TNQ?tag=eloabder-20&linkCode=osi&th=1&psc=1"><img src="https://m.media-amazon.com/images/I/31kCYsLvwwL._SL500_.jpg" alt="Product Image"></a><p>L'Oreal Paris Makeup Paradise Le Shadow Stick Eyeshadow, Blendable, Smudge-Resistant, Cream Eyeshadow, 120 Magnetic Mauve (Shimmering Lavender Mauve), 0.05 Oz</p><p>$9.98</p><a href="https://www.amazon.com/dp/B0CXF99TNQ?tag=eloabder-20&linkCode=osi&th=1&psc=1">View Product</a></div>
<div class="product"><a href="https://www.amazon.com/dp/B0BG7MWNNN?tag=eloabder-20&linkCode=osi&th=1&psc=1"><img src="https://m.media-amazon.com/images/I/41E8W4N+FkL._SL500_.jpg" alt="Product Image"></a><p>Prime Prometics PrimeLash Mascara for Older Women – Volumizing, Incredible Length in 2 Coats – Long-Stay, Zero Clumps, Hypoallergenic (Brown)</p><p>$28.00</p><a href="https://www.amazon.com/dp/B0BG7MWNNN?tag=eloabder-20&linkCode=osi&th=1&psc=1">View Product</a></div><div class="product"><a href="https://www.amazon.com/dp/B00T0C9XRK?tag=eloabder-20&linkCode=osi&th=1&psc=1"><img src="https://m.media-amazon.com/images/I/41IP2ZEXFNL._SL500_.jpg" alt="Product Image"></a><p>essence | Lash Princess False Lash Effect Mascara | Volumizing & Lengthening | Cruelty Free & Paraben Free</p><p>$4.99 ($12.17 / Fl Oz )</p><a href="https://www.amazon.com/dp/B00T0C9XRK?tag=eloabder-20&linkCode=osi&th=1&psc=1">View Product</a></div><div class="product"><a href="https://www.amazon.com/dp/B01DPA6OHO?tag=eloabder-20&linkCode=osi&th=1&psc=1"><img src="https://m.media-amazon.com/images/I/31xGLWu4IKL._SL500_.jpg" alt="Product Image"></a><p>L'Oreal Paris Makeup Voluminous Lash Boosting Conditioning Primer Mascara, White Primer, 0.24 fl; oz.</p><p>$8.98</p><a href="https://www.amazon.com/dp/B01DPA6OHO?tag=eloabder-20&linkCode=osi&th=1&psc=1">View Product</a></div><div class="product"><a href="https://www.amazon.com/dp/B004BD107O?tag=eloabder-20&linkCode=osi&th=1&psc=1"><img src="https://m.media-amazon.com/images/I/31OWqsdljyL._SL500_.jpg" alt="Product Image"></a><p>L'Oreal Paris Makeup Telescopic Original Lengthening Mascara, Blackest Black, 0.27 Fl Oz (1 Count)</p><p>$10.99</p><a href="https://www.amazon.com/dp/B004BD107O?tag=eloabder-20&linkCode=osi&th=1&psc=1">View Product</a></div><div class="product"><a href="https://www.amazon.com/dp/B06XF2TR11?tag=eloabder-20&linkCode=osi&th=1&psc=1"><img src="https://m.media-amazon.com/images/I/31B6RR270IL._SL500_.jpg" alt="Product Image"></a><p>L'Oreal Paris Voluminous Makeup Lash Paradise Mascara, Voluptuous Volume, Intense Length, Feathery Soft Full Lashes, No Flaking, No Smudging, No Clumping, Blackest Black, 1 Count</p><p>$9.97</p><a href="https://www.amazon.com/dp/B06XF2TR11?tag=eloabder-20&linkCode=osi&th=1&psc=1">View Product</a></div><div class="product"><a href="https://www.amazon.com/dp/B00PFCT2R0?tag=eloabder-20&linkCode=osi&th=1&psc=1"><img src="https://m.media-amazon.com/images/I/31RyE6ZtDIL._SL500_.jpg" alt="Product Image"></a><p>Maybelline Lash Sensational Washable Mascara, Lengthening and Volumizing for a Full Fan Effect, Blackest Black, 1 Count</p><p>$9.09</p><a href="https://www.amazon.com/dp/B00PFCT2R0?tag=eloabder-20&linkCode=osi&th=1&psc=1">View Product</a></div><div class="product"><a href="https://www.amazon.com/dp/B08TPCHYLW?tag=eloabder-20&linkCode=osi&th=1&psc=1"><img src="https://m.media-amazon.com/images/I/31EWIaihEwL._SL500_.jpg" alt="Product Image"></a><p>Lancôme Lash Idôle Lash-Lifting & Volumizing Mascara - Black Mascara for Instant Volume, Length & Lift - Smudge Proof & Up To 24H Wear - Black</p><p>$30.00 ($111.11 / Fl Oz)</p><a href="https://www.amazon.com/dp/B08TPCHYLW?tag=eloabder-20&linkCode=osi&th=1&psc=1">View Product</a></div><div class="product"><a href="https://www.amazon.com/dp/B08M96YZN1?tag=eloabder-20&linkCode=osi&th=1&psc=1"><img src="https://m.media-amazon.com/images/I/31ByMmFi-qL._SL500_.jpg" alt="Product Image"></a><p>CoverGirl Lash Blast Clean Volume Mascara, Vegan Formula, Volumizing, Smudge-Proof, Cruelty Free, Very Black, 1 Count</p><p>$9.37</p><a href="https://www.amazon.com/dp/B08M96YZN1?tag=eloabder-20&linkCode=osi&th=1&psc=1">View Product</a></div>
<div class="product"><a href="https://www.amazon.com/dp/B0C9TXLWLY?tag=eloabder-20&linkCode=osi&th=1&psc=1"><img src="https://m.media-amazon.com/images/I/31-5KVw5KDL._SL500_.jpg" alt="Product Image"></a><p>PRIME PROMETICS PrimeEyes Glide Eyeliner for Mature Women – Water-Resistant, Long-Stay and Mess-Proof – Gel Cream Texture, Discreet Sharpener and Effective Smudger (Black)</p><p>$28.00 ($28.00 / Count)</p><a href="https://www.amazon.com/dp/B0C9TXLWLY?tag=eloabder-20&linkCode=osi&th=1&psc=1">View Product</a></div><div class="product"><a href="https://www.amazon.com/dp/B07MWSXPT1?tag=eloabder-20&linkCode=osi&th=1&psc=1"><img src="https://m.media-amazon.com/images/I/315xthaPi6L._SL500_.jpg" alt="Product Image"></a><p>e.l.f. No Budge Retractable Eyeliner, Creamy, Ultra-Pigmented & Waterproof, Creates Bold & Defined Lines, Vegan & Cruelty-Free, Black 0.006 Oz</p><p>$4.00</p><a href="https://www.amazon.com/dp/B07MWSXPT1?tag=eloabder-20&linkCode=osi&th=1&psc=1">View Product</a></div><div class="product"><a href="https://www.amazon.com/dp/B074Y8LM6T?tag=eloabder-20&linkCode=osi&th=1&psc=1"><img src="https://m.media-amazon.com/images/I/316blXt1KxL._SL500_.jpg" alt="Product Image"></a><p>NYX PROFESSIONAL MAKEUP Epic Ink Liner, Waterproof Liquid Eyeliner - Black, Vegan Formula</p><p>$8.06</p><a href="https://www.amazon.com/dp/B074Y8LM6T?tag=eloabder-20&linkCode=osi&th=1&psc=1">View Product</a></div><div class="product"><a href="https://www.amazon.com/dp/B01J1A3TFW?tag=eloabder-20&linkCode=osi&th=1&psc=1"><img src="https://m.media-amazon.com/images/I/51z42sdOArL._SL500_.jpg" alt="Product Image"></a><p>Revlon Pencil Eyeliner, ColorStay Eye Makeup with Built-in Sharpener, Waterproof, Smudge-proof, Longwearing with Ultra-Fine Tip, 201 Black, 2 count (Pack of 1)</p><p>$11.38</p><a href="https://www.amazon.com/dp/B01J1A3TFW?tag=eloabder-20&linkCode=osi&th=1&psc=1">View Product</a></div><div class="product"><a href="https://www.amazon.com/dp/B07W8JJ61X?tag=eloabder-20&linkCode=osi&th=1&psc=1"><img src="https://m.media-amazon.com/images/I/31wj5vRROwL._SL500_.jpg" alt="Product Image"></a><p>Maybelline Hyper Easy Liquid Pen No-Skip Eyeliner, Satin Finish, Waterproof Formula, Pitch Black, 0.018 Fl Oz</p><p>$8.38</p><a href="https://www.amazon.com/dp/B07W8JJ61X?tag=eloabder-20&linkCode=osi&th=1&psc=1">View Product</a></div><div class="product"><a href="https://www.amazon.com/dp/B005G9E9FW?tag=eloabder-20&linkCode=osi&th=1&psc=1"><img src="https://m.media-amazon.com/images/I/51poZdEojrL._SL500_.jpg" alt="Product Image"></a><p>NYX PROFESSIONAL MAKEUP Vivid Rich Mechanical Eye Pencil, Vivid Rich Mechanical, Creamy Retractable Eyeliner - Smokin Topaz, Brown Eyeliner</p><p>$6.00</p><a href="https://www.amazon.com/dp/B005G9E9FW?tag=eloabder-20&linkCode=osi&th=1&psc=1">View Product</a></div><div class="product"><a href="https://www.amazon.com/dp/B07NX61ZHN?tag=eloabder-20&linkCode=osi&th=1&psc=1"><img src="https://m.media-amazon.com/images/I/31kQNTwJazL._SL500_.jpg" alt="Product Image"></a><p>Rimmel London exaggerate auto waterproof eye definer in blackest black, 2 Count</p><p>$6.97</p><a href="https://www.amazon.com/dp/B07NX61ZHN?tag=eloabder-20&linkCode=osi&th=1&psc=1">View Product</a></div><div class="product"><a href="https://www.amazon.com/dp/B0BQWT8R9K?tag=eloabder-20&linkCode=osi&th=1&psc=1"><img src="https://m.media-amazon.com/images/I/31F1asQuosL._SL500_.jpg" alt="Product Image"></a><p>wet n wild Breakup Proof Liquid Eyeliner - Ultra-Fine Brush, Waterproof, Long-Lasting - Cruelty-Free & Vegan - Ultra Black</p><p>$4.04</p><a href="https://www.amazon.com/dp/B0BQWT8R9K?tag=eloabder-20&linkCode=osi&th=1&psc=1">View Product</a></div><div class="product"><a href="https://www.amazon.com/dp/B082YPRCMM?tag=eloabder-20&linkCode=osi&th=1&psc=1"><img src="https://m.media-amazon.com/images/I/317ubI9GTBL._SL500_.jpg" alt="Product Image"></a><p>wet n wild Mega Last Breakup Proof Eyeliner, Quick Drying, Waterproof, 16-Hour Wear - Cruelty-Free & Vegan - Blackest Black</p><p>$2.28</p><a href="https://www.amazon.com/dp/B082YPRCMM?tag=eloabder-20&linkCode=osi&th=1&psc=1">View Product</a></div><div class="product"><a href="https://www.amazon.com/dp/B07GX832KD?tag=eloabder-20&linkCode=osi&th=1&psc=1"><img src="https://m.media-amazon.com/images/I/315wR2F58-L._SL500_.jpg" alt="Product Image"></a><p>Maybelline TattooStudio Long-Lasting Sharpenable Eyeliner Pencil, Glide on Smooth Gel Pigments with 36 Hour Wear, Waterproof, Deep Onyx, 1 Count</p><p>$6.66</p><a href="https://www.amazon.com/dp/B07GX832KD?tag=eloabder-20&linkCode=osi&th=1&psc=1">View Product</a></div>
<div class="product"><a href="https://www.amazon.com/dp/B09T8DQ1SG?tag=eloabder-20&linkCode=osi&th=1&psc=1"><img src="https://m.media-amazon.com/images/I/41gpuwrIhOL._SL500_.jpg" alt="Product Image"></a><p>Maybelline Super Stay Vinyl Ink Longwear No-Budge Liquid Lipcolor Makeup, Highly Pigmented Color and Instant Shine, Royal, Deep Wine Red Lipstick, 0.14 fl oz, 1 Count</p><p>$9.82</p><a href="https://www.amazon.com/dp/B09T8DQ1SG?tag=eloabder-20&linkCode=osi&th=1&psc=1">View Product</a></div><div class="product"><a href="https://www.amazon.com/dp/B004BCTEF0?tag=eloabder-20&linkCode=osi&th=1&psc=1"><img src="https://m.media-amazon.com/images/I/31G9f-P8tML._SL500_.jpg" alt="Product Image"></a><p>L’Oréal Paris Colour Riche Original Creamy, Hydrating Satin Lipstick with Argan Oil and Vitamin E, Saucy Mauve , 1 Count</p><p>$6.71</p><a href="https://www.amazon.com/dp/B004BCTEF0?tag=eloabder-20&linkCode=osi&th=1&psc=1">View Product</a></div><div class="product"><a href="https://www.amazon.com/dp/B08H4FSGDX?tag=eloabder-20&linkCode=osi&th=1&psc=1"><img src="https://m.media-amazon.com/images/I/31OAiyoloML._SL500_.jpg" alt="Product Image"></a><p>Maybelline Super Stay Matte Ink Liquid Lipstick Makeup, Long Lasting High Impact Color, Up to 16H Wear, Exhilarator, Ruby Red, 1 Count</p><p>$9.18</p><a href="https://www.amazon.com/dp/B08H4FSGDX?tag=eloabder-20&linkCode=osi&th=1&psc=1">View Product</a></div><div class="product"><a href="https://www.amazon.com/dp/B07XTTDTWR?tag=eloabder-20&linkCode=osi&th=1&psc=1"><img src="https://m.media-amazon.com/images/I/31M4QldCq3L._SL500_.jpg" alt="Product Image"></a><p>REVLON Lipstick, Super Lustrous Lipstick, Creamy Formula For Soft, Fuller-Looking Lips, Moisturized Feel in Nudes & Browns, Bare It All (755) 0.15 oz</p><p>$6.48</p><a href="https://www.amazon.com/dp/B07XTTDTWR?tag=eloabder-20&linkCode=osi&th=1&psc=1">View Product</a></div><div class="product"><a href="https://www.amazon.com/dp/B079KFP7NT?tag=eloabder-20&linkCode=osi&th=1&psc=1"><img src="https://m.media-amazon.com/images/I/41Ih8G0FSmL._SL500_.jpg" alt="Product Image"></a><p>wet n wild Silk Finish Lipstick, Hydrating Rich Buildable Lip Color, Formulated with Vitamins A,E, & Macadamia for Ultimate Hydration, Cruelty-Free & Vegan - Raging Red</p><p>$1.29</p><a href="https://www.amazon.com/dp/B079KFP7NT?tag=eloabder-20&linkCode=osi&th=1&psc=1">View Product</a></div><div class="product"><a href="https://www.amazon.com/dp/B002F3R44K?tag=eloabder-20&linkCode=osi&th=1&psc=1"><img src="https://m.media-amazon.com/images/I/41-gXIE96GL._SL500_.jpg" alt="Product Image"></a><p>Revlon Lipstick, Super Lustrous Lipstick, Creamy Formula For Soft, Fuller-Looking Lips, Moisturized Feel in Pinks, Pink In The Afternoon (415) 0.15 oz</p><p>$6.48</p><a href="https://www.amazon.com/dp/B002F3R44K?tag=eloabder-20&linkCode=osi&th=1&psc=1">View Product</a></div><div class="product"><a href="https://www.amazon.com/dp/B001LFER98?tag=eloabder-20&linkCode=osi&th=1&psc=1"><img src="https://m.media-amazon.com/images/I/41wezVKuIoL._SL500_.jpg" alt="Product Image"></a><p>REVLON Lipstick, Super Lustrous Lipstick, Creamy Formula For Soft, Fuller-Looking Lips, Moisturized Feel in Reds & Corals, Peach Me (628) 0.15 oz</p><p>$4.99</p><a href="https://www.amazon.com/dp/B001LFER98?tag=eloabder-20&linkCode=osi&th=1&psc=1">View Product</a></div><div class="product"><a href="https://www.amazon.com/dp/B082YQ2978?tag=eloabder-20&linkCode=osi&th=1&psc=1"><img src="https://m.media-amazon.com/images/I/31QsMhXUSeL._SL500_.jpg" alt="Product Image"></a><p>wet n wild Mega Last High-Shine Lipstick Lip Color, Infused with Seed Oils For a Nourishing High-Shine, Buildable & Blendable Creamy Color, Cruelty-Free & Vegan - Mad for Mauve</p><p>$2.28</p><a href="https://www.amazon.com/dp/B082YQ2978?tag=eloabder-20&linkCode=osi&th=1&psc=1">View Product</a></div>
<div class="product"><a href="https://www.amazon.com/dp/B09SP2XHKT?tag=eloabder-20&linkCode=osi&th=1&psc=1"><img src="https://m.media-amazon.com/images/I/31KGrScgA8L._SL500_.jpg" alt="Product Image"></a><p>NYX PROFESSIONAL MAKEUP Butter Gloss, Non-Sticky Lip Gloss - Sugar Glass (Clear)</p><p>$5.99</p><a href="https://www.amazon.com/dp/B09SP2XHKT?tag=eloabder-20&linkCode=osi&th=1&psc=1">View Product</a></div><div class="product"><a href="https://www.amazon.com/dp/B08GSTZ7ZW?tag=eloabder-20&linkCode=osi&th=1&psc=1"><img src="https://m.media-amazon.com/images/I/41nPuTtXVgL._SL500_.jpg" alt="Product Image"></a><p>Ruby Kisses Broadway Vita-Lip Clear Lip Gloss - Moisturizing, Hydrating, Nourishing with Mint, Rosehip, Coconut, Mango, Argan, Honey & Shea</p><p>$7.99 ($2.12 / Ounce)</p><a href="https://www.amazon.com/dp/B08GSTZ7ZW?tag=eloabder-20&linkCode=osi&th=1&psc=1">View Product</a></div><div class="product"><a href="https://www.amazon.com/dp/B015RPE14S?tag=eloabder-20&linkCode=osi&th=1&psc=1"><img src="https://m.media-amazon.com/images/I/31FRC3fz7EL._SL500_.jpg" alt="Product Image"></a><p>L.A. Colors High Shine Shea Butter Lip Gloss, Clear, 0.14 Ounce</p><p>$1.98</p><a href="https://www.amazon.com/dp/B015RPE14S?tag=eloabder-20&linkCode=osi&th=1&psc=1">View Product</a></div><div class="product"><a href="https://www.amazon.com/dp/B00Q26VWZI?tag=eloabder-20&linkCode=osi&th=1&psc=1"><img src="https://m.media-amazon.com/images/I/31Bqig96T0L._SL500_.jpg" alt="Product Image"></a><p>Rimmel Stay Glossy Lip Gloss - Non-Sticky and Lightweight Formula for Lip Color and Shine - 130 Blushing Belgraves, .18oz</p><p>$4.32</p><a href="https://www.amazon.com/dp/B00Q26VWZI?tag=eloabder-20&linkCode=osi&th=1&psc=1">View Product</a></div><div class="product"><a href="https://www.amazon.com/dp/B0C1MH8R2M?tag=eloabder-20&linkCode=osi&th=1&psc=1"><img src="https://m.media-amazon.com/images/I/31adT7DtBYL._SL500_.jpg" alt="Product Image"></a><p>Maybelline New York Lifter Gloss Hydrating Lip Gloss with Hyaluronic Acid, Gummy Bear, Sheer Light Pink, 1 Count</p><p>$8.98</p><a href="https://www.amazon.com/dp/B0C1MH8R2M?tag=eloabder-20&linkCode=osi&th=1&psc=1">View Product</a></div><div class="product"><a href="https://www.amazon.com/dp/B01N1ZC8JZ?tag=eloabder-20&linkCode=osi&th=1&psc=1"><img src="https://m.media-amazon.com/images/I/41fsaqWz6SL._SL500_.jpg" alt="Product Image"></a><p>Broadway Vita-Lip Clear Lip Gloss 0.47oz/14ml (5PCS Mint & Coconut & Rosehip & Mango Butter & Argan Oil) (5 PCS SET)</p><p>$5.99</p><a href="https://www.amazon.com/dp/B01N1ZC8JZ?tag=eloabder-20&linkCode=osi&th=1&psc=1">View Product</a></div><div class="product"><a href="https://www.amazon.com/dp/B07DY2QRF6?tag=eloabder-20&linkCode=osi&th=1&psc=1"><img src="https://m.media-amazon.com/images/I/31qXrVfhvCL._SL500_.jpg" alt="Product Image"></a><p>LANEIGE Lip Glowy Balm Berry: Hydrate, Glossy, Lightweight, Moisturize & Tint with Shea Butter</p><p>$19.00 ($54.29 / Ounce)</p><a href="https://www.amazon.com/dp/B07DY2QRF6?tag=eloabder-20&linkCode=osi&th=1&psc=1">View Product</a></div><div class="product"><a href="https://www.amazon.com/dp/B09DMGWJKY?tag=eloabder-20&linkCode=osi&th=1&psc=1"><img src="https://m.media-amazon.com/images/I/41nIFmIKHRL._SL500_.jpg" alt="Product Image"></a><p>Broadway Vita-Lip Clear Lip Gloss Moisturizing Hydrating Nourishing Long Lasting High Shine Glossy Lip Care Gloss 0.47oz/14ml (10 PCS SET)</p><p>$9.99</p><a href="https://www.amazon.com/dp/B09DMGWJKY?tag=eloabder-20&linkCode=osi&th=1&psc=1">View Product</a></div><div class="product"><a href="https://www.amazon.com/dp/B0BSR85M24?tag=eloabder-20&linkCode=osi&th=1&psc=1"><img src="https://m.media-amazon.com/images/I/31eKHNoE3KL._SL500_.jpg" alt="Product Image"></a><p>e.l.f. Lip Lacquer, Nourishing, Non-Sticky Ultra-Shine Lip Gloss With Sheer Color, Infused With Vitamins A & E, Vegan & Cruelty-Free, Whisper Pink</p><p>$3.00</p><a href="https://www.amazon.com/dp/B0BSR85M24?tag=eloabder-20&linkCode=osi&th=1&psc=1">View Product</a></div><div class="product"><a href="https://www.amazon.com/dp/B081C6PXZJ?tag=eloabder-20&linkCode=osi&th=1&psc=1"><img src="https://m.media-amazon.com/images/I/51+emO79aqL._SL500_.jpg" alt="Product Image"></a><p>NICKA K NEW YORK VARIETY SET OF 5 NK Hydrating Lip Gel - Vitamin E (Clear, Rosehip Oil, Bubble Gum, Cherry, Strawberry)</p><p>$5.43</p><a href="https://www.amazon.com/dp/B081C6PXZJ?tag=eloabder-20&linkCode=osi&th=1&psc=1">View Product</a></div>
<div class="product"><a href="https://www.amazon.com/dp/B07PNCB73M?tag=eloabder-20&linkCode=osi&th=1&psc=1"><img src="https://m.media-amazon.com/images/I/41+KYSFOLML._SL500_.jpg" alt="Product Image"></a><p>Milani Baked Blush - Petal Primavera (0.12 Ounce) Cruelty-Free Powder Blush - Shape, Contour & Highlight Face for a Shimmery or Matte Finish</p><p>$8.97</p><a href="https://www.amazon.com/dp/B07PNCB73M?tag=eloabder-20&linkCode=osi&th=1&psc=1">View Product</a></div><div class="product"><a href="https://www.amazon.com/dp/B0CZ5HLDK9?tag=eloabder-20&linkCode=osi&th=1&psc=1"><img src="https://m.media-amazon.com/images/I/41rZu1cS8QL._SL500_.jpg" alt="Product Image"></a><p>NYX PROFESSIONAL MAKEUP Buttermelt Powder Blush, Fade and Transfer-Resistant Blush, Up to 12HR Make Up Wear, Vegan Formula - For The Butta</p><p>$9.97</p><a href="https://www.amazon.com/dp/B0CZ5HLDK9?tag=eloabder-20&linkCode=osi&th=1&psc=1">View Product</a></div><div class="product"><a href="https://www.amazon.com/dp/B0CPFYGNR7?tag=eloabder-20&linkCode=osi&th=1&psc=1"><img src="https://m.media-amazon.com/images/I/31EJvMa7jyL._SL500_.jpg" alt="Product Image"></a><p>e.l.f. Camo Liquid Blush, Long-lasting Liquid Blush For High-pigment Color, Creates A Soft, Dewy Finish, Vegan & Cruelty-free, Dusty Rosé</p><p>$7.00</p><a href="https://www.amazon.com/dp/B0CPFYGNR7?tag=eloabder-20&linkCode=osi&th=1&psc=1">View Product</a></div><div class="product"><a href="https://www.amazon.com/dp/B06XDNPXD1?tag=eloabder-20&linkCode=osi&th=1&psc=1"><img src="https://m.media-amazon.com/images/I/41IryPTf51L._SL500_.jpg" alt="Product Image"></a><p>Maybelline Fit Me Powder Blush, Lightweight, Smooth, Blendable, Long-lasting All-Day Face Enhancing Makeup Color, Mauve, 1 Count</p><p>$4.62</p><a href="https://www.amazon.com/dp/B06XDNPXD1?tag=eloabder-20&linkCode=osi&th=1&psc=1">View Product</a></div><div class="product"><a href="https://www.amazon.com/dp/B082YPNTZ4?tag=eloabder-20&linkCode=osi&th=1&psc=1"><img src="https://m.media-amazon.com/images/I/41vtXkWXs8L._SL500_.jpg" alt="Product Image"></a><p>wet n wild Color Icon Blush, Effortless Glow & Seamless Blend infused with Luxuriously Smooth Jojoba Oil, Sheer Finish with a Matte Natural Glow, Cruelty-Free & Vegan - Pinch Me Pink</p><p>$3.28</p><a href="https://www.amazon.com/dp/B082YPNTZ4?tag=eloabder-20&linkCode=osi&th=1&psc=1">View Product</a></div><div class="product"><a href="https://www.amazon.com/dp/B0CPFWJJQJ?tag=eloabder-20&linkCode=osi&th=1&psc=1"><img src="https://m.media-amazon.com/images/I/41+GdEwyGqL._SL500_.jpg" alt="Product Image"></a><p>e.l.f. Primer-Infused Matte Blush, Long-Lasting, Lightweight & Buildable Powder Blush, Delivers A Matte Finish, Vegan & Cruelty-Free, Always Crushing</p><p>$7.00</p><a href="https://www.amazon.com/dp/B0CPFWJJQJ?tag=eloabder-20&linkCode=osi&th=1&psc=1">View Product</a></div><div class="product"><a href="https://www.amazon.com/dp/B0B64GX5LN?tag=eloabder-20&linkCode=osi&th=1&psc=1"><img src="https://m.media-amazon.com/images/I/31aZBeyUSsL._SL500_.jpg" alt="Product Image"></a><p>LAURA GELLER NEW YORK Serum Blush Tint, Lightweight Liquid Blush for Cheeks, Weightless Watercolor Sheer Finish, Practical Pink</p><p>$15.74</p><a href="https://www.amazon.com/dp/B0B64GX5LN?tag=eloabder-20&linkCode=osi&th=1&psc=1">View Product</a></div><div class="product"><a href="https://www.amazon.com/dp/B00J56D0G6?tag=eloabder-20&linkCode=osi&th=1&psc=1"><img src="https://m.media-amazon.com/images/I/31MVN0QAhfL._SL500_.jpg" alt="Product Image"></a><p>e.l.f. Cosmetics Powder Blush Palette, Four Blush Shades for Beautiful, Long-Lasting Pigment, Light</p><p>$6.00</p><a href="https://www.amazon.com/dp/B00J56D0G6?tag=eloabder-20&linkCode=osi&th=1&psc=1">View Product</a></div><div class="product"><a href="https://www.amazon.com/dp/B0BHFBBH25?tag=eloabder-20&linkCode=osi&th=1&psc=1"><img src="https://m.media-amazon.com/images/I/31uqOuPPf5L._SL500_.jpg" alt="Product Image"></a><p>SHEGLAM Color Bloom Liquid Blush Makeup for Cheeks Matte Finish - Love Cake</p><p>$6.99</p><a href="https://www.amazon.com/dp/B0BHFBBH25?tag=eloabder-20&linkCode=osi&th=1&psc=1">View Product</a></div><div class="product"><a href="https://www.amazon.com/dp/B07J47FHR1?tag=eloabder-20&linkCode=osi&th=1&psc=1"><img src="https://m.media-amazon.com/images/I/41Xyor9x2SL._SL500_.jpg" alt="Product Image"></a><p>Nars Blush in ORGASM Full Size 0.16 oz. / 4.8 g in Retail Box New Edition</p><p>$22.00</p><a href="https://www.amazon.com/dp/B07J47FHR1?tag=eloabder-20&linkCode=osi&th=1&psc=1">View Product</a></div>
<div class="product"><a href="https://www.amazon.com/dp/B018B8Q5Z6?tag=eloabder-20&linkCode=osi&th=1&psc=1"><img src="https://m.media-amazon.com/images/I/41D9ZHQRaSL._SL500_.jpg" alt="Product Image"></a><p>Physicians Formula Murumuru Butter Bronzer, Moisturizing, Nourishing Murumuru Butter Blend for Silky All-Day Luminous Glow, Dermatologist Tested, Hypoallergenic, Vegan & Cruelty-Free -Bronzer</p><p>$12.15</p><a href="https://www.amazon.com/dp/B018B8Q5Z6?tag=eloabder-20&linkCode=osi&th=1&psc=1">View Product</a></div><div class="product"><a href="https://www.amazon.com/dp/B001B0H82Q?tag=eloabder-20&linkCode=osi&th=1&psc=1"><img src="https://m.media-amazon.com/images/I/41I3B-YoLkL._SL500_.jpg" alt="Product Image"></a><p>Rimmel London Natural - 022 Sun Bronze - Bronzer, Matte Finish, 0.49oz</p><p>$3.97</p><a href="https://www.amazon.com/dp/B001B0H82Q?tag=eloabder-20&linkCode=osi&th=1&psc=1">View Product</a></div><div class="product"><a href="https://www.amazon.com/dp/B0BM5HX7DN?tag=eloabder-20&linkCode=osi&th=1&psc=1"><img src="https://m.media-amazon.com/images/I/41DwoHQgzsL._SL500_.jpg" alt="Product Image"></a><p>Benefit Hoola Matte Bronzer Mini 0.08 Ounce</p><p>$17.92</p><a href="https://www.amazon.com/dp/B0BM5HX7DN?tag=eloabder-20&linkCode=osi&th=1&psc=1">View Product</a></div><div class="product"><a href="https://www.amazon.com/dp/B07M7NGVW7?tag=eloabder-20&linkCode=osi&th=1&psc=1"><img src="https://m.media-amazon.com/images/I/51dvod9PjTL._SL500_.jpg" alt="Product Image"></a><p>wet n wild Color Icon Bronzer What Shady Beaches</p><p>$2.96</p><a href="https://www.amazon.com/dp/B07M7NGVW7?tag=eloabder-20&linkCode=osi&th=1&psc=1">View Product</a></div><div class="product"><a href="https://www.amazon.com/dp/B0CPFVTY7M?tag=eloabder-20&linkCode=osi&th=1&psc=1"><img src="https://m.media-amazon.com/images/I/41rO68Q0mlL._SL500_.jpg" alt="Product Image"></a><p>e.l.f. Primer-Infused Bronzer, Long-Lasting, Lightweight & Buildable Powder Bronzer, Delivers A Matte Finish, Vegan & Cruelty-Free, Fresh Tan</p><p>$7.00</p><a href="https://www.amazon.com/dp/B0CPFVTY7M?tag=eloabder-20&linkCode=osi&th=1&psc=1">View Product</a></div><div class="product"><a href="https://www.amazon.com/dp/B07ZR187P5?tag=eloabder-20&linkCode=osi&th=1&psc=1"><img src="https://m.media-amazon.com/images/I/410nkMFZLYL._SL500_.jpg" alt="Product Image"></a><p>e.l.f. Primer-infused Bronzer, Long-Wear, Matte, Bold, Lightweight, Blends Easily, Contours Cheeks, Forever Sun Kissed, All-Day Wear, 0.35 Oz</p><p>$7.00 ($20.00 / Ounce)</p><a href="https://www.amazon.com/dp/B07ZR187P5?tag=eloabder-20&linkCode=osi&th=1&psc=1">View Product</a></div><div class="product"><a href="https://www.amazon.com/dp/B00518N3VE?tag=eloabder-20&linkCode=osi&th=1&psc=1"><img src="https://m.media-amazon.com/images/I/41SzIseWK6L._SL500_.jpg" alt="Product Image"></a><p>Milani Baked Bronzer - Glow, Cruelty-Free Shimmer Bronzing Powder to Use For Contour Makeup, Highlighters Makeup, Bronzer Makeup, 0.25 Ounce</p><p>$9.97 ($39.88 / Ounce)</p><a href="https://www.amazon.com/dp/B00518N3VE?tag=eloabder-20&linkCode=osi&th=1&psc=1">View Product</a></div><div class="product"><a href="https://www.amazon.com/dp/B0CNTYPSSZ?tag=eloabder-20&linkCode=osi&th=1&psc=1"><img src="https://m.media-amazon.com/images/I/416D4Z7hQ8L._SL500_.jpg" alt="Product Image"></a><p>Milani Cheek Kiss Cream Bronzer-110 Hey Honey</p><p>$9.97</p><a href="https://www.amazon.com/dp/B0CNTYPSSZ?tag=eloabder-20&linkCode=osi&th=1&psc=1">View Product</a></div><div class="product"><a href="https://www.amazon.com/dp/B006WZ9O72?tag=eloabder-20&linkCode=osi&th=1&psc=1"><img src="https://m.media-amazon.com/images/I/51rDNo9JnqL._SL500_.jpg" alt="Product Image"></a><p>Physicians Formula Bronze Booster Glow-Boosting Season-to-Season, Customizable Seasonal Glow Glow, Lasting Tan Boost, Hypoallergenic Powder, Cruelty-Free & Hypoallergenic- Light-to-Medium</p><p>$12.98</p><a href="https://www.amazon.com/dp/B006WZ9O72?tag=eloabder-20&linkCode=osi&th=1&psc=1">View Product</a></div>
<div class="product"><a href="https://www.amazon.com/dp/B09288DSSX?tag=eloabder-20&linkCode=osi&th=1&psc=1"><img src="https://m.media-amazon.com/images/I/417z6evbmhL._SL500_.jpg" alt="Product Image"></a><p>KYDA Face Highlighter Palette, High Glossy Face Illuminator Palette, Narutal Glow Finish, Pearl Shimmer Smooth Baked Powder, Lasting Sparkling Highlighter Makeup-SUN GLOW</p><p>$9.99</p><a href="https://www.amazon.com/dp/B09288DSSX?tag=eloabder-20&linkCode=osi&th=1&psc=1">View Product</a></div><div class="product"><a href="https://www.amazon.com/dp/B082YPL2SV?tag=eloabder-20&linkCode=osi&th=1&psc=1"><img src="https://m.media-amazon.com/images/I/51Y+MCkwArL._SL500_.jpg" alt="Product Image"></a><p>Wet n Wild MegaGlo Blushlighter, Blendable Blush & Highlighter Set, Shimmery Metallic Finish, Highlight Bling</p><p>$5.47</p><a href="https://www.amazon.com/dp/B082YPL2SV?tag=eloabder-20&linkCode=osi&th=1&psc=1">View Product</a></div><div class="product"><a href="https://www.amazon.com/dp/B0C41PSDZF?tag=eloabder-20&linkCode=osi&th=1&psc=1"><img src="https://m.media-amazon.com/images/I/41FLNU-tL-L._SL500_.jpg" alt="Product Image"></a><p>NYX PROFESSIONAL MAKEUP, Jumbo Multi-Use Face Highlighter Stick - Vanilla Ice Cream</p><p>$7.97</p><a href="https://www.amazon.com/dp/B0C41PSDZF?tag=eloabder-20&linkCode=osi&th=1&psc=1">View Product</a></div><div class="product"><a href="https://www.amazon.com/dp/B0C6V67KJW?tag=eloabder-20&linkCode=osi&th=1&psc=1"><img src="https://m.media-amazon.com/images/I/31Yh8b8JEjL._SL500_.jpg" alt="Product Image"></a><p>e.l.f. Halo Glow Highlight Beauty Wand, Liquid Highlighter Wand For Luminous, Glowing Skin, Buildable Formula, Vegan & Cruelty-free,Champagne Campaign</p><p>$9.00</p><a href="https://www.amazon.com/dp/B0C6V67KJW?tag=eloabder-20&linkCode=osi&th=1&psc=1">View Product</a></div><div class="product"><a href="https://www.amazon.com/dp/B073WMG59J?tag=eloabder-20&linkCode=osi&th=1&psc=1"><img src="https://m.media-amazon.com/images/I/51fz8bpJNNL._SL500_.jpg" alt="Product Image"></a><p>wet n wild MegaGlo Highlighting Powder, Highlighter Makeup, Shimmer Glow, Pink Rose Gold Blossom Glow</p><p>$5.41</p><a href="https://www.amazon.com/dp/B073WMG59J?tag=eloabder-20&linkCode=osi&th=1&psc=1">View Product</a></div><div class="product"><a href="https://www.amazon.com/dp/B07QPY11KY?tag=eloabder-20&linkCode=osi&th=1&psc=1"><img src="https://m.media-amazon.com/images/I/312T7p8cW6L._SL500_.jpg" alt="Product Image"></a><p>Revolution Beauty, Reloaded Pressed Powder Highlighter, Intensely Pigmented for a High Impact Dewy Finish, Dare To Divulge, 0.22 Oz.</p><p>$6.91</p><a href="https://www.amazon.com/dp/B07QPY11KY?tag=eloabder-20&linkCode=osi&th=1&psc=1">View Product</a></div><div class="product"><a href="https://www.amazon.com/dp/B074PTZCNW?tag=eloabder-20&linkCode=osi&th=1&psc=1"><img src="https://m.media-amazon.com/images/I/31btEAGukiL._SL500_.jpg" alt="Product Image"></a><p>L'Oreal Paris Makeup True Match Lumi Glotion, Natural Glow Enhancer, Illuminator Highlighter Skin Tint, for an All Day Radiant Glow, Light, 1.35 Ounces</p><p>$12.81</p><a href="https://www.amazon.com/dp/B074PTZCNW?tag=eloabder-20&linkCode=osi&th=1&psc=1">View Product</a></div><div class="product"><a href="https://www.amazon.com/dp/B075K784FK?tag=eloabder-20&linkCode=osi&th=1&psc=1"><img src="https://m.media-amazon.com/images/I/51q6Nf009iL._SL500_.jpg" alt="Product Image"></a><p>Physicians Formula Murumuru Butter Highlighter Makeup Face Powder Make Up, Pearl, Dermatologist Approved</p><p>$10.00</p><a href="https://www.amazon.com/dp/B075K784FK?tag=eloabder-20&linkCode=osi&th=1&psc=1">View Product</a></div><div class="product"><a href="https://www.amazon.com/dp/B0BD9HYBKD?tag=eloabder-20&linkCode=osi&th=1&psc=1"><img src="https://m.media-amazon.com/images/I/319tXl8nMUL._SL500_.jpg" alt="Product Image"></a><p>LAURA GELLER NEW YORK Baked Natural Glow Highlighter Radiance Enhancing Makeup, French Vanilla</p><p>$18.99</p><a href="https://www.amazon.com/dp/B0BD9HYBKD?tag=eloabder-20&linkCode=osi&th=1&psc=1">View Product</a></div><div class="product"><a href="https://www.amazon.com/dp/B083574V27?tag=eloabder-20&linkCode=osi&th=1&psc=1"><img src="https://m.media-amazon.com/images/I/41fyFVpDrXL._SL500_.jpg" alt="Product Image"></a><p>Milani Baked Highlighter (Dolce Perla) - Cruelty-Free Powder Highlighter, Highlight Face for a Shimmery or Matte Finish</p><p>$10.97 ($39.18 / Ounce)</p><a href="https://www.amazon.com/dp/B083574V27?tag=eloabder-20&linkCode=osi&th=1&psc=1">View Product</a></div>
<div class="product"><a href="https://www.amazon.com/dp/B0CMHSNYG8?tag=eloabder-20&linkCode=osi&th=1&psc=1"><img src="https://m.media-amazon.com/images/I/51iVcKQ6eIL._SL500_.jpg" alt="Product Image"></a><p>JODSONE Gel Nail Set 20 Colors High Shine Gorgeous Gel Polish Base Top Matte Coat Nice Gifts Show Charm</p><p>$19.99</p><a href="https://www.amazon.com/dp/B0CMHSNYG8?tag=eloabder-20&linkCode=osi&th=1&psc=1">View Product</a></div><div class="product"><a href="https://www.amazon.com/dp/B09KC56289?tag=eloabder-20&linkCode=osi&th=1&psc=1"><img src="https://m.media-amazon.com/images/I/51M-P1nM7QL._SL500_.jpg" alt="Product Image"></a><p>JODSONE 36 PCS Gel Nail Polish Set-32 Colors Gel Polish Kit Base Coat Glossy Matte and Glitter Top Coat Nail Polish Set Green Blue Red Pink Collection Gifts for Women</p><p>$25.99</p><a href="https://www.amazon.com/dp/B09KC56289?tag=eloabder-20&linkCode=osi&th=1&psc=1">View Product</a></div><div class="product"><a href="https://www.amazon.com/dp/B00GXVVDG0?tag=eloabder-20&linkCode=osi&th=1&psc=1"><img src="https://m.media-amazon.com/images/I/21vF-y2FfJL._SL500_.jpg" alt="Product Image"></a><p>Essie Nail Polish, Salon-Quality, 8-free Vegan, Finish, Mademoiselle, 0.46 Ounces (Packaging May Vary) Sheer Pink</p><p>$8.99</p><a href="https://www.amazon.com/dp/B00GXVVDG0?tag=eloabder-20&linkCode=osi&th=1&psc=1">View Product</a></div><div class="product"><a href="https://www.amazon.com/dp/B0987JZSP8?tag=eloabder-20&linkCode=osi&th=1&psc=1"><img src="https://m.media-amazon.com/images/I/31VZYZfCKbL._SL500_.jpg" alt="Product Image"></a><p>OPI Nature Strong Vegan Nail Polish, Knowledge is Flower, Pink Nail Polish, Natural Origin, Cruelty-Free Nail Lacquer, 0.5 fl oz.</p><p>$12.99 ($25.98 / Fl Oz)</p><a href="https://www.amazon.com/dp/B0987JZSP8?tag=eloabder-20&linkCode=osi&th=1&psc=1">View Product</a></div><div class="product"><a href="https://www.amazon.com/dp/B0CYLRWVVF?tag=eloabder-20&linkCode=osi&th=1&psc=1"><img src="https://m.media-amazon.com/images/I/51G1EY8ny6L._SL500_.jpg" alt="Product Image"></a><p>modelones Pearl Nail Polish 6 Colors Shimmer Pearl White Pink Mermaid Purple Nail Polish Set Summer Quick Dry Nail Polish Finger Nail Polish Bulk Manicure Diy Nail Art Salon Home Gift For Women Girl</p><p>$12.99</p><a href="https://www.amazon.com/dp/B0CYLRWVVF?tag=eloabder-20&linkCode=osi&th=1&psc=1">View Product</a></div>
<div class="product"><a href="https://www.amazon.com/dp/B005HGWGVS?tag=eloabder-20&linkCode=osi&th=1&psc=1"><img src="https://m.media-amazon.com/images/I/41NVfMcQBQL._SL500_.jpg" alt="Product Image"></a><p>Hard As Hoof Nail Strengthening Cream with Coconut Scent, Nail Growth & Conditioning Cuticle Cream Stops Splits, Chips, Cracks & Strengthens Nails, 1 oz</p><p>$8.88</p><a href="https://www.amazon.com/dp/B005HGWGVS?tag=eloabder-20&linkCode=osi&th=1&psc=1">View Product</a></div><div class="product"><a href="https://www.amazon.com/dp/B08YMJ4X4B?tag=eloabder-20&linkCode=osi&th=1&psc=1"><img src="https://m.media-amazon.com/images/I/41JNcOM8lBL._SL500_.jpg" alt="Product Image"></a><p>C CARE Sweet Almond Cuticle Oil For Nails - Repairs Cuticles Overnight - Moisturizes and Strengthens Nails and Cuticles - Dropper & Brush included - 2.5oz</p><p>$5.97 ($2.39 / Fl Oz)</p><a href="https://www.amazon.com/dp/B08YMJ4X4B?tag=eloabder-20&linkCode=osi&th=1&psc=1">View Product</a></div><div class="product"><a href="https://www.amazon.com/dp/B0046MK34G?tag=eloabder-20&linkCode=osi&th=1&psc=1"><img src="https://m.media-amazon.com/images/I/41PPyJFVAlL._SL500_.jpg" alt="Product Image"></a><p>Sally Hansen Instant Cuticle Remover™, Nail Treatment, Fast Drying, Contains Aloe and Chamomile</p><p>$4.97</p><a href="https://www.amazon.com/dp/B0046MK34G?tag=eloabder-20&linkCode=osi&th=1&psc=1">View Product</a></div><div class="product"><a href="https://www.amazon.com/dp/B00F644LTQ?tag=eloabder-20&linkCode=osi&th=1&psc=1"><img src="https://m.media-amazon.com/images/I/31+v2SZDagL._SL500_.jpg" alt="Product Image"></a><p>Cuccio Naturale Revitalizing- Hydrating Oil For Repaired Cuticles Overnight - Remedy For Damaged Skin And Thin Nails - Paraben /Cruelty-Free Formula - Milk And Honey - 2.5 Oz</p><p>$9.48 ($3.79 / Fl Oz)</p><a href="https://www.amazon.com/dp/B00F644LTQ?tag=eloabder-20&linkCode=osi&th=1&psc=1">View Product</a></div><div class="product"><a href="https://www.amazon.com/dp/B007QBKX08?tag=eloabder-20&linkCode=osi&th=1&psc=1"><img src="https://m.media-amazon.com/images/I/51BgkFaTnpL._SL500_.jpg" alt="Product Image"></a><p>Nail Tek Repairs Damaged Nails kit.Intensive Therapy(.5OZ),Foundation(.5OZ)& Renew(.48OZ)</p><p>$14.95</p><a href="https://www.amazon.com/dp/B007QBKX08?tag=eloabder-20&linkCode=osi&th=1&psc=1">View Product</a></div>
<div class="product"><a href="https://www.amazon.com/dp/B017PCGAXQ?tag=eloabder-20&linkCode=osi&th=1&psc=1"><img src="https://m.media-amazon.com/images/I/31-daQlUgGL._SL500_.jpg" alt="Product Image"></a><p>Garnier Micellar Water For Waterproof Makeup, Hydrating Facial Cleanser & Makeup Remover, Suitable for Sensitive Skin, Vegan, Cruelty Free, 13.5 Fl Oz (400mL), 1 Count</p><p>$8.97 ($0.66 / Fl Oz)</p><a href="https://www.amazon.com/dp/B017PCGAXQ?tag=eloabder-20&linkCode=osi&th=1&psc=1">View Product</a></div><div class="product"><a href="https://www.amazon.com/dp/B017PCGABI?tag=eloabder-20&linkCode=osi&th=1&psc=1"><img src="https://m.media-amazon.com/images/I/3106WC85aAL._SL500_.jpg" alt="Product Image"></a><p>Garnier Micellar Water, Hydrating Facial Cleanser & Makeup Remover, Suitable for Sensitive Skin, Vegan, Cruelty Free, 13.5 Fl Oz (400mL), 1 Count</p><p>$8.97 ($0.66 / Fl Oz)</p><a href="https://www.amazon.com/dp/B017PCGABI?tag=eloabder-20&linkCode=osi&th=1&psc=1">View Product</a></div><div class="product"><a href="https://www.amazon.com/dp/B00U2VQZDS?tag=eloabder-20&linkCode=osi&th=1&psc=1"><img src="https://m.media-amazon.com/images/I/41VzZfHAKpL._SL500_.jpg" alt="Product Image"></a><p>Neutrogena Makeup Remover Wipes, Ultra-Soft Cleansing Facial Towelettes for Waterproof Makeup, Alcohol-Free, Plant-Based, Twin Pack, 25 Count (Pack of 2)</p><p>$9.16 ($0.18 / Count)</p><a href="https://www.amazon.com/dp/B00U2VQZDS?tag=eloabder-20&linkCode=osi&th=1&psc=1">View Product</a></div><div class="product"><a href="https://www.amazon.com/dp/B07T9JV956?tag=eloabder-20&linkCode=osi&th=1&psc=1"><img src="https://m.media-amazon.com/images/I/310x+0QrxsL._SL500_.jpg" alt="Product Image"></a><p>Neutrogena Gentle Oil-Free Eye Makeup Remover & Cleanser for Sensitive Eyes, Non-Greasy Makeup Remover, Removes Waterproof Mascara, Dermatologist & Ophthalmologist Tested, 8.0 fl. oz</p><p>$9.39 ($1.17 / Fl Oz)</p><a href="https://www.amazon.com/dp/B07T9JV956?tag=eloabder-20&linkCode=osi&th=1&psc=1">View Product</a></div><div class="product"><a href="https://www.amazon.com/dp/B01M31HY3S?tag=eloabder-20&linkCode=osi&th=1&psc=1"><img src="https://m.media-amazon.com/images/I/319i79e7f4L._SL500_.jpg" alt="Product Image"></a><p>Cetaphil Gentle Waterproof Makeup Remover, Mother's Day Gifts, Oil-Free Formula Suitable for Sensitive Skin, 6.0 Fluid Ounce</p><p>$9.87 ($1.64 / Fl Oz)</p><a href="https://www.amazon.com/dp/B01M31HY3S?tag=eloabder-20&linkCode=osi&th=1&psc=1">View Product</a></div><div class="product"><a href="https://www.amazon.com/dp/B07SS6LFRG?tag=eloabder-20&linkCode=osi&th=1&psc=1"><img src="https://m.media-amazon.com/images/I/31Mwa89HfCL._SL500_.jpg" alt="Product Image"></a><p>Amazon Basics Eye Makeup Remover, Removes Waterproof Mascara, Dermatologist Tested, Fragrance Free, 5.5 Fl Oz (Pack of 1)</p><p>$5.99 ($1.09 / Fl Oz)</p><a href="https://www.amazon.com/dp/B07SS6LFRG?tag=eloabder-20&linkCode=osi&th=1&psc=1">View Product</a></div><div class="product"><a href="https://www.amazon.com/dp/B08TQTT8LK?tag=eloabder-20&linkCode=osi&th=1&psc=1"><img src="https://m.media-amazon.com/images/I/31R-Y-dhjEL._SL500_.jpg" alt="Product Image"></a><p>e.l.f. Holy Hydration! Makeup Melting Cleansing Balm, Face Cleanser & Makeup Remover, Infused with Hyaluronic Acid to Hydrate Skin, 2 Oz</p><p>$11.00 ($5.50 / Ounce)</p><a href="https://www.amazon.com/dp/B08TQTT8LK?tag=eloabder-20&linkCode=osi&th=1&psc=1">View Product</a></div><div class="product"><a href="https://www.amazon.com/dp/B08Q3CQM7X?tag=eloabder-20&linkCode=osi&th=1&psc=1"><img src="https://m.media-amazon.com/images/I/31edyzkByfL._SL500_.jpg" alt="Product Image"></a><p>JUNO & Co. Clean 10 Cleansing Balm 10 Ingredients Makeup Remover 85g / 3.0oz</p><p>$14.99 ($5.00 / Ounce)</p><a href="https://www.amazon.com/dp/B08Q3CQM7X?tag=eloabder-20&linkCode=osi&th=1&psc=1">View Product</a></div><div class="product"><a href="https://www.amazon.com/dp/B0B1PP1XCM?tag=eloabder-20&linkCode=osi&th=1&psc=1"><img src="https://m.media-amazon.com/images/I/31kOCqV2+BL._SL500_.jpg" alt="Product Image"></a><p>CeraVe Cleansing Balm for Sensitive Skin | Hydrating Makeup Remover with Ceramides and Plant-based Jojoba Oil for Face | Non-Comedogenic Fragrance Free Non-Greasy |1.3 Ounces</p><p>$9.97 ($7.67 / Ounce)</p><a href="https://www.amazon.com/dp/B0B1PP1XCM?tag=eloabder-20&linkCode=osi&th=1&psc=1">View Product</a></div><div class="product"><a href="https://www.amazon.com/dp/B0BX65V1BZ?tag=eloabder-20&linkCode=osi&th=1&psc=1"><img src="https://m.media-amazon.com/images/I/31t6WiWvdDL._SL500_.jpg" alt="Product Image"></a><p>Prime Prometics PrimeSkin Beauty Water – Deeply Hydrating Pro-Age Make-Up Remover for Mature Women – Clean, One Swipe – for All Skin Types – pH balanced, Hypoallergenic</p><p>$27.00 ($5.29 / Fl Oz)</p><a href="https://www.amazon.com/dp/B0BX65V1BZ?tag=eloabder-20&linkCode=osi&th=1&psc=1">View Product</a></div>
<div class="product"><a href="https://www.amazon.com/dp/B07XC569XF?tag=eloabder-20&linkCode=osi&th=1&psc=1"><img src="https://m.media-amazon.com/images/I/4109uyzn-sL._SL500_.jpg" alt="Product Image"></a><p>Neutrogena Hydro Boost Facial Cleansing Towelettes + Hyaluronic Acid, Hydrating Makeup Remover Face Wipes Remove Dirt & Waterproof Makeup, Hypoallergenic, 100% Plant-Based Cloth, 2 x 25 ct</p><p>$13.20 ($0.26 / Count)</p><a href="https://www.amazon.com/dp/B07XC569XF?tag=eloabder-20&linkCode=osi&th=1&psc=1">View Product</a></div><div class="product"><a href="https://www.amazon.com/dp/B00479FP4Q?tag=eloabder-20&linkCode=osi&th=1&psc=1"><img src="https://m.media-amazon.com/images/I/41L2wro-FlL._SL500_.jpg" alt="Product Image"></a><p>Olay Daily Facials, Daily Clean Makeup Removing Facial Cleansing Wipes, 5-in-1 Water Activated Cloths, Exfoliates, Tones and Hydrates Skin, 66 count</p><p>$9.74 ($0.15 / Count)</p><a href="https://www.amazon.com/dp/B00479FP4Q?tag=eloabder-20&linkCode=osi&th=1&psc=1">View Product</a></div><div class="product"><a href="https://www.amazon.com/dp/B0864VDH6F?tag=eloabder-20&linkCode=osi&th=1&psc=1"><img src="https://m.media-amazon.com/images/I/418baEPkUdL._SL500_.jpg" alt="Product Image"></a><p>Amazon Basics Make Up Remover Wipes, Night Calming, 50 Count (2 Packs of 25) (Previously Solimo)</p><p>$7.93 ($0.16 / Count)</p><a href="https://www.amazon.com/dp/B0864VDH6F?tag=eloabder-20&linkCode=osi&th=1&psc=1">View Product</a></div><div class="product"><a href="https://www.amazon.com/dp/B093T3LQPP?tag=eloabder-20&linkCode=osi&th=1&psc=1"><img src="https://m.media-amazon.com/images/I/51mLU+qr6tL._SL500_.jpg" alt="Product Image"></a><p>Burt's Bees Rose Water Face Wipes, for All Skin Types, Hydrating Micellar Makeup Remover & Facial Cleansing Towelettes, 30 Ct (3-Pack)</p><p>$16.47 ($0.18 / Count)</p><a href="https://www.amazon.com/dp/B093T3LQPP?tag=eloabder-20&linkCode=osi&th=1&psc=1">View Product</a></div><div class="product"><a href="https://www.amazon.com/dp/B00NUJQG7Y?tag=eloabder-20&linkCode=osi&th=1&psc=1"><img src="https://m.media-amazon.com/images/I/51apu8FIluL._SL500_.jpg" alt="Product Image"></a><p>Burt's Bees Aloe Vera Face Wipes, for Sensitive Skin, Soothing Makeup Remover & Facial Cleansing Towelettes, 30 Ct. (3-Pack)</p><p>$16.41 ($0.18 / Count)</p><a href="https://www.amazon.com/dp/B00NUJQG7Y?tag=eloabder-20&linkCode=osi&th=1&psc=1">View Product</a></div><div class="product"><a href="https://www.amazon.com/dp/B09LXWPB1V?tag=eloabder-20&linkCode=osi&th=1&psc=1"><img src="https://m.media-amazon.com/images/I/4117i-jJMKL._SL500_.jpg" alt="Product Image"></a><p>CeraVe Hydrating Facial Cleansing Makeup Remover Wipes| Plant Based Face Biodegradable in Home Compost| Wash Cloth| Suitable for Sensitive Skin| Fragrance-free Non-comedogenic| 25 Count</p><p>$9.97 ($0.40 / Count)</p><a href="https://www.amazon.com/dp/B09LXWPB1V?tag=eloabder-20&linkCode=osi&th=1&psc=1">View Product</a></div><div class="product"><a href="https://www.amazon.com/dp/B006RFZ9IK?tag=eloabder-20&linkCode=osi&th=1&psc=1"><img src="https://m.media-amazon.com/images/I/41c4Ogejt9L._SL500_.jpg" alt="Product Image"></a><p>Bioré Daily Make Up Removing Cloths, Facial Cleansing Wipes with Dirt-grabbing Fibers for Deep Pore Cleansing without Oily Residue, 60 Count</p><p>$11.99 ($0.20 / Count)</p><a href="https://www.amazon.com/dp/B006RFZ9IK?tag=eloabder-20&linkCode=osi&th=1&psc=1">View Product</a></div><div class="product"><a href="https://www.amazon.com/dp/B01M4NFD2N?tag=eloabder-20&linkCode=osi&th=1&psc=1"><img src="https://m.media-amazon.com/images/I/41-iPdzYWDL._SL500_.jpg" alt="Product Image"></a><p>Cetaphil Gentle Makeup Removing Face Wipes, Daily Cleansing Facial Towelettes Gently Remove Makeup, Fragrance and Alcohol Free, 25 Count</p><p>$6.85 ($0.27 / Count)</p><a href="https://www.amazon.com/dp/B01M4NFD2N?tag=eloabder-20&linkCode=osi&th=1&psc=1">View Product</a></div><div class="product"><a href="https://www.amazon.com/dp/B0B644ZQLV?tag=eloabder-20&linkCode=osi&th=1&psc=1"><img src="https://m.media-amazon.com/images/I/41E5FGVZrnL._SL500_.jpg" alt="Product Image"></a><p>Cetaphil Face and Body Wipes, Gentle Skin Cleansing Cloths, 25 Count (Pack of 3), for Dry, Sensitive Skin, Flip Top Closure, Great for the Gym, Hypoallergenic, Fragrance Free</p><p>$20.91 ($0.28 / Count)</p><a href="https://www.amazon.com/dp/B0B644ZQLV?tag=eloabder-20&linkCode=osi&th=1&psc=1">View Product</a></div>
<div class="product"><a href="https://www.amazon.com/dp/B08RD6S5HF?tag=eloabder-20&linkCode=osi&th=1&psc=1"><img src="https://m.media-amazon.com/images/I/41uDw-xQNuL._SL500_.jpg" alt="Product Image"></a><p>BAIMEI IcyMe Gua Sha & Jade Roller Facial Tools Face Roller and Gua Sha Set for Puffiness and Redness Reducing Skin Care Routine, Self Care Gift for Men Women - Green</p><p>$9.99</p><a href="https://www.amazon.com/dp/B08RD6S5HF?tag=eloabder-20&linkCode=osi&th=1&psc=1">View Product</a></div><div class="product"><a href="https://www.amazon.com/dp/B09961TCV4?tag=eloabder-20&linkCode=osi&th=1&psc=1"><img src="https://m.media-amazon.com/images/I/41cLCDErk6L._SL500_.jpg" alt="Product Image"></a><p>huefull Gua Sha Facial Tools & Jade Roller Set for Skin Care, Reduce Puffiness and Improve Wrinkles, Guasha Tool for Face, Gua Sha Stone Self Care Gift for Woman Man</p><p>$7.99 ($4.00 / Count)</p><a href="https://www.amazon.com/dp/B09961TCV4?tag=eloabder-20&linkCode=osi&th=1&psc=1">View Product</a></div><div class="product"><a href="https://www.amazon.com/dp/B09P88YNZZ?tag=eloabder-20&linkCode=osi&th=1&psc=1"><img src="https://m.media-amazon.com/images/I/31gv5dz1KML._SL500_.jpg" alt="Product Image"></a><p>Ice Roller for Face and Eye, Ice Face Roller,Facial Beauty Ice Roller Skin Care Tools, Ice Facial Cube, Gua Sha Face Massage, Silicone Ice Mold for Face Beauty (Pink)</p><p>$5.99 ($1.20 / Ounce)</p><a href="https://www.amazon.com/dp/B09P88YNZZ?tag=eloabder-20&linkCode=osi&th=1&psc=1">View Product</a></div><div class="product"><a href="https://www.amazon.com/dp/B09V5TRZTS?tag=eloabder-20&linkCode=osi&th=1&psc=1"><img src="https://m.media-amazon.com/images/I/31NWpXealIL._SL500_.jpg" alt="Product Image"></a><p>ROSELYNBOUTIQUE Ice Roller for Face Wrinkles Fine Lines Puffiness Stick Massager Facial Skin Care Tools Self Care Gifts for Men Women (Green)</p><p>$6.39</p><a href="https://www.amazon.com/dp/B09V5TRZTS?tag=eloabder-20&linkCode=osi&th=1&psc=1">View Product</a></div><div class="product"><a href="https://www.amazon.com/dp/B0BR7YG7QH?tag=eloabder-20&linkCode=osi&th=1&psc=1"><img src="https://m.media-amazon.com/images/I/41gFogNe+dL._SL500_.jpg" alt="Product Image"></a><p>8 Pieces Triangle Powder Puff Face Soft Triangle Makeup Puff Velour Cosmetic Foundation Blender Sponge Beauty Makeup Tools</p><p>$3.99 ($0.50 / Count)</p><a href="https://www.amazon.com/dp/B0BR7YG7QH?tag=eloabder-20&linkCode=osi&th=1&psc=1">View Product</a></div><div class="product"><a href="https://www.amazon.com/dp/B09XJYZDVG?tag=eloabder-20&linkCode=osi&th=1&psc=1"><img src="https://m.media-amazon.com/images/I/41jMEmTiSQL._SL500_.jpg" alt="Product Image"></a><p>Aaiffey Eyeliner Applicator Kit, Eyeliner Tool with Eyeliner Cream Black Eyeliner Gel Reusable Silicone Eye Liner Applicator Waterproof Eyeliner Easy No-Skip (eyeliner tool +black eyeliner creams)</p><p>$9.98</p><a href="https://www.amazon.com/dp/B09XJYZDVG?tag=eloabder-20&linkCode=osi&th=1&psc=1">View Product</a></div>
<div class="product"><a href="https://www.amazon.com/dp/B075S543DR?tag=eloabder-20&linkCode=osi&th=1&psc=1"><img src="https://m.media-amazon.com/images/I/418N6a3fvaL._SL500_.jpg" alt="Product Image"></a><p>EcoTools Start The Day Beautifully 6 Piece Makeup Brush Set, Makeup Brushes For Eyeshadow, Blush, Concealer, & Foundation Application, Eco-Friendly, Gift Set, Synthetic Hair, Vegan & Cruelty-Free</p><p>$9.98</p><a href="https://www.amazon.com/dp/B075S543DR?tag=eloabder-20&linkCode=osi&th=1&psc=1">View Product</a></div><div class="product"><a href="https://www.amazon.com/dp/B07FTXBNVL?tag=eloabder-20&linkCode=osi&th=1&psc=1"><img src="https://m.media-amazon.com/images/I/41O4pc78hYL._SL500_.jpg" alt="Product Image"></a><p>Real Techniques 5 Piece Everyday Essentials Makeup Brush Set, Includes 4 Brushes & Makeup Sponge, For Foundation, Blush, Bronzer, Contour, Eyeshadow, & Powder, Travel Gift Set, Cruelty-Free & Vegan</p><p>$13.99</p><a href="https://www.amazon.com/dp/B07FTXBNVL?tag=eloabder-20&linkCode=osi&th=1&psc=1">View Product</a></div>
<div class="product"><a href="https://www.amazon.com/dp/B00WZQTCS8?tag=eloabder-20&linkCode=osi&th=1&psc=1"><img src="https://m.media-amazon.com/images/I/41iVoW5QboL._SL500_.jpg" alt="Product Image"></a><p>NYX PROFESSIONAL MAKEUP Micro Brow Pencil, Eyebrow Pencil - Espresso</p><p>$7.50</p><a href="https://www.amazon.com/dp/B00WZQTCS8?tag=eloabder-20&linkCode=osi&th=1&psc=1">View Product</a></div><div class="product"><a href="https://www.amazon.com/dp/B01643FI0I?tag=eloabder-20&linkCode=osi&th=1&psc=1"><img src="https://m.media-amazon.com/images/I/21w1DpgxRoL._SL500_.jpg" alt="Product Image"></a><p>L'Oreal Paris Makeup Brow Stylist Definer Waterproof Eyebrow Pencil, Ultra-Fine Mechanical Pencil, Draws Tiny Brow Hairs and Fills in Sparse Areas and Gaps, Dark Brunette, 0.003 Ounce (Pack of 1)</p><p>$8.98</p><a href="https://www.amazon.com/dp/B01643FI0I?tag=eloabder-20&linkCode=osi&th=1&psc=1">View Product</a></div><div class="product"><a href="https://www.amazon.com/dp/B0B52KG7YP?tag=eloabder-20&linkCode=osi&th=1&psc=1"><img src="https://m.media-amazon.com/images/I/31Mi4FEPxYL._SL500_.jpg" alt="Product Image"></a><p>e.l.f. Instant Lift Brow Pencil, Dual-Ended Precision Brow Pencils For Shaping & Defining Eyebrows, Vegan & Cruelty-Free, Neutral Brown, 2-Pack</p><p>$5.00</p><a href="https://www.amazon.com/dp/B0B52KG7YP?tag=eloabder-20&linkCode=osi&th=1&psc=1">View Product</a></div><div class="product"><a href="https://www.amazon.com/dp/B078KB7L4G?tag=eloabder-20&linkCode=osi&th=1&psc=1"><img src="https://m.media-amazon.com/images/I/31QF5SK3tzL._SL500_.jpg" alt="Product Image"></a><p>wet n wild Ultimate Eyebrow Retractable Definer Pencil, Medium Brown, Dual-Sided Brow Brush, Fine Tip, Shapes, Defines, Fills Brow Makeup</p><p>$2.74</p><a href="https://www.amazon.com/dp/B078KB7L4G?tag=eloabder-20&linkCode=osi&th=1&psc=1">View Product</a></div><div class="product"><a href="https://www.amazon.com/dp/B074VD4X7W?tag=eloabder-20&linkCode=osi&th=1&psc=1"><img src="https://m.media-amazon.com/images/I/41eK8J1W2rL._SL500_.jpg" alt="Product Image"></a><p>Maybelline Total Temptation Eyebrow Definer Pencil, Soft Brown, 1 Count</p><p>$8.99</p><a href="https://www.amazon.com/dp/B074VD4X7W?tag=eloabder-20&linkCode=osi&th=1&psc=1">View Product</a></div><div class="product"><a href="https://www.amazon.com/dp/B001ESKLZQ?tag=eloabder-20&linkCode=osi&th=1&psc=1"><img src="https://m.media-amazon.com/images/I/31bw47frHzS._SL500_.jpg" alt="Product Image"></a><p>COVERGIRL - Easy Breezy Brow Fill + Define Brow Pencil, Sharpener Included, Long-Lasting, Deeply Pigmented, Blendable Formula, 100% Cruelty-Free</p><p>$4.47</p><a href="https://www.amazon.com/dp/B001ESKLZQ?tag=eloabder-20&linkCode=osi&th=1&psc=1">View Product</a></div><div class="product"><a href="https://www.amazon.com/dp/B0D12PWNK6?tag=eloabder-20&linkCode=osi&th=1&psc=1"><img src="https://m.media-amazon.com/images/I/51u7eOlEtFL._SL500_.jpg" alt="Product Image"></a><p>iMethod Microblading Eyebrow Pen - Eyebrow Pencil Magical 2-in-1 Dual-Ended Eye Brow Pencils for Women with 4-Fork-Tip & Precise Brush-Tip Create Natural Hair-Like Brows, Last All-Day, Dark Brown</p><p>$14.97 ($14.97 / Count)</p><a href="https://www.amazon.com/dp/B0D12PWNK6?tag=eloabder-20&linkCode=osi&th=1&psc=1">View Product</a></div><div class="product"><a href="https://www.amazon.com/dp/B0CPFY8K8W?tag=eloabder-20&linkCode=osi&th=1&psc=1"><img src="https://m.media-amazon.com/images/I/21SmXiqZZYL._SL500_.jpg" alt="Product Image"></a><p>e.l.f. Instant Lift Waterproof Brow Pencil, Long-Lasting Eyebrow Pencil For Grooming & Shaping Brows, Vegan & Cruelty-free, Deep Brown</p><p>$4.00</p><a href="https://www.amazon.com/dp/B0CPFY8K8W?tag=eloabder-20&linkCode=osi&th=1&psc=1">View Product</a></div>
<div class="product"><a href="https://www.amazon.com/dp/B079B8BFR3?tag=eloabder-20&linkCode=osi&th=1&psc=1"><img src="https://m.media-amazon.com/images/I/41DSmndr3KL._SL500_.jpg" alt="Product Image"></a><p>KISS Looks So Natural, False Eyelashes, Shy', 12 mm, Includes 5 Pairs Of Lashes, Contact Lens Friendly, Easy to Apply, Reusable Strip Lashes, Glue On</p><p>$7.09</p><a href="https://www.amazon.com/dp/B079B8BFR3?tag=eloabder-20&linkCode=osi&th=1&psc=1">View Product</a></div><div class="product"><a href="https://www.amazon.com/dp/B09MQCDVM7?tag=eloabder-20&linkCode=osi&th=1&psc=1"><img src="https://m.media-amazon.com/images/I/510lQqrrVtL._SL500_.jpg" alt="Product Image"></a><p>False Eyelashes 14mm Faux 3D Mink Lashes Natural Look Fluffy Cat Eye Wispy Lashes Pack by Kiromiro, 14 Pairs</p><p>$8.89</p><a href="https://www.amazon.com/dp/B09MQCDVM7?tag=eloabder-20&linkCode=osi&th=1&psc=1">View Product</a></div><div class="product"><a href="https://www.amazon.com/dp/B00DS4EIEE?tag=eloabder-20&linkCode=osi&th=1&psc=1"><img src="https://m.media-amazon.com/images/I/415k4JSKxOL._SL500_.jpg" alt="Product Image"></a><p>KISS So Wispy, False Eyelashes, Style #11', 12 mm, Includes 5 Pairs Of Lashes, Contact Lens Friendly, Easy to Apply, Reusable Strip Lashes, Glue On, Mulitpack</p><p>$8.97 ($1.79 / Count)</p><a href="https://www.amazon.com/dp/B00DS4EIEE?tag=eloabder-20&linkCode=osi&th=1&psc=1">View Product</a></div><div class="product"><a href="https://www.amazon.com/dp/B0C5QK1QHP?tag=eloabder-20&linkCode=osi&th=1&psc=1"><img src="https://m.media-amazon.com/images/I/51eSQ4cj35L._SL500_.jpg" alt="Product Image"></a><p>Veleasha Lashes 5D Faux Mink Lashes 100% Handmade Luxurious Fake Eyelashes Lightweight Fluffy False Eyelashes 5 Pairs Pack (G2)</p><p>$6.98 ($1.40 / Count)</p><a href="https://www.amazon.com/dp/B0C5QK1QHP?tag=eloabder-20&linkCode=osi&th=1&psc=1">View Product</a></div><div class="product"><a href="https://www.amazon.com/dp/B0B1LRRTCH?tag=eloabder-20&linkCode=osi&th=1&psc=1"><img src="https://m.media-amazon.com/images/I/41gc2Df+nAL._SL500_.jpg" alt="Product Image"></a><p>GMAGICTOBO False Eyelashes Natural Half Lashes Short Wispy Clear Band Lashes Pack Cat Eye 3D Faux Mink Lashes Fake Eyelashes 7 Pairs Multipack</p><p>$8.59 ($1.23 / Count)</p><a href="https://www.amazon.com/dp/B0B1LRRTCH?tag=eloabder-20&linkCode=osi&th=1&psc=1">View Product</a></div><div class="product"><a href="https://www.amazon.com/dp/B08R6PR7ND?tag=eloabder-20&linkCode=osi&th=1&psc=1"><img src="https://m.media-amazon.com/images/I/41r4c3ZiCWL._SL500_.jpg" alt="Product Image"></a><p>KISS My Lash But Better, False Eyelashes, All Mine', 10 mm, Includes 1 Pair Of Lashes, Contact Lens Friendly, Easy to Apply, Reusable Strip Lashes, Glue-On</p><p>$3.97</p><a href="https://www.amazon.com/dp/B08R6PR7ND?tag=eloabder-20&linkCode=osi&th=1&psc=1">View Product</a></div><div class="product"><a href="https://www.amazon.com/dp/B0BX3YHN14?tag=eloabder-20&linkCode=osi&th=1&psc=1"><img src="https://m.media-amazon.com/images/I/51YYa1vTElL._SL500_.jpg" alt="Product Image"></a><p>KISS imPRESS Falsies False Eyelashes, Lash Clusters, Voluminous', 14 mm, Includes 20 Clusters, 1 applicator, Contact Lens Friendly, Easy to Apply, Reusable Strip Lashes</p><p>$12.72</p><a href="https://www.amazon.com/dp/B0BX3YHN14?tag=eloabder-20&linkCode=osi&th=1&psc=1">View Product</a></div><div class="product"><a href="https://www.amazon.com/dp/B00YYHHI1E?tag=eloabder-20&linkCode=osi&th=1&psc=1"><img src="https://m.media-amazon.com/images/I/419bv9iNI9L._SL500_.jpg" alt="Product Image"></a><p>Ardell False Eyelashes Demi Wispies Black, 1 pack (6 pairs per pack)</p><p>$9.74 ($1.95 / Count)</p><a href="https://www.amazon.com/dp/B00YYHHI1E?tag=eloabder-20&linkCode=osi&th=1&psc=1">View Product</a></div><div class="product"><a href="https://www.amazon.com/dp/B0CG5SY8J1?tag=eloabder-20&linkCode=osi&th=1&psc=1"><img src="https://m.media-amazon.com/images/I/41SWlZB3plL._SL500_.jpg" alt="Product Image"></a><p>Natural Lashes Natural Eyelashes Short Eyelashes Natural Look False Eyelashes Wispy Eye Lashes 10mm Small Lashes Fake Lashes K50</p><p>$7.93 ($1.13 / Count)</p><a href="https://www.amazon.com/dp/B0CG5SY8J1?tag=eloabder-20&linkCode=osi&th=1&psc=1">View Product</a></div><div class="product"><a href="https://www.amazon.com/dp/B08SPVMDTV?tag=eloabder-20&linkCode=osi&th=1&psc=1"><img src="https://m.media-amazon.com/images/I/41Q6wh0HacL._SL500_.jpg" alt="Product Image"></a><p>KISS Falscara Multipack False Eyelashes, Lash Clusters, Natural Wispy Wisps', 10mm-12mm-14mm, Includes 24 Assorted Lengths Wisps, Contact Lens Friendly, Easy to Apply, Reusable Strip Lashes</p><p>$6.47 ($0.27 / Count)</p><a href="https://www.amazon.com/dp/B08SPVMDTV?tag=eloabder-20&linkCode=osi&th=1&psc=1">View Product</a></div>
<div class="product"><a href="https://www.amazon.com/dp/B08ZYKFNLK?tag=eloabder-20&linkCode=osi&th=1&psc=1"><img src="https://m.media-amazon.com/images/I/41LSyt4W-HL._SL500_.jpg" alt="Product Image"></a><p>Makeup Sponge Set BS-MALL Blender Sponges 7 Pcs for Liquid, Cream, and Powder, Multi-colored with 1 Mini Makeup Sponge Pink (A-Pink）</p><p>$6.99 ($1.00 / Count)</p><a href="https://www.amazon.com/dp/B08ZYKFNLK?tag=eloabder-20&linkCode=osi&th=1&psc=1">View Product</a></div><div class="product"><a href="https://www.amazon.com/dp/B01F36JEXE?tag=eloabder-20&linkCode=osi&th=1&psc=1"><img src="https://m.media-amazon.com/images/I/41AHaVc97tL._SL500_.jpg" alt="Product Image"></a><p>BEAKEY Makeup Sponge 5 Pcs Set, Makeup Sponges for Foundation, Liquid, Cream and Powder. Latex-Free Boun Boun Beauty Sponge for Blending, Blender for Enhanced Make Up Application, Ideal Gift</p><p>$6.99 ($1.40 / Count)</p><a href="https://www.amazon.com/dp/B01F36JEXE?tag=eloabder-20&linkCode=osi&th=1&psc=1">View Product</a></div><div class="product"><a href="https://www.amazon.com/dp/B07VBNQ367?tag=eloabder-20&linkCode=osi&th=1&psc=1"><img src="https://m.media-amazon.com/images/I/41tK1+FK+ML._SL500_.jpg" alt="Product Image"></a><p>Beautyblender® | Original Pink Beauty Blender Makeup Sponge, Super-Soft Foam Easily Blends Foundations, Powders & Creams, Made in USA, Reusable, Washable, Streak Free Application, Vegan, Cruelty Free</p><p>$20.00</p><a href="https://www.amazon.com/dp/B07VBNQ367?tag=eloabder-20&linkCode=osi&th=1&psc=1">View Product</a></div><div class="product"><a href="https://www.amazon.com/dp/B013XJUWC0?tag=eloabder-20&linkCode=osi&th=1&psc=1"><img src="https://m.media-amazon.com/images/I/519iY4n1lHL._SL500_.jpg" alt="Product Image"></a><p>Aesthetica Cosmetics Beauty Sponge Blender - Latex Free and Vegan Makeup Sponge Blender - For Powder, Cream or Liquid Application - One Piece Make Up Sponge</p><p>$3.97</p><a href="https://www.amazon.com/dp/B013XJUWC0?tag=eloabder-20&linkCode=osi&th=1&psc=1">View Product</a></div><div class="product"><a href="https://www.amazon.com/dp/B08T79281H?tag=eloabder-20&linkCode=osi&th=1&psc=1"><img src="https://m.media-amazon.com/images/I/41OyxvePdBL._SL500_.jpg" alt="Product Image"></a><p>DUAIU 4 Pcs Makeup Sponge Set Beauty Sponge Foundation Blending Sponge, Flawless for Liquid, Cream, and Powder, Multi-colored Makeup Sponges with Storage Box</p><p>$4.99 ($1.25 / Count)</p><a href="https://www.amazon.com/dp/B08T79281H?tag=eloabder-20&linkCode=osi&th=1&psc=1">View Product</a></div><div class="product"><a href="https://www.amazon.com/dp/B00EUBPHR6?tag=eloabder-20&linkCode=osi&th=1&psc=1"><img src="https://m.media-amazon.com/images/I/31BZh7Bg7hL._SL500_.jpg" alt="Product Image"></a><p>Real Techniques Miracle Complexion Sponge, Makeup Blending Sponge, For Liquid & Cream Foundation, Offers Light To Medium Coverage, Natural, Dewy Makeup, Orange Sponge, Latex-Free Foam, 1 Count</p><p>$4.57</p><a href="https://www.amazon.com/dp/B00EUBPHR6?tag=eloabder-20&linkCode=osi&th=1&psc=1">View Product</a></div><div class="product"><a href="https://www.amazon.com/dp/B0CL2FKVH2?tag=eloabder-20&linkCode=osi&th=1&psc=1"><img src="https://m.media-amazon.com/images/I/41u81y8DJoL._SL500_.jpg" alt="Product Image"></a><p>14 Pcs Makeup Sponge Set,Beauty Sponges Blender with 4 Pcs Powder Puff and 4 Pcs Mini Make up Sponges Valentine's Day Gift,Mother's Day Gift for Women Liquid,Foundation,Powder,Concealer,Cream(Pink)</p><p>$8.99 ($0.64 / Count)</p><a href="https://www.amazon.com/dp/B0CL2FKVH2?tag=eloabder-20&linkCode=osi&th=1&psc=1">View Product</a></div><div class="product"><a href="https://www.amazon.com/dp/B0CTX1X4F1?tag=eloabder-20&linkCode=osi&th=1&psc=1"><img src="https://m.media-amazon.com/images/I/31dP1yTUmWL._SL500_.jpg" alt="Product Image"></a><p>GFOUNS 15 pcs Beauty blender Makeup Sponge Bulk:Blender Sponges 15 Pcs for Liquid, Cream, and Powder, Multi-colored Pink make up sponges for foundation</p><p>$5.99</p><a href="https://www.amazon.com/dp/B0CTX1X4F1?tag=eloabder-20&linkCode=osi&th=1&psc=1">View Product</a></div>
<div class="product"><a href="https://www.amazon.com/dp/B010CRFSTI?tag=eloabder-20&linkCode=osi&th=1&psc=1"><img src="https://m.media-amazon.com/images/I/41JQ+znx4gL._SL500_.jpg" alt="Product Image"></a><p>Conair Salon Results Hairbrush Set - Travel Hair Brush - Hairbrushes for All Hair Types - Travel size + Full-size Brush</p><p>$5.88 ($2.94 / Count)</p><a href="https://www.amazon.com/dp/B010CRFSTI?tag=eloabder-20&linkCode=osi&th=1&psc=1">View Product</a></div><div class="product"><a href="https://www.amazon.com/dp/B094DK6JNF?tag=eloabder-20&linkCode=osi&th=1&psc=1"><img src="https://m.media-amazon.com/images/I/31dF+T3k3nL._SL500_.jpg" alt="Product Image"></a><p>Wet Brush Original Detangler Hair Brush, Amazon Exclusive Aqua- Ultra-Soft IntelliFlex Bristles-Detangling Hairbrush Glides Through Tangles For All Hair Types (Wet Dry & Damaged Hair) - Women & Men</p><p>$8.99</p><a href="https://www.amazon.com/dp/B094DK6JNF?tag=eloabder-20&linkCode=osi&th=1&psc=1">View Product</a></div>

<div class="product"><a href="https://www.amazon.com/dp/B07KSQZ4MR?tag=eloabder-20&linkCode=osi&th=1&psc=1"><img src="https://m.media-amazon.com/images/I/31A-mCllrgL._SL500_.jpg" alt="Product Image"></a><p>Hot Tools Pro Artist Black Gold Evolve Ionic Salon Hair Flat Iron | Long-Lasting Finish for Straightening Hair, (1-1/4 in), HT7123BG</p><p>$61.50</p><a href="https://www.amazon.com/dp/B07KSQZ4MR?tag=eloabder-20&linkCode=osi&th=1&psc=1">View Product</a></div>
<div class="product"><a href="https://www.amazon.com/dp/B0027SU9JU?tag=eloabder-20&linkCode=osi&th=1&psc=1"><img src="https://m.media-amazon.com/images/I/31rfzenB9mL._SL500_.jpg" alt="Product Image"></a><p>REVLON Turbo Hair Dryer with Advanced Ionic Technology, Ceramic Coating | Turbo Heat and Cold Shot Features, 1875 Watts for Fast Drying and Shine (Silver)</p><p>$19.99</p><a href="https://www.amazon.com/dp/B0027SU9JU?tag=eloabder-20&linkCode=osi&th=1&psc=1">View Product</a></div>

<div class="product"><a href="https://www.amazon.com/dp/B07PBXXNCY?tag=eloabder-20&linkCode=osi&th=1&psc=1"><img src="https://m.media-amazon.com/images/I/31OVxUr+bUL._SL500_.jpg" alt="Product Image"></a><p>Clean Skin Club Clean Towels XL™, 100% USDA Biobased Face Towel, Disposable Face Towelette, Makeup Remover Dry Wipes, Ultra Soft, 50 Ct, 1 Pack</p><p>$17.95 ($0.36 / Count)</p><a href="https://www.amazon.com/dp/B07PBXXNCY?tag=eloabder-20&linkCode=osi&th=1&psc=1">View Product</a></div><div class="product"><a href="https://www.amazon.com/dp/B01LEJ5MSK?tag=eloabder-20&linkCode=osi&th=1&psc=1"><img src="https://m.media-amazon.com/images/I/418xEMrk6LL._SL500_.jpg" alt="Product Image"></a><p>COSRX Snail Mucin 92% Repair Cream, Daily Face Gel Moisturizer for Dry Skin, Acne-prone, Sensitive Skin, Not Tested on Animals, No Parabens, Korean Skincare (3.52 Fl Oz (Pack of 1))</p><p>$13.99 ($3.97 / Fl Oz)</p><a href="https://www.amazon.com/dp/B01LEJ5MSK?tag=eloabder-20&linkCode=osi&th=1&psc=1">View Product</a></div>
<div class="product"><a href="https://www.amazon.com/dp/B076FHJ3K5?tag=eloabder-20&linkCode=osi&th=1&psc=1"><img src="https://m.media-amazon.com/images/I/31QAqxeYpoL._SL500_.jpg" alt="Product Image"></a><p>Marc Anthony Leave-In Conditioner Spray & Detangler, Grow Long Biotin - Anti-Frizz Deep Conditioner For Split Ends & Breakage - Vitamin E, Caffeine & Ginseng for Curly, Dry & Damaged Hair</p><p>$7.67 ($0.91 / Fl Oz)</p><a href="https://www.amazon.com/dp/B076FHJ3K5?tag=eloabder-20&linkCode=osi&th=1&psc=1">View Product</a></div><div class="product"><a href="https://www.amazon.com/dp/B0B941W753?tag=eloabder-20&linkCode=osi&th=1&psc=1"><img src="https://m.media-amazon.com/images/I/3154MYZlHiL._SL500_.jpg" alt="Product Image"></a><p>MONDAY HAIRCARE Volume Shampoo + Conditioner Set (2 Pack) 12oz Each for Thin, Fine, and Oily Hair, Made from Coconut Oil, Ginger Extract, & Vitamin E, 100% Recyclable Bottles</p><p>$13.99 ($0.58 / Fl Oz)</p><a href="https://www.amazon.com/dp/B0B941W753?tag=eloabder-20&linkCode=osi&th=1&psc=1">View Product</a></div><div class="product"><a href="https://www.amazon.com/dp/B0CS29PK2J?tag=eloabder-20&linkCode=osi&th=1&psc=1"><img src="https://m.media-amazon.com/images/I/315FU9SHGsL._SL500_.jpg" alt="Product Image"></a><p>Monday Moisture Leave-in Conditioner 5 Oz</p><p>$5.41 ($1.08 / Fl Oz)</p><a href="https://www.amazon.com/dp/B0CS29PK2J?tag=eloabder-20&linkCode=osi&th=1&psc=1">View Product</a></div><div class="product"><a href="https://www.amazon.com/dp/B0B941XTDZ?tag=eloabder-20&linkCode=osi&th=1&psc=1"><img src="https://m.media-amazon.com/images/I/41eavjiNYyL._SL500_.jpg" alt="Product Image"></a><p>MONDAY HAIRCARE Moisture Shampoo + Conditioner Set for Dry, Coarse, Stressed, Coily & Curly Hair, Made from Coconut Oil, Rice Protein, Shea Butter, & Vitamin E, All-Natural, 12 Fl Oz (Pack of 2)</p><p>$13.99 ($0.58 / Fl Oz)</p><a href="https://www.amazon.com/dp/B0B941XTDZ?tag=eloabder-20&linkCode=osi&th=1&psc=1">View Product</a></div><div class="product"><a href="https://www.amazon.com/dp/B07N7PK9QK?tag=eloabder-20&linkCode=osi&th=1&psc=1"><img src="https://m.media-amazon.com/images/I/416K3ahcJsL._SL500_.jpg" alt="Product Image"></a><p>Mielle Organics Rosemary Mint Scalp & Hair Strengthening Oil for All Hair Types, 2 Ounce</p><p>$9.50 ($4.75 / Fl Oz)</p><a href="https://www.amazon.com/dp/B07N7PK9QK?tag=eloabder-20&linkCode=osi&th=1&psc=1">View Product</a></div><div class="product"><a href="https://www.amazon.com/dp/B005PV0FDG?tag=eloabder-20&linkCode=osi&th=1&psc=1"><img src="https://m.media-amazon.com/images/I/310l+q4ImxL._SL500_.jpg" alt="Product Image"></a><p>It's a 10 Haircare Miracle Leave-In product, 10 fl. oz.</p><p>$27.98 ($2.80 / Fl Oz)</p><a href="https://www.amazon.com/dp/B005PV0FDG?tag=eloabder-20&linkCode=osi&th=1&psc=1">View Product</a></div><div class="product"><a href="https://www.amazon.com/dp/B0C3K3XX95?tag=eloabder-20&linkCode=osi&th=1&psc=1"><img src="https://m.media-amazon.com/images/I/41+CLmIGVIL._SL500_.jpg" alt="Product Image"></a><p>MONDAY HAIRCARE Repair Shampoo and Conditioner Set 12oz for Dry to Damaged Hair, Made with Keratin, Coconut Oil, Shea Butter and Vitamin E</p><p>$13.99 ($0.58 / Fl Oz)</p><a href="https://www.amazon.com/dp/B0C3K3XX95?tag=eloabder-20&linkCode=osi&th=1&psc=1">View Product</a></div>
<div class="product"><a href="https://www.amazon.com/dp/B09F5L7756?tag=eloabder-20&linkCode=osi&th=1&psc=1"><img src="https://m.media-amazon.com/images/I/61qJVRNSjFL._SL500_.jpg" alt="Product Image"></a><p>Vaseline Intensive Care Cocoa Radiant For Glowing Skin 3 Count Body Gel Oil Body Oil Made with 100% Pure Cocoa Butter + Replenishing Oils 6.8oz</p><p>$19.44 ($0.95 / Fl Oz)</p><a href="https://www.amazon.com/dp/B09F5L7756?tag=eloabder-20&linkCode=osi&th=1&psc=1">View Product</a></div><div class="product"><a href="https://www.amazon.com/dp/B08T4FLJQZ?tag=eloabder-20&linkCode=osi&th=1&psc=1"><img src="https://m.media-amazon.com/images/I/317LIpGPZiL._SL500_.jpg" alt="Product Image"></a><p>Dove Scrub Brown Sugar & Coconut Butter For Silky Smooth Skin Body Scrub Exfoliates & Restores Skin's Natural Nutrients 10.5 oz</p><p>$6.97 ($0.66 / Ounce)</p><a href="https://www.amazon.com/dp/B08T4FLJQZ?tag=eloabder-20&linkCode=osi&th=1&psc=1">View Product</a></div><div class="product"><a href="https://www.amazon.com/dp/B0CNKZW8HL?tag=eloabder-20&linkCode=osi&th=1&psc=1"><img src="https://m.media-amazon.com/images/I/61vGHE3wEWL._SL500_.jpg" alt="Product Image"></a><p>Dove Men+Care Body Wash Sandalwood + Cardamom Oil to Rebuild Skin in the Shower with Plant-Based Cleansers and Moisturizers 26 oz</p><p>$9.97 ($0.38 / Fl Oz)</p><a href="https://www.amazon.com/dp/B0CNKZW8HL?tag=eloabder-20&linkCode=osi&th=1&psc=1">View Product</a></div><div class="product"><a href="https://www.amazon.com/dp/B089NCFBQZ?tag=eloabder-20&linkCode=osi&th=1&psc=1"><img src="https://m.media-amazon.com/images/I/41WGBM4YipL._SL500_.jpg" alt="Product Image"></a><p>Vaseline Illuminate Me Shimmering Body Oil Created for Melanin Rich Skin, Illuminates Skin with Finishing Touch of Shimmer for Glowing Skin 3.3 oz</p><p>$8.75 ($2.65 / Fl Oz)</p><a href="https://www.amazon.com/dp/B089NCFBQZ?tag=eloabder-20&linkCode=osi&th=1&psc=1">View Product</a></div><div class="product"><a href="https://www.amazon.com/dp/B0CNL19TQG?tag=eloabder-20&linkCode=osi&th=1&psc=1"><img src="https://m.media-amazon.com/images/I/61kqkkFXOkL._SL500_.jpg" alt="Product Image"></a><p>Dove Men+Care Body Wash Eucalyptus + Cedar Oil to Rebuild Skin in the Shower with Plant-Based Cleansers and Moisturizers 26 oz</p><p>$9.99 ($0.38 / Fl Oz)</p><a href="https://www.amazon.com/dp/B0CNL19TQG?tag=eloabder-20&linkCode=osi&th=1&psc=1">View Product</a></div><div class="product"><a href="https://www.amazon.com/dp/B07HMDGJCJ?tag=eloabder-20&linkCode=osi&th=1&psc=1"><img src="https://m.media-amazon.com/images/I/31TuC5EJeNL._SL500_.jpg" alt="Product Image"></a><p>SOL DE JANEIRO 4 Play Moisturizing Shower Cream Gel Body Wash 90mL</p><p>$10.00 ($3.33 / Fl Oz)</p><a href="https://www.amazon.com/dp/B07HMDGJCJ?tag=eloabder-20&linkCode=osi&th=1&psc=1">View Product</a></div>
<div class="product"><a href="https://www.amazon.com/dp/B00HVI8WYU?tag=eloabder-20&linkCode=osi&th=1&psc=1"><img src="https://m.media-amazon.com/images/I/31educzzSsL._SL500_.jpg" alt="Product Image"></a><p>e.l.f. Hydrating Face Primer, Makeup Primer For Flawless, Smooth Skin & Long-Lasting Makeup, Fills In Pores & Fine Lines, Vegan & Cruelty-free, Small</p><p>$8.00</p><a href="https://www.amazon.com/dp/B00HVI8WYU?tag=eloabder-20&linkCode=osi&th=1&psc=1">View Product</a></div><div class="product"><a href="https://www.amazon.com/dp/B088W7L534?tag=eloabder-20&linkCode=osi&th=1&psc=1"><img src="https://m.media-amazon.com/images/I/31A5rZUAKyL._SL500_.jpg" alt="Product Image"></a><p>e.l.f. Monochromatic Multi Stick, Luxuriously Creamy & Blendable Color, For Eyes, Lips & Cheeks, Dazzling Peony, 0.17 oz (5 g)</p><p>$5.00</p><a href="https://www.amazon.com/dp/B088W7L534?tag=eloabder-20&linkCode=osi&th=1&psc=1">View Product</a></div><div class="product"><a href="https://www.amazon.com/dp/B0CMJZ8G6Y?tag=eloabder-20&linkCode=osi&th=1&psc=1"><img src="https://m.media-amazon.com/images/I/31KdGu0F8vL._SL500_.jpg" alt="Product Image"></a><p>e.l.f. Glow Reviver Lip Oil, Nourishing Tinted Lip Oil For A High-shine Finish, Infused With Jojoba Oil, Vegan & Cruelty-free, Rose Envy</p><p>$8.00</p><a href="https://www.amazon.com/dp/B0CMJZ8G6Y?tag=eloabder-20&linkCode=osi&th=1&psc=1">View Product</a></div><div class="product"><a href="https://www.amazon.com/dp/B08H3JPH74?tag=eloabder-20&linkCode=osi&th=1&psc=1"><img src="https://m.media-amazon.com/images/I/31hf532TEHL._SL500_.jpg" alt="Product Image"></a><p>Maybelline Lash Sensational Sky High Washable Mascara Makeup, Volumizing, Lengthening, Defining, Curling, Multiplying, Buildable Formula, Blackest Black, 1 Count</p><p>$9.98</p><a href="https://www.amazon.com/dp/B08H3JPH74?tag=eloabder-20&linkCode=osi&th=1&psc=1">View Product</a></div>
<div class="product"><a href="https://www.amazon.com/dp/B09C8VNWBP?tag=eloabder-20&linkCode=osi&th=1&psc=1"><img src="https://m.media-amazon.com/images/I/31ObnTRpJ5L._SL500_.jpg" alt="Product Image"></a><p>Lattafa Yara for Women Eau de Parfum Spray, 3.40 Ounce / 100 ml</p><p>$22.77 ($6.70 / Fl Oz)</p><a href="https://www.amazon.com/dp/B09C8VNWBP?tag=eloabder-20&linkCode=osi&th=1&psc=1">View Product</a></div><div class="product"><a href="https://www.amazon.com/dp/B000E7WHCI?tag=eloabder-20&linkCode=osi&th=1&psc=1"><img src="https://m.media-amazon.com/images/I/31V1XkKkWXL._SL500_.jpg" alt="Product Image"></a><p>Vera Wang Eau de Parfum for Women - Delicate, Floral Scent - Notes of Iris, Lillies, & Sandalwood - Feminine & Subtle - 3.4 Fl Oz</p><p>$26.47 ($7.79 / Fl Oz)</p><a href="https://www.amazon.com/dp/B000E7WHCI?tag=eloabder-20&linkCode=osi&th=1&psc=1">View Product</a></div><div class="product"><a href="https://www.amazon.com/dp/B0B1HB719V?tag=eloabder-20&linkCode=osi&th=1&psc=1"><img src="https://m.media-amazon.com/images/I/31R9CfuokSL._SL500_.jpg" alt="Product Image"></a><p>Sol de Janeiro Cheirosa '68 Hair & Body Fragrance Mist 90mL/3.0 fl oz.</p><p>$24.00 ($8.00 / Fl Oz)</p><a href="https://www.amazon.com/dp/B0B1HB719V?tag=eloabder-20&linkCode=osi&th=1&psc=1">View Product</a></div><div class="product"><a href="https://www.amazon.com/dp/B01KYRUBT8?tag=eloabder-20&linkCode=osi&th=1&psc=1"><img src="https://m.media-amazon.com/images/I/41BYbHm20iL._SL500_.jpg" alt="Product Image"></a><p>Al-Rehab Choco Musk Eau de Parfum Spray for Women, 1.7 Ounce</p><p>$7.80 ($4.59 / Fl Oz)</p><a href="https://www.amazon.com/dp/B01KYRUBT8?tag=eloabder-20&linkCode=osi&th=1&psc=1">View Product</a></div><div class="product"><a href="https://www.amazon.com/dp/B07NJJZK3W?tag=eloabder-20&linkCode=osi&th=1&psc=1"><img src="https://m.media-amazon.com/images/I/41YNfQAjjLL._SL500_.jpg" alt="Product Image"></a><p>Swiss Arabian Layali Rouge - Luxury Products From Dubai - Lasting And Addictive Personal Perfume Oil Fragrance - A Seductive, Signature Aroma - The Luxurious Scent Of Arabia - 0.5 Oz</p><p>$23.48 ($46.96 / Fl Oz)</p><a href="https://www.amazon.com/dp/B07NJJZK3W?tag=eloabder-20&linkCode=osi&th=1&psc=1">View Product</a></div><div class="product"><a href="https://www.amazon.com/dp/B000JL7WQK?tag=eloabder-20&linkCode=osi&th=1&psc=1"><img src="https://m.media-amazon.com/images/I/41WJsYdkRbL._SL500_.jpg" alt="Product Image"></a><p>Vera Wang Princess Eau de Toilette Spray for Women, Vanilla, 3.4 Fl Ounce</p><p>$25.49 ($7.50 / Fl Oz)</p><a href="https://www.amazon.com/dp/B000JL7WQK?tag=eloabder-20&linkCode=osi&th=1&psc=1">View Product</a></div><div class="product"><a href="https://www.amazon.com/dp/B000C1Z5AW?tag=eloabder-20&linkCode=osi&th=1&psc=1"><img src="https://m.media-amazon.com/images/I/31pCnWTh3yL._SL500_.jpg" alt="Product Image"></a><p>Pleasures By Estee Lauder For Women. Eau De Parfum Spray 3.4 Ounces</p><p>$35.00 ($10.29 / Fl Oz)</p><a href="https://www.amazon.com/dp/B000C1Z5AW?tag=eloabder-20&linkCode=osi&th=1&psc=1">View Product</a></div><div class="product"><a href="https://www.amazon.com/dp/B000P22TIY?tag=eloabder-20&linkCode=osi&th=1&psc=1"><img src="https://m.media-amazon.com/images/I/31h9AoIGn3L._SL500_.jpg" alt="Product Image"></a><p>Nautica Voyage Eau De Toilette for Men - Fresh, Romantic, Fruity Scent Woody, Aquatic Notes of Apple, Water Lotus, Cedarwood, and Musk Ideal Day Wear 3.3 Fl Oz</p><p>$18.90 ($5.73 / Fl Oz)</p><a href="https://www.amazon.com/dp/B000P22TIY?tag=eloabder-20&linkCode=osi&th=1&psc=1">View Product</a></div><div class="product"><a href="https://www.amazon.com/dp/B00GZP041Y?tag=eloabder-20&linkCode=osi&th=1&psc=1"><img src="https://m.media-amazon.com/images/I/41-2Bb4gj+L._SL500_.jpg" alt="Product Image"></a><p>Versace Bright Crystal Absolu Eau de Perfume Spray, 3.0 Ounce</p><p>$52.67 ($17.56 / Fl Oz)</p><a href="https://www.amazon.com/dp/B00GZP041Y?tag=eloabder-20&linkCode=osi&th=1&psc=1">View Product</a></div>





<div class="product"><a href="https://www.amazon.com/dp/B0B2RM68G2?tag=eloabder-20&linkCode=osi&th=1&psc=1"><img src="https://m.media-amazon.com/images/I/41VafG53fjL._SL500_.jpg" alt="Product Image"></a><p>BIODANCE Bio-Collagen Real Deep Mask, Hydrating Overnight Hydrogel Mask, Pore Minimizing, Elasticity Improvement, 34g x4ea</p><p>$19.00 ($4.75 / Count)</p><a href="https://www.amazon.com/dp/B0B2RM68G2?tag=eloabder-20&linkCode=osi&th=1&psc=1">View Product</a></div><div class="product"><a href="https://www.amazon.com/dp/B00BAM7F8C?tag=eloabder-20&linkCode=osi&th=1&psc=1"><img src="https://m.media-amazon.com/images/I/51jsS9SDHeL._SL500_.jpg" alt="Product Image"></a><p>DERMAL 16 Combo Pack A Collagen Essencce Korean Face Mask - Hydrating & Soothing Facial Mask with Panthenol - Hypoallergenic Self Care Sheet Mask for All Skin Types - Natural Home Spa Treatment Masks</p><p>$11.99</p><a href="https://www.amazon.com/dp/B00BAM7F8C?tag=eloabder-20&linkCode=osi&th=1&psc=1">View Product</a></div><div class="product"><a href="https://www.amazon.com/dp/B07FPJHPX1?tag=eloabder-20&linkCode=osi&th=1&psc=1"><img src="https://m.media-amazon.com/images/I/51uNOnTpxTL._SL500_.jpg" alt="Product Image"></a><p>Celavi Essence Facial Sheet Face Mask Variety Set Classic Authentic Korean Moisturizing Skincare (12-Packs)</p><p>$9.40 ($0.78 / Count)</p><a href="https://www.amazon.com/dp/B07FPJHPX1?tag=eloabder-20&linkCode=osi&th=1&psc=1">View Product</a></div><div class="product"><a href="https://www.amazon.com/dp/B0722LVW3B?tag=eloabder-20&linkCode=osi&th=1&psc=1"><img src="https://m.media-amazon.com/images/I/51Vm0lozSIL._SL500_.jpg" alt="Product Image"></a><p>DERMAL 24 Combo Pack A Collagen Essence Korean Face Mask - Hydrating & Soothing Facial Mask with Panthenol - Hypoallergenic Self Care Sheet Mask for All Skin Types - Natural Home Spa Treatment Mask</p><p>$16.99 ($0.71 / Count)</p><a href="https://www.amazon.com/dp/B0722LVW3B?tag=eloabder-20&linkCode=osi&th=1&psc=1">View Product</a></div><div class="product"><a href="https://www.amazon.com/dp/B0D7LXSSS5?tag=eloabder-20&linkCode=osi&th=1&psc=1"><img src="https://m.media-amazon.com/images/I/41N5HKnGTtL._SL500_.jpg" alt="Product Image"></a><p>SOYUB Collagen Face Mask - Hydrating Overnight Collagen Face Mask Deep Collagen Anti Wrinkle Lifting Mask - Pure Collagen Films for Improve Elasticity Firming And Moisturizing (4pcs/1 Box)</p><p>$13.79 ($3.45 / Count)</p><a href="https://www.amazon.com/dp/B0D7LXSSS5?tag=eloabder-20&linkCode=osi&th=1&psc=1">View Product</a></div><div class="product"><a href="https://www.amazon.com/dp/B007CY2C76?tag=eloabder-20&linkCode=osi&th=1&psc=1"><img src="https://m.media-amazon.com/images/I/31-131ZWvEL._SL500_.jpg" alt="Product Image"></a><p>Freeman Dead Sea Minerals Anti-Stress Clay Facial Mask, Hydrating & Clarifying, Clears Pores, Face Mask With Lavender & Bergamot For Radiant Skin, For All Skin Types, 6 fl. oz./175 mL Tube, 1 Count</p><p>$3.86 ($0.64 / Ounce)</p><a href="https://www.amazon.com/dp/B007CY2C76?tag=eloabder-20&linkCode=osi&th=1&psc=1">View Product</a></div>



<div class="product"><a href="https://www.amazon.com/dp/B0CZXG68J4?tag=eloabder-20&linkCode=osi&th=1&psc=1"><img src="https://m.media-amazon.com/images/I/41Xkis0092L._SL500_.jpg" alt="Product Image"></a><p>CNP Honey Lip Butter (0.5 fl.oz / 15ml) - Propolis Lipcerin™, Hydrating Overnight Manuka Lip Balm & Mask, 12hrs Long-lasting Moisture, Gentle Exfoliation, Hygienic Twist Dispenser, Korean Skin Care</p><p>$17.80 ($35.60 / Fl Oz)</p><a href="https://www.amazon.com/dp/B0CZXG68J4?tag=eloabder-20&linkCode=osi&th=1&psc=1">View Product</a></div><div class="product"><a href="https://www.amazon.com/dp/B08GJH4RZV?tag=eloabder-20&linkCode=osi&th=1&psc=1"><img src="https://m.media-amazon.com/images/I/41PXqEpAI1L._SL500_.jpg" alt="Product Image"></a><p>2PCS Lip Mask Overnight, Honey&Sakura Day and Night Repair Sleeping Lip Balm, Fade Lip Lines Bee Balm, Hydrating &Prevention Dry and Crack Lip Scrubs Exfoliator</p><p>$6.49</p><a href="https://www.amazon.com/dp/B08GJH4RZV?tag=eloabder-20&linkCode=osi&th=1&psc=1">View Product</a></div><div class="product"><a href="https://www.amazon.com/dp/B07XXPHQZK?tag=eloabder-20&linkCode=osi&th=1&psc=1"><img src="https://m.media-amazon.com/images/I/31mJBoxFgQL._SL500_.jpg" alt="Product Image"></a><p>LANEIGE Lip Sleeping Mask Berry: Nourish, Hydrate, Vitamin C, Murumuru & Shea Butter, Antioxidants, Flaky, Dry Lips</p><p>$24.00 ($34.29 / Ounce)</p><a href="https://www.amazon.com/dp/B07XXPHQZK?tag=eloabder-20&linkCode=osi&th=1&psc=1">View Product</a></div><div class="product"><a href="https://www.amazon.com/dp/B07Y91BMSK?tag=eloabder-20&linkCode=osi&th=1&psc=1"><img src="https://m.media-amazon.com/images/I/51P5ul4ewsL._SL500_.jpg" alt="Product Image"></a><p>NIVEA Lip Care, Fruity Tinted Lip Balm Variety Pack, Includes Cherry, Strawberry, Blackberry and Watermelon Scents, 0.17 Oz, Pack of 4</p><p>$9.69</p><a href="https://www.amazon.com/dp/B07Y91BMSK?tag=eloabder-20&linkCode=osi&th=1&psc=1">View Product</a></div><div class="product"><a href="https://www.amazon.com/dp/B082JJ4D98?tag=eloabder-20&linkCode=osi&th=1&psc=1"><img src="https://m.media-amazon.com/images/I/41zIrQdHI5L._SL500_.jpg" alt="Product Image"></a><p>NIVEA Smoothness Lip Care, Lip Balm SPF 15, Mineral Oil Free Lip Moisturizer with Shea Butter, Jojoba Oil and Avocado Oil, 0.17 Oz, Pack of 4</p><p>$8.40</p><a href="https://www.amazon.com/dp/B082JJ4D98?tag=eloabder-20&linkCode=osi&th=1&psc=1">View Product</a></div><div class="product"><a href="https://www.amazon.com/dp/B07MBHRYTJ?tag=eloabder-20&linkCode=osi&th=1&psc=1"><img src="https://m.media-amazon.com/images/I/410u8zP2pDL._SL500_.jpg" alt="Product Image"></a><p>Palmer's Coconut Oil Formula Lip Balm Duo, All-Day Moisturization, Lip Balm Easter Basket Stuffers, Hydrates Dry, Cracked Lips (Pack of 2)</p><p>$3.10 ($1.94 / Ounce)</p><a href="https://www.amazon.com/dp/B07MBHRYTJ?tag=eloabder-20&linkCode=osi&th=1&psc=1">View Product</a></div><div class="product"><a href="https://www.amazon.com/dp/B07YG8YVQW?tag=eloabder-20&linkCode=osi&th=1&psc=1"><img src="https://m.media-amazon.com/images/I/41tKxZOfwPL._SL500_.jpg" alt="Product Image"></a><p>NIVEA Moisture Lip Care, Lip Balm Stick with Shea Butter, Jojoba Oil and Avocado Oil, 0.17 Oz, Pack of 4</p><p>$9.98</p><a href="https://www.amazon.com/dp/B07YG8YVQW?tag=eloabder-20&linkCode=osi&th=1&psc=1">View Product</a></div><div class="product"><a href="https://www.amazon.com/dp/B08C8WMPMR?tag=eloabder-20&linkCode=osi&th=1&psc=1"><img src="https://m.media-amazon.com/images/I/410NuIkftlL._SL500_.jpg" alt="Product Image"></a><p>eos Medicated Lip Balm - The Fixer | Lip Care to Repair and Protect Chapped and Dry Lips | Instant Cooling and Pain Relief with Natural Ingredients | 0.35 oz</p><p>$3.97 ($11.34 / Fl Oz)</p><a href="https://www.amazon.com/dp/B08C8WMPMR?tag=eloabder-20&linkCode=osi&th=1&psc=1">View Product</a></div>




<div class="product"><a href="https://www.amazon.com/dp/B002CMLS50?tag=eloabder-20&linkCode=osi&th=1&psc=1"><img src="https://m.media-amazon.com/images/I/314ruNgESmL._SL500_.jpg" alt="Product Image"></a><p>Moroccanoil Hydrating Styling Cream, 10.2 Fl. Oz.</p><p>$36.00 ($3.53 / Fl Oz)</p><a href="https://www.amazon.com/dp/B002CMLS50?tag=eloabder-20&linkCode=osi&th=1&psc=1">View Product</a></div><div class="product"><a href="https://www.amazon.com/dp/B0050N4DLE?tag=eloabder-20&linkCode=osi&th=1&psc=1"><img src="https://m.media-amazon.com/images/I/31-lmMmL35L._SL500_.jpg" alt="Product Image"></a><p>Garnier Fructis Style Pure Clean Styling Gel 6.8 Fl Oz, 1 Count, (Packaging May Vary)</p><p>$4.49 ($0.66 / Fl Oz)</p><a href="https://www.amazon.com/dp/B0050N4DLE?tag=eloabder-20&linkCode=osi&th=1&psc=1">View Product</a></div><div class="product"><a href="https://www.amazon.com/dp/B07KB39L6L?tag=eloabder-20&linkCode=osi&th=1&psc=1"><img src="https://m.media-amazon.com/images/I/51U76BCUc5L._SL500_.jpg" alt="Product Image"></a><p>Hair Dough Styling Clay For Men, Matte Finish Molding Hair Wax Paste Quiff, Strong Hold Without The Shine</p><p>$18.99 ($5.43 / Ounce)</p><a href="https://www.amazon.com/dp/B07KB39L6L?tag=eloabder-20&linkCode=osi&th=1&psc=1">View Product</a></div><div class="product"><a href="https://www.amazon.com/dp/B0914XZT2W?tag=eloabder-20&linkCode=osi&th=1&psc=1"><img src="https://m.media-amazon.com/images/I/417h8kM6cCL._SL500_.jpg" alt="Product Image"></a><p>Samnyte Hair Wax Stick, Wax Stick for Hair Slick Stick, Hair Wax Stick for Women Kids, Hair Gel Stick for Girls Hair Accessories for Women Fly away Hair Tamer, Hair Bun Maker for Kids Styling Cream</p><p>$7.99 ($2.96 / Fl Oz)</p><a href="https://www.amazon.com/dp/B0914XZT2W?tag=eloabder-20&linkCode=osi&th=1&psc=1">View Product</a></div>



<div class="product"><a href="https://www.amazon.com/dp/B00A8S6HM4?tag=eloabder-20&linkCode=osi&th=1&psc=1"><img src="https://m.media-amazon.com/images/I/31tIssP5CQL._SL500_.jpg" alt="Product Image"></a><p>Gold Bond Healing Hand Cream, 3 oz., With Aloe, Moisture That Lasts Through Handwashing</p><p>$3.97 ($1.32 / Ounce)</p><a href="https://www.amazon.com/dp/B00A8S6HM4?tag=eloabder-20&linkCode=osi&th=1&psc=1">View Product</a></div><div class="product"><a href="https://www.amazon.com/dp/B006UEOQ5K?tag=eloabder-20&linkCode=osi&th=1&psc=1"><img src="https://m.media-amazon.com/images/I/316StCvRHcL._SL500_.jpg" alt="Product Image"></a><p>L’Occitane Shea Butter Hand Cream 5.1 Oz: Nourishes Very Dry Hands, Protects Skin, With 20% Organic Shea Butter, Vegan, 1 Sold Every 3 Seconds*</p><p>$27.00</p><a href="https://www.amazon.com/dp/B006UEOQ5K?tag=eloabder-20&linkCode=osi&th=1&psc=1">View Product</a></div><div class="product"><a href="https://www.amazon.com/dp/B00EYOSA9G?tag=eloabder-20&linkCode=osi&th=1&psc=1"><img src="https://m.media-amazon.com/images/I/41bhc+gcG0L._SL500_.jpg" alt="Product Image"></a><p>La Roche-Posay Cicaplast Hand Cream, Instant Relief Moisturizing Dry Hands Shea Butter Lotion for Dry Cracked Hands, Non Greasy, Fragrance Free, 1.69 Fl Oz (Pack of 1)</p><p>$11.99 ($7.05 / Fl Oz)</p><a href="https://www.amazon.com/dp/B00EYOSA9G?tag=eloabder-20&linkCode=osi&th=1&psc=1">View Product</a></div><div class="product"><a href="https://www.amazon.com/dp/B00BN2UF54?tag=eloabder-20&linkCode=osi&th=1&psc=1"><img src="https://m.media-amazon.com/images/I/41JdUlyNn5L._SL500_.jpg" alt="Product Image"></a><p>CeraVe Therapeutic Hand Cream for Dry Cracked Hands With Hyaluronic Acid and Niacinamide | Fragrance Free 3 Ounce</p><p>$10.47 ($3.49 / Ounce)</p><a href="https://www.amazon.com/dp/B00BN2UF54?tag=eloabder-20&linkCode=osi&th=1&psc=1">View Product</a></div><div class="product"><a href="https://www.amazon.com/dp/B09QP658PT?tag=eloabder-20&linkCode=osi&th=1&psc=1"><img src="https://m.media-amazon.com/images/I/31W-klVFPhL._SL500_.jpg" alt="Product Image"></a><p>eos Shea Better Hand Cream - Vanilla Cashmere | Instant Hydration + Lasting Protection | 2.5 oz</p><p>$3.97 ($1.59 / Fl Oz)</p><a href="https://www.amazon.com/dp/B09QP658PT?tag=eloabder-20&linkCode=osi&th=1&psc=1">View Product</a></div><div class="product"><a href="https://www.amazon.com/dp/B00121UVU0?tag=eloabder-20&linkCode=osi&th=1&psc=1"><img src="https://m.media-amazon.com/images/I/41eeed+P5BL._SL500_.jpg" alt="Product Image"></a><p>O'Keeffe's Working Hands Hand Cream for Extremely Dry, Cracked Hands, 3.4 Ounce Jar, (Pack 1)</p><p>$8.48 ($2.49 / Ounce)</p><a href="https://www.amazon.com/dp/B00121UVU0?tag=eloabder-20&linkCode=osi&th=1&psc=1">View Product</a></div><div class="product"><a href="https://www.amazon.com/dp/B0148PKYXU?tag=eloabder-20&linkCode=osi&th=1&psc=1"><img src="https://m.media-amazon.com/images/I/41cwut0DGKL._SL500_.jpg" alt="Product Image"></a><p>O'Keeffe's Working Hands Hand Cream, Relieves and Repairs Extremely Dry Hands, 3 oz Tube, (Pack of 2)</p><p>$15.17 ($2.53 / Ounce)</p><a href="https://www.amazon.com/dp/B0148PKYXU?tag=eloabder-20&linkCode=osi&th=1&psc=1">View Product</a></div><div class="product"><a href="https://www.amazon.com/dp/B08Q1B7DVZ?tag=eloabder-20&linkCode=osi&th=1&psc=1"><img src="https://m.media-amazon.com/images/I/41KbVXj2k4L._SL500_.jpg" alt="Product Image"></a><p>Neutrogena Norwegian Formula Moisturizing Hand Cream Formulated with Glycerin for Dry, Rough Hands, Fragrance-Free Intensive Hand Lotion, 2 oz, Pack of 6</p><p>$32.94 ($2.74 / Ounce)</p><a href="https://www.amazon.com/dp/B08Q1B7DVZ?tag=eloabder-20&linkCode=osi&th=1&psc=1">View Product</a></div><div class="product"><a href="https://www.amazon.com/dp/B017WJ9HHS?tag=eloabder-20&linkCode=osi&th=1&psc=1"><img src="https://m.media-amazon.com/images/I/41m9V-aLjwL._SL500_.jpg" alt="Product Image"></a><p>Vaseline Intensive Care Healthy Hands + Stronger Nails Hand Cream 75Ml - Pack of 2</p><p>$6.00 ($1.20 / Fl Oz)</p><a href="https://www.amazon.com/dp/B017WJ9HHS?tag=eloabder-20&linkCode=osi&th=1&psc=1">View Product</a></div><div class="product"><a href="https://www.amazon.com/dp/B002PK0ROM?tag=eloabder-20&linkCode=osi&th=1&psc=1"><img src="https://m.media-amazon.com/images/I/51ACxQvzcbL._SL500_.jpg" alt="Product Image"></a><p>Burt's Bees Almond & Milk Hand Cream, 2 Oz (Package May Vary)</p><p>$8.84 ($4.42 / Ounce)</p><a href="https://www.amazon.com/dp/B002PK0ROM?tag=eloabder-20&linkCode=osi&th=1&psc=1">View Product</a></div>
<div class="product"><a href="https://www.amazon.com/dp/B08YZ7B2QC?tag=eloabder-20&linkCode=osi&th=1&psc=1"><img src="https://m.media-amazon.com/images/I/51oKaSNnAqL._SL500_.jpg" alt="Product Image"></a><p>Dr. Scholl's Dry, Cracked Skin, Ultra Hydrating Foot Mask, 3 Pairs Moisturizing Socks: Intensely Moisturizes Repairs and Softens Rough Dry Skin with Urea & Essential Oils for Dry Cracked Feet</p><p>$8.97 ($2.99 / Count)</p><a href="https://www.amazon.com/dp/B08YZ7B2QC?tag=eloabder-20&linkCode=osi&th=1&psc=1">View Product</a></div><div class="product"><a href="https://www.amazon.com/dp/B08YZBKZPB?tag=eloabder-20&linkCode=osi&th=1&psc=1"><img src="https://m.media-amazon.com/images/I/41ktbxpRfPL._SL500_.jpg" alt="Product Image"></a><p>Dr. Scholl's Dry, Cracked Foot Repair Ultra-Hydrating Foot Cream Moisturizer, 3.5 oz, Skin Care Foot Lotion with 25% Urea for Dry Cracked Feet, Heals and Moisturizes for Healthy Feet</p><p>$5.89 ($1.68 / Ounce)</p><a href="https://www.amazon.com/dp/B08YZBKZPB?tag=eloabder-20&linkCode=osi&th=1&psc=1">View Product</a></div><div class="product"><a href="https://www.amazon.com/dp/B0081C2I22?tag=eloabder-20&linkCode=osi&th=1&psc=1"><img src="https://m.media-amazon.com/images/I/41f3N9+RSFL._SL500_.jpg" alt="Product Image"></a><p>Palmer's Cocoa Butter Formula Foot Magic Moisturizing Foot Cream for Dry, Cracked Heels, Feet Moisturizer with Peppermint Oil & Vitamin E, 2.1 Ounces</p><p>$4.22 ($2.01 / Ounce)</p><a href="https://www.amazon.com/dp/B0081C2I22?tag=eloabder-20&linkCode=osi&th=1&psc=1">View Product</a></div><div class="product"><a href="https://www.amazon.com/dp/B0859JFWDT?tag=eloabder-20&linkCode=osi&th=1&psc=1"><img src="https://m.media-amazon.com/images/I/51JZjw73KSL._SL500_.jpg" alt="Product Image"></a><p>New York Biology Tea Tree Oil Foot Cream for Dry Cracked Feet, Athletes Foot, Nail Fungus, Jock Itch, Ringworm, Cracked Heels and Itchy Skin - Foot Cream - 8 oz</p><p>$9.99 ($1.25 / Ounce)</p><a href="https://www.amazon.com/dp/B0859JFWDT?tag=eloabder-20&linkCode=osi&th=1&psc=1">View Product</a></div><div class="product"><a href="https://www.amazon.com/dp/B0829DGWD5?tag=eloabder-20&linkCode=osi&th=1&psc=1"><img src="https://m.media-amazon.com/images/I/51T+i65E1rL._SL500_.jpg" alt="Product Image"></a><p>Tea Tree Oil Foot Soak with Epsom Salt - For Toenail Repair, Athletes Foot, Softens Calluses, Soothes Sore & Tired Feet, Nail Discoloration, odor Scent, Spa Pedicure Care - Made in USA 16 oz</p><p>$15.97 ($1.00 / Ounce)</p><a href="https://www.amazon.com/dp/B0829DGWD5?tag=eloabder-20&linkCode=osi&th=1&psc=1">View Product</a></div><div class="product"><a href="https://www.amazon.com/dp/B0B5FFBZ73?tag=eloabder-20&linkCode=osi&th=1&psc=1"><img src="https://m.media-amazon.com/images/I/41sofSvikeL._SL500_.jpg" alt="Product Image"></a><p>Aquaphor Repairing Foot Masks, Moisturizing Socks for Dry Feet, Hydrating Foot Care Treatment with Avocado Oil and Shea Butter, Pack of 6</p><p>$29.94 ($4.99 / Count)</p><a href="https://www.amazon.com/dp/B0B5FFBZ73?tag=eloabder-20&linkCode=osi&th=1&psc=1">View Product</a></div><div class="product"><a href="https://www.amazon.com/dp/B00VPVEVSK?tag=eloabder-20&linkCode=osi&th=1&psc=1"><img src="https://m.media-amazon.com/images/I/51WbGRy3xOL._SL500_.jpg" alt="Product Image"></a><p>Colossal Foot rasp Foot File and Callus Remover. Best Foot Care Pedicure Metal Surface Tool to Remove Hard Skin. Can be Used on Both Wet and Dry feet, High Grade Stainless Steel File</p><p>$9.99 ($9.99 / Count)</p><a href="https://www.amazon.com/dp/B00VPVEVSK?tag=eloabder-20&linkCode=osi&th=1&psc=1">View Product</a></div>

<div class="product"><a href="https://www.amazon.com/dp/B08GSTPT8Y?tag=eloabder-20&linkCode=osi&th=1&psc=1"><img src="https://m.media-amazon.com/images/I/41sX+hKcbML._SL500_.jpg" alt="Product Image"></a><p>AOA Studio Collection makeup Sponge Set Latex Free and High-definition Set of 6 makeup Wonder blender For Powder Cream and Liquid, Super Soft Wonder Beauty Cosmetic</p><p>$9.95 ($1.66 / Count)</p><a href="https://www.amazon.com/dp/B08GSTPT8Y?tag=eloabder-20&linkCode=osi&th=1&psc=1">View Product</a></div><div class="product"><a href="https://www.amazon.com/dp/B0CJFFR574?tag=eloabder-20&linkCode=osi&th=1&psc=1"><img src="https://m.media-amazon.com/images/I/41nkQ05yLcL._SL500_.jpg" alt="Product Image"></a><p>SUNGBOON EDITOR Deep Collagen Overnight Mask 37gx4ea | The real collagen 2,160,000ppb | Facial Hydrogel Masks with low molecular weight collagen for elasticity, firming, and moisturizing</p><p>$19.00 ($4.75 / Count)</p><a href="https://www.amazon.com/dp/B0CJFFR574?tag=eloabder-20&linkCode=osi&th=1&psc=1">View Product</a></div><div class="product"><a href="https://www.amazon.com/dp/B0B45LL4DD?tag=eloabder-20&linkCode=osi&th=1&psc=1"><img src="https://m.media-amazon.com/images/I/31ZNIWikbtL._SL500_.jpg" alt="Product Image"></a><p>Beauty of Joseon Revive Eye Serum with Retinal Niacinamide Correction for Puffy Eye Bags Fine Lines Dark Circles Wrinkles, Korean Skin Care 30ml, 1 fl.oz</p><p>$14.50 ($14.50 / Fl Oz)</p><a href="https://www.amazon.com/dp/B0B45LL4DD?tag=eloabder-20&linkCode=osi&th=1&psc=1">View Product</a></div><div class="product"><a href="https://www.amazon.com/dp/B0C4H1GPG1?tag=eloabder-20&linkCode=osi&th=1&psc=1"><img src="https://m.media-amazon.com/images/I/41jyzyKyY2L._SL500_.jpg" alt="Product Image"></a><p>BEAKEY Latex Free Blender Makeup Sponge for Blending, Pink Makeup Sponge Set, Soft Beauty Sponge, for Flawless Application of Liquid, Cream, and Powder Cosmetics, Pink Makeup Gifts</p><p>$6.99 ($1.40 / Count)</p><a href="https://www.amazon.com/dp/B0C4H1GPG1?tag=eloabder-20&linkCode=osi&th=1&psc=1">View Product</a></div><div class="product"><a href="https://www.amazon.com/dp/B00QPNVC0I?tag=eloabder-20&linkCode=osi&th=1&psc=1"><img src="https://m.media-amazon.com/images/I/31wV3gYUEpL._SL500_.jpg" alt="Product Image"></a><p>Real Techniques Miracle Complexion Sponge Set Duo, 2 Makeup Sponges For Liquid & Cream Makeup, Makeup Blender Sponge For Buildable Coverage, Foundation Sponge For Natural, Dewy Base, Latex-Free Foam</p><p>$7.69 ($3.84 / Count)</p><a href="https://www.amazon.com/dp/B00QPNVC0I?tag=eloabder-20&linkCode=osi&th=1&psc=1">View Product</a></div><div class="product"><a href="https://www.amazon.com/dp/B0CZYJYX4Q?tag=eloabder-20&linkCode=osi&th=1&psc=1"><img src="https://m.media-amazon.com/images/I/31hNatkE-9L._SL500_.jpg" alt="Product Image"></a><p>LANEIGE Lip Glowy Balm Mango: Hydrate, Glossy, Lightweight, Moisturize & Tint with Shea Butter</p><p>$19.00 ($54.29 / Ounce)</p><a href="https://www.amazon.com/dp/B0CZYJYX4Q?tag=eloabder-20&linkCode=osi&th=1&psc=1">View Product</a></div><div class="product"><a href="https://www.amazon.com/dp/B0CXQR14J3?tag=eloabder-20&linkCode=osi&th=1&psc=1"><img src="https://m.media-amazon.com/images/I/31RRaB6c+JL._SL500_.jpg" alt="Product Image"></a><p>e.l.f. Power Grip Dewy Setting Spray, Ultra Fine Mist Made With Hyaluronic Acid, Grips Makeup For A Hydrated, Dewy Finish, Vegan & Cruelty-Free</p><p>$10.00 ($3.70 / Fl Oz)</p><a href="https://www.amazon.com/dp/B0CXQR14J3?tag=eloabder-20&linkCode=osi&th=1&psc=1">View Product</a></div>
<div class="product"><a href="https://www.amazon.com/dp/B0057X7S7I?tag=eloabder-20&linkCode=osi&th=1&psc=1"><img src="https://m.media-amazon.com/images/I/31EGxy1hPjL._SL500_.jpg" alt="Product Image"></a><p>Rimmel Stay Glossy Lip Gloss - Non-Sticky and Lightweight Formula for Lip Color and Shine - 120 Non-Stop Glamour, .18oz</p><p>$3.97</p><a href="https://www.amazon.com/dp/B0057X7S7I?tag=eloabder-20&linkCode=osi&th=1&psc=1">View Product</a></div><div class="product"><a href="https://www.amazon.com/dp/B07MWTH3BY?tag=eloabder-20&linkCode=osi&th=1&psc=1"><img src="https://m.media-amazon.com/images/I/31xb-X48IBL._SL500_.jpg" alt="Product Image"></a><p>e.l.f. Monochromatic Multi Stick, Luxuriously Creamy & Blendable Color, For Eyes, Lips & Cheeks, Glistening Peach, 0.17 oz (5g)</p><p>$5.00</p><a href="https://www.amazon.com/dp/B07MWTH3BY?tag=eloabder-20&linkCode=osi&th=1&psc=1">View Product</a></div><div class="product"><a href="https://www.amazon.com/dp/B0CPFXMMBH?tag=eloabder-20&linkCode=osi&th=1&psc=1"><img src="https://m.media-amazon.com/images/I/21poCyHDdxL._SL500_.jpg" alt="Product Image"></a><p>e.l.f. Instant Lift Waterproof Brow Pencil, Long-Lasting Eyebrow Pencil For Grooming & Shaping Eyebrows, Vegan & Cruelty-free, Taupe</p><p>$3.00</p><a href="https://www.amazon.com/dp/B0CPFXMMBH?tag=eloabder-20&linkCode=osi&th=1&psc=1">View Product</a></div><div class="product"><a href="https://www.amazon.com/dp/B082YQ4QWW?tag=eloabder-20&linkCode=osi&th=1&psc=1"><img src="https://m.media-amazon.com/images/I/31S+aqgvx6L._SL500_.jpg" alt="Product Image"></a><p>wet n wild Mega Last High-Shine Lipstick Lip Color, Infused with Seed Oils For a Nourishing High-Shine, Buildable & Blendable Creamy Color, Cruelty-Free & Vegan - Pinky Ring</p><p>$2.28</p><a href="https://www.amazon.com/dp/B082YQ4QWW?tag=eloabder-20&linkCode=osi&th=1&psc=1">View Product</a></div><div class="product"><a href="https://www.amazon.com/dp/B0BDD7D34M?tag=eloabder-20&linkCode=osi&th=1&psc=1"><img src="https://m.media-amazon.com/images/I/51O5AVRXcUL._SL500_.jpg" alt="Product Image"></a><p>Maskiss 24k Gold Under Eye Patches (25 Pairs), eye mask, Collagen Skin Care Products, Eye Patches for Puffy Eyes, eye masks for dark circles and puffiness</p><p>$14.99 ($0.60 / Count)</p><a href="https://www.amazon.com/dp/B0BDD7D34M?tag=eloabder-20&linkCode=osi&th=1&psc=1">View Product</a></div><div class="product"><a href="https://www.amazon.com/dp/B004BCXEF6?tag=eloabder-20&linkCode=osi&th=1&psc=1"><img src="https://m.media-amazon.com/images/I/31t3gAw-N7L._SL500_.jpg" alt="Product Image"></a><p>L’Oreal Paris Makeup Voluminous Original Volume Building Waterproof Mascara, Carbon Black, 0.23 Fl Oz</p><p>$8.98</p><a href="https://www.amazon.com/dp/B004BCXEF6?tag=eloabder-20&linkCode=osi&th=1&psc=1">View Product</a></div>
<div class="product"><a href="https://www.amazon.com/dp/B0BSZ23FTF?tag=eloabder-20&linkCode=osi&th=1&psc=1"><img src="https://m.media-amazon.com/images/I/31GRN7P2p8L._SL500_.jpg" alt="Product Image"></a><p>Bubble Skincare Slam Dunk Face Moisturizer - Hydrating Face Cream for Dry Skin Made with Vitamin E + Aloe Vera Juice for a Glowing Complexion - Skin Care with Blue Light Protection (50ml)</p><p>$14.98 ($8.81 / Ounce)</p><a href="https://www.amazon.com/dp/B0BSZ23FTF?tag=eloabder-20&linkCode=osi&th=1&psc=1">View Product</a></div><div class="product"><a href="https://www.amazon.com/dp/B08T7DSZYD?tag=eloabder-20&linkCode=osi&th=1&psc=1"><img src="https://m.media-amazon.com/images/I/41WwUSxcyGL._SL500_.jpg" alt="Product Image"></a><p>e.l.f. SKIN Hydrated Ever After Skincare Mini Kit, Cleanser, Makeup Remover, Moisturiser & Eye Cream For Hydrating Skin, Airplane-Friendly Sizes</p><p>$19.99</p><a href="https://www.amazon.com/dp/B08T7DSZYD?tag=eloabder-20&linkCode=osi&th=1&psc=1">View Product</a></div><div class="product"><a href="https://www.amazon.com/dp/B0BSYX57T2?tag=eloabder-20&linkCode=osi&th=1&psc=1"><img src="https://m.media-amazon.com/images/I/31ssRlEo5QL._SL500_.jpg" alt="Product Image"></a><p>Bubble Skincare Bounce Back Balancing Facial Toner Mist - Hydrating Toner Spray + Pore Minimizer Made with Sea Water and Niacinamide to Help Improve Texture & Radiance (55ml)</p><p>$12.99 ($7.22 / Fl Oz)</p><a href="https://www.amazon.com/dp/B0BSYX57T2?tag=eloabder-20&linkCode=osi&th=1&psc=1">View Product</a></div><div class="product"><a href="https://www.amazon.com/dp/B000VPPUEA?tag=eloabder-20&linkCode=osi&th=1&psc=1"><img src="https://m.media-amazon.com/images/I/31e4JzjWhkL._SL500_.jpg" alt="Product Image"></a><p>Bio-Oil Skincare Body Oil, Vitamin E, Serum for Scars & Stretchmarks, Face & Body Moisturizer, 2 oz, All Skin Types</p><p>$11.12 ($5.56 / Fl Oz)</p><a href="https://www.amazon.com/dp/B000VPPUEA?tag=eloabder-20&linkCode=osi&th=1&psc=1">View Product</a></div><div class="product"><a href="https://www.amazon.com/dp/B0C2JPBNFX?tag=eloabder-20&linkCode=osi&th=1&psc=1"><img src="https://m.media-amazon.com/images/I/51LF1OXoo0L._SL500_.jpg" alt="Product Image"></a><p>Celavi K-Beauty Skincare Essence Facial Face Mask Korea Skin Care Moisturizing B Set 12 Pack</p><p>$9.99 ($0.83 / Count)</p><a href="https://www.amazon.com/dp/B0C2JPBNFX?tag=eloabder-20&linkCode=osi&th=1&psc=1">View Product</a></div><div class="product"><a href="https://www.amazon.com/dp/B0BSYJYQY2?tag=eloabder-20&linkCode=osi&th=1&psc=1"><img src="https://m.media-amazon.com/images/I/31aQkQwjJYL._SL500_.jpg" alt="Product Image"></a><p>Bubble Skincare Level Up Balancing Face Moisturizer - Hydrating Gel Moisturizer Formulated with Zinc PCA + Niacinamide for Improved Texture & Radiance - Skin Care for Oily or Combination Skin (50ml)</p><p>$14.99 ($8.87 / Fl Oz)</p><a href="https://www.amazon.com/dp/B0BSYJYQY2?tag=eloabder-20&linkCode=osi&th=1&psc=1">View Product</a></div><div class="product"><a href="https://www.amazon.com/dp/B0B826XRPH?tag=eloabder-20&linkCode=osi&th=1&psc=1"><img src="https://m.media-amazon.com/images/I/516nsOEA-mL._SL500_.jpg" alt="Product Image"></a><p>AURUZA Ice Face Roller and Gua Sha Set, Ice Roller for Face & Eye Puffiness Relief Beauty Facial Rollers Mold Icing Massage Skin Care Tools for Brighten Lubricate Shrink Pores Remove Fine Lines</p><p>$5.49</p><a href="https://www.amazon.com/dp/B0B826XRPH?tag=eloabder-20&linkCode=osi&th=1&psc=1">View Product</a></div><div class="product"><a href="https://www.amazon.com/dp/B0BS8Y2FLK?tag=eloabder-20&linkCode=osi&th=1&psc=1"><img src="https://m.media-amazon.com/images/I/41CX-bGjaRL._SL500_.jpg" alt="Product Image"></a><p>PEAUAMIE Under Eye Patches (30 Pairs) Gold Eye Mask and Hyaluronic Acid Eye Patches for puffy eyes,Rose Eye Masks for Dark Circles and Puffiness under eye skin care Smooth Wrinkles products</p><p>$9.99 ($0.33 / Count)</p><a href="https://www.amazon.com/dp/B0BS8Y2FLK?tag=eloabder-20&linkCode=osi&th=1&psc=1">View Product</a></div><div class="product"><a href="https://www.amazon.com/dp/B09NXS395V?tag=eloabder-20&linkCode=osi&th=1&psc=1"><img src="https://m.media-amazon.com/images/I/41ZHn0qwWwL._SL500_.jpg" alt="Product Image"></a><p>NAZANO Under Eye Patches - 60 Pcs - 24K Gold Eye Mask- Puffy Eyes & Dark Circles Treatments,Reduce Under Eye Bags and Smooth Wrinkles,Eye Skin Care Pads With Collagen,Hyaluronic Acid & Castor Oil</p><p>$8.99 ($0.30 / Count)</p><a href="https://www.amazon.com/dp/B09NXS395V?tag=eloabder-20&linkCode=osi&th=1&psc=1">View Product</a></div>
<div class="product"><a href="https://www.amazon.com/dp/B01N9SPQHQ?tag=eloabder-20&linkCode=osi&th=1&psc=1"><img src="https://m.media-amazon.com/images/I/41NHgWAaYAL._SL500_.jpg" alt="Product Image"></a><p>La Roche-Posay Toleriane Double Repair Face Moisturizer, Daily Moisturizer Face Cream with Ceramide and Niacinamide for All Skin Types, Oil Free, Fragrance Free</p><p>$23.99 ($7.10 / Fl Oz)</p><a href="https://www.amazon.com/dp/B01N9SPQHQ?tag=eloabder-20&linkCode=osi&th=1&psc=1">View Product</a></div><div class="product"><a href="https://www.amazon.com/dp/B00TTD9BRC?tag=eloabder-20&linkCode=osi&th=1&psc=1"><img src="https://m.media-amazon.com/images/I/41Kc6H7fboL._SL500_.jpg" alt="Product Image"></a><p>CeraVe Moisturizing Cream | Body and Face Moisturizer for Dry Skin | Body Cream with Hyaluronic Acid and Ceramides | Daily Moisturizer | Oil-Free | Fragrance Free | Non-Comedogenic | 19 Ounce</p><p>$17.78 ($0.94 / Ounce)</p><a href="https://www.amazon.com/dp/B00TTD9BRC?tag=eloabder-20&linkCode=osi&th=1&psc=1">View Product</a></div><div class="product"><a href="https://www.amazon.com/dp/B00NR1YQHM?tag=eloabder-20&linkCode=osi&th=1&psc=1"><img src="https://m.media-amazon.com/images/I/41yzZFTW63L._SL500_.jpg" alt="Product Image"></a><p>Neutrogena Hydro Boost Face Moisturizer with Hyaluronic Acid for Dry Skin, Oil-Free and Non-Comedogenic Water Gel Face Lotion, 1.7 oz</p><p>$13.31 ($7.83 / Ounce)</p><a href="https://www.amazon.com/dp/B00NR1YQHM?tag=eloabder-20&linkCode=osi&th=1&psc=1">View Product</a></div><div class="product"><a href="https://www.amazon.com/dp/B00HNSSPHC?tag=eloabder-20&linkCode=osi&th=1&psc=1"><img src="https://m.media-amazon.com/images/I/41rWFzQZdOL._SL500_.jpg" alt="Product Image"></a><p>Neutrogena Triple Age Repair Anti-Aging Daily Facial Moisturizer with SPF 25 Sunscreen & Vitamin C, Firming Anti-Wrinkle Face & Neck Cream for Dark Spots, Glycerin & Shea Butter, 1.7 oz</p><p>$19.56 ($11.51 / Ounce)</p><a href="https://www.amazon.com/dp/B00HNSSPHC?tag=eloabder-20&linkCode=osi&th=1&psc=1">View Product</a></div><div class="product"><a href="https://www.amazon.com/dp/B000YJ2SLG?tag=eloabder-20&linkCode=osi&th=1&psc=1"><img src="https://m.media-amazon.com/images/I/31J9bWXnQ+L._SL500_.jpg" alt="Product Image"></a><p>CeraVe Daily Moisturizing Lotion for Dry Skin | Body Lotion & Face Moisturizer with Hyaluronic Acid and Ceramides | Daily Moisturizer | Fragrance Free | Oil-Free | 12 Ounce</p><p>$13.68 ($1.14 / Fl Oz)</p><a href="https://www.amazon.com/dp/B000YJ2SLG?tag=eloabder-20&linkCode=osi&th=1&psc=1">View Product</a></div><div class="product"><a href="https://www.amazon.com/dp/B099N1LC4R?tag=eloabder-20&linkCode=osi&th=1&psc=1"><img src="https://m.media-amazon.com/images/I/41lZIG8wQNL._SL500_.jpg" alt="Product Image"></a><p>Cetaphil Face & Body Moisturizer, Hydrating Moisturizing Cream For Dry To Very Dry, Sensitive Skin, NEW 20 Oz, Fragrance Free, Non-Comedogenic, Non-Greasy (Packaging May Vary)</p><p>$15.97 ($0.80 / Ounce)</p><a href="https://www.amazon.com/dp/B099N1LC4R?tag=eloabder-20&linkCode=osi&th=1&psc=1">View Product</a></div><div class="product"><a href="https://www.amazon.com/dp/B01H20MA62?tag=eloabder-20&linkCode=osi&th=1&psc=1"><img src="https://m.media-amazon.com/images/I/41xuvNUpUML._SL500_.jpg" alt="Product Image"></a><p>Cetaphil Face & Body Moisturizer, Hydrating Moisturizing Cream for Dry to Very Dry, Sensitive Skin, NEW 16 Oz 2 Pack, Fragrance Free, Non-Comedogenic, Non-Greasy</p><p>$19.48 ($0.61 / Ounce)</p><a href="https://www.amazon.com/dp/B01H20MA62?tag=eloabder-20&linkCode=osi&th=1&psc=1">View Product</a></div><div class="product"><a href="https://www.amazon.com/dp/B01NCWV3KM?tag=eloabder-20&linkCode=osi&th=1&psc=1"><img src="https://m.media-amazon.com/images/I/41Q1ESUhSeL._SL500_.jpg" alt="Product Image"></a><p>La Roche-Posay Toleriane Double Repair UV SPF Moisturizer for Face, Daily Facial Moisturizer with Sunscreen SPF 30, Niacinamide and Glycerin, Oil Free, Moisturizing Sun Protection</p><p>$24.99 ($10.00 / Fl Oz)</p><a href="https://www.amazon.com/dp/B01NCWV3KM?tag=eloabder-20&linkCode=osi&th=1&psc=1">View Product</a></div>
<div class="product"><a href="https://www.amazon.com/dp/B07P5TMHD9?tag=eloabder-20&linkCode=osi&th=1&psc=1"><img src="https://m.media-amazon.com/images/I/51xr2lw0Y7L._SL500_.jpg" alt="Product Image"></a><p>Vitamin C Face Serum - Dark Spot Remover Facial Serum, Vit C Serum with Hyaluronic Acid, Ferulic Acid, & Vit E - Anti Aging and Skin Brightening Serum, Pure Vitamin C Serum Skin Care</p><p>$9.98</p><a href="https://www.amazon.com/dp/B07P5TMHD9?tag=eloabder-20&linkCode=osi&th=1&psc=1">View Product</a></div><div class="product"><a href="https://www.amazon.com/dp/B014PGEEO2?tag=eloabder-20&linkCode=osi&th=1&psc=1"><img src="https://m.media-amazon.com/images/I/51v+djIfQGL._SL500_.jpg" alt="Product Image"></a><p>Tree of Life Facial Serum Set for Face, Brightening, Firming, Hydrating, Dry Skin, Dermatologist Tested - Trio Power Skin Care Set, Vitamin C, Retinol and Hyaluronic Acid, 3 count of 1 Fl Oz</p><p>$19.99 ($6.66 / Fl Oz)</p><a href="https://www.amazon.com/dp/B014PGEEO2?tag=eloabder-20&linkCode=osi&th=1&psc=1">View Product</a></div><div class="product"><a href="https://www.amazon.com/dp/B08R994Q1L?tag=eloabder-20&linkCode=osi&th=1&psc=1"><img src="https://m.media-amazon.com/images/I/418KUv8uVkL._SL500_.jpg" alt="Product Image"></a><p>Good Molecules Niacinamide Serum - 10% Niacinamide Balancing B3 Facial Serum for Acne, Tone, Texture - Brightening and Hydrating Skincare for Face</p><p>$6.00</p><a href="https://www.amazon.com/dp/B08R994Q1L?tag=eloabder-20&linkCode=osi&th=1&psc=1">View Product</a></div><div class="product"><a href="https://www.amazon.com/dp/B07VWSN95S?tag=eloabder-20&linkCode=osi&th=1&psc=1"><img src="https://m.media-amazon.com/images/I/411Y0nzh9zL._SL500_.jpg" alt="Product Image"></a><p>CeraVe Retinol Serum for Post-Acne Marks and Skin Texture | Pore Refining, Resurfacing, Brightening Facial Serum with Retinol and Niacinamide | Fragrance Free, Paraben Free & Non-Comedogenic| 1 Oz</p><p>$18.68</p><a href="https://www.amazon.com/dp/B07VWSN95S?tag=eloabder-20&linkCode=osi&th=1&psc=1">View Product</a></div><div class="product"><a href="https://www.amazon.com/dp/B08L8B5JR2?tag=eloabder-20&linkCode=osi&th=1&psc=1"><img src="https://m.media-amazon.com/images/I/51Ee0RzYONL._SL500_.jpg" alt="Product Image"></a><p>Vibriance Super C Serum for Mature Skin, Made in USA, All-In-One Formula Hydrates, Firms, Lifts, Smooths, Targets Age Spots, Wrinkles, Vitamin C Serum; 1 fl oz</p><p>$32.90</p><a href="https://www.amazon.com/dp/B08L8B5JR2?tag=eloabder-20&linkCode=osi&th=1&psc=1">View Product</a></div><div class="product"><a href="https://www.amazon.com/dp/B0CLLV2T1P?tag=eloabder-20&linkCode=osi&th=1&psc=1"><img src="https://m.media-amazon.com/images/I/31ZBa-zgbjL._SL500_.jpg" alt="Product Image"></a><p>Anua 10% Niacinamide+ 4% Tranexamic Acid Serum, Ceramide, Hyaluronic Acid, Vitamin B12 natural color, for Sensitive skin, Korean Glass Skin, Fragrance-Free (30ml /1.01 fl.oz.)</p><p>$19.00 ($18.81 / Fl Oz)</p><a href="https://www.amazon.com/dp/B0CLLV2T1P?tag=eloabder-20&linkCode=osi&th=1&psc=1">View Product</a></div><div class="product"><a href="https://www.amazon.com/dp/B08TM8DLFJ?tag=eloabder-20&linkCode=osi&th=1&psc=1"><img src="https://m.media-amazon.com/images/I/41g0Mg7pRIL._SL500_.jpg" alt="Product Image"></a><p>Good Molecules Hyaluronic Acid Serum - Hydrating, Non-greasy formula to Moisturize, Plump - 1% HA, Anti-aging, Water-Based Skincare for Face</p><p>$6.00 ($6.00 / Fl Oz)</p><a href="https://www.amazon.com/dp/B08TM8DLFJ?tag=eloabder-20&linkCode=osi&th=1&psc=1">View Product</a></div><div class="product"><a href="https://www.amazon.com/dp/B01B5G45R6?tag=eloabder-20&linkCode=osi&th=1&psc=1"><img src="https://m.media-amazon.com/images/I/51JgyVg967L._SL500_.jpg" alt="Product Image"></a><p>artnaturals Anti-Aging-Set with Vitamin-C Retinol and Hyaluronic-Acid - (3 x 1 Fl Oz / 30ml) Serum for Anti Wrinkle and Dark Circle Remover – All Natural and Moisturizing</p><p>$24.95 ($8.32 / Fl Oz)</p><a href="https://www.amazon.com/dp/B01B5G45R6?tag=eloabder-20&linkCode=osi&th=1&psc=1">View Product</a></div><div class="product"><a href="https://www.amazon.com/dp/B086VKZZZY?tag=eloabder-20&linkCode=osi&th=1&psc=1"><img src="https://m.media-amazon.com/images/I/31l7jUL7jOL._SL500_.jpg" alt="Product Image"></a><p>Beauty of Joseon Glow Serum Propolis and Niacinamide Hydrating Facial Soothing Moisturizer for Irritated Uneven Skin Tone, Korean Skin Care 30ml, 1 fl.oz</p><p>$13.60 ($13.47 / Fl Oz)</p><a href="https://www.amazon.com/dp/B086VKZZZY?tag=eloabder-20&linkCode=osi&th=1&psc=1">View Product</a></div>
<div class="product"><a href="https://www.amazon.com/dp/B0CYGT3CR4?tag=eloabder-20&linkCode=osi&th=1&psc=1"><img src="https://m.media-amazon.com/images/I/51LbfzrqiUL._SL500_.jpg" alt="Product Image"></a><p>KONEUK 14 Pack Sheet Face Masks Skincare for All Skin Types, Hydrating Face Masks Suitable for Sensitive Skin, Bulk Facial Mask Set for Women Skin Care, Face Mask Gifts Set for Face Spa</p><p>$8.99 ($0.64 / Count)</p><a href="https://www.amazon.com/dp/B0CYGT3CR4?tag=eloabder-20&linkCode=osi&th=1&psc=1">View Product</a></div><div class="product"><a href="https://www.amazon.com/dp/B01N37AK8V?tag=eloabder-20&linkCode=osi&th=1&psc=1"><img src="https://m.media-amazon.com/images/I/41zyExDkGCL._SL500_.jpg" alt="Product Image"></a><p>Ebanel 10 Pack Collagen Face Mask, Instant Brightening & Hydrating Face Sheet Mask with Aloe Vera, Hyaluronic Acid, Vitamin C and E, Chamomile, Anti Aging Face Mask with Hydrolyzed Collagen, Peptide</p><p>$13.99 ($1.40 / Count)</p><a href="https://www.amazon.com/dp/B01N37AK8V?tag=eloabder-20&linkCode=osi&th=1&psc=1">View Product</a></div><div class="product"><a href="https://www.amazon.com/dp/B07C3NBJ33?tag=eloabder-20&linkCode=osi&th=1&psc=1"><img src="https://m.media-amazon.com/images/I/51DMM9KU+AL._SL500_.jpg" alt="Product Image"></a><p>GLAM UP Premium Facial Sheet Mask 12 Combo (Pack of 12) | Clean Face Masks Skincare, Hydrating Face Masks, Moisturizing, Soothing, Beauty Mask For All Skin Type Variety Beauty Mask Set</p><p>$13.20 ($1.10 / Count)</p><a href="https://www.amazon.com/dp/B07C3NBJ33?tag=eloabder-20&linkCode=osi&th=1&psc=1">View Product</a></div><div class="product"><a href="https://www.amazon.com/dp/B0B5XTMJMJ?tag=eloabder-20&linkCode=osi&th=1&psc=1"><img src="https://m.media-amazon.com/images/I/61voysA0eEL._SL500_.jpg" alt="Product Image"></a><p>Meleell Collagen Sheet Face Masks Skincare Bulk Pack,Hydrating Spa Face Mask For Sensitive Skin,Anti Aging Facial Masks Sets For Women/Teen Girls(40 Combo Pack)</p><p>$25.99 ($0.65 / Count)</p><a href="https://www.amazon.com/dp/B0B5XTMJMJ?tag=eloabder-20&linkCode=osi&th=1&psc=1">View Product</a></div><div class="product"><a href="https://www.amazon.com/dp/B0CR6NHHVL?tag=eloabder-20&linkCode=osi&th=1&psc=1"><img src="https://m.media-amazon.com/images/I/514yWBJNkFL._SL500_.jpg" alt="Product Image"></a><p>Kaely 10 Pack Variety Sheet Masks,Spa Face Masks for Kids Skin Care,Facial Mask Skincare Set Korean,Moisturize,Brighten,Nourish for All Skin Types,Birthday Gifts for Women Men Boys Girls,Set01</p><p>$8.99 ($0.90 / Count)</p><a href="https://www.amazon.com/dp/B0CR6NHHVL?tag=eloabder-20&linkCode=osi&th=1&psc=1">View Product</a></div><div class="product"><a href="https://www.amazon.com/dp/B086V843R8?tag=eloabder-20&linkCode=osi&th=1&psc=1"><img src="https://m.media-amazon.com/images/I/410evC+SQHL._SL500_.jpg" alt="Product Image"></a><p>ANAI RUI Turmeric Clay Mask - Green Tea Clay Mask - Dead Sea Minerals Mud Mask, Spa Facial Mask Set, Face Mask Gift Set 2.5 oz each</p><p>$22.99</p><a href="https://www.amazon.com/dp/B086V843R8?tag=eloabder-20&linkCode=osi&th=1&psc=1">View Product</a></div><div class="product"><a href="https://www.amazon.com/dp/B07JMTMHGS?tag=eloabder-20&linkCode=osi&th=1&psc=1"><img src="https://m.media-amazon.com/images/I/41PeKCZ7NtL._SL500_.jpg" alt="Product Image"></a><p>LAPCOS Aloe Sheet Mask, Daily Face Mask with Cucumber and Aloe Gel to Calm and Moisturize Skin, Korean Beauty Favorite, 5-Pack</p><p>$20.00 ($4.00 / count)</p><a href="https://www.amazon.com/dp/B07JMTMHGS?tag=eloabder-20&linkCode=osi&th=1&psc=1">View Product</a></div><div class="product"><a href="https://www.amazon.com/dp/B0CMQKTJDQ?tag=eloabder-20&linkCode=osi&th=1&psc=1"><img src="https://m.media-amazon.com/images/I/51oosdS4y8L._SL500_.jpg" alt="Product Image"></a><p>VESPRO 100 Pack Collagen Essence Sheet Facial Masks, Bulk Face Masks Skincare, Hydrating Face Masks for All Skin Types, Moisturizing and Soothing, Natural Skin Care Spa Face Mask</p><p>$45.99 ($0.46 / Count)</p><a href="https://www.amazon.com/dp/B0CMQKTJDQ?tag=eloabder-20&linkCode=osi&th=1&psc=1">View Product</a></div><div class="product"><a href="https://www.amazon.com/dp/B0B41LVMJ3?tag=eloabder-20&linkCode=osi&th=1&psc=1"><img src="https://m.media-amazon.com/images/I/51xduFirI6L._SL500_.jpg" alt="Product Image"></a><p>#OOTD Collagen Hydrating Sheet Masks for Face Korean Anti Aging Mask Sheet for Dry Skin & Sensitive Skin, EVE Vegan, Not Tested on Animals, No Parabens, No Sulfates, Hyaluronic Acid, Witch Hazel 10EA</p><p>$18.00 ($1.80 / Count)</p><a href="https://www.amazon.com/dp/B0B41LVMJ3?tag=eloabder-20&linkCode=osi&th=1&psc=1">View Product</a></div>
<div class="product"><a href="https://www.amazon.com/dp/B01N34XW93?tag=eloabder-20&linkCode=osi&th=1&psc=1"><img src="https://m.media-amazon.com/images/I/31OMOTCxlmL._SL500_.jpg" alt="Product Image"></a><p>La Roche-Posay Toleriane Purifying Foaming Facial Cleanser, Oil Free Face Wash for Oily Skin and for Sensitive Skin with Niacinamide, Pore Cleanser Won’t Dry Out Skin, Unscented</p><p>$17.99 ($1.33 / Fl Oz)</p><a href="https://www.amazon.com/dp/B01N34XW93?tag=eloabder-20&linkCode=osi&th=1&psc=1">View Product</a></div><div class="product"><a href="https://www.amazon.com/dp/B01MSSDEPK?tag=eloabder-20&linkCode=osi&th=1&psc=1"><img src="https://m.media-amazon.com/images/I/41YuSwjJUIL._SL500_.jpg" alt="Product Image"></a><p>CeraVe Hydrating Facial Cleanser | Moisturizing Face Wash For Dry Skin | Hyaluronic Acid + Ceramides + Glycerin | Hydrating Cleanser For Normal To Dry Skin | National Eczema Assosiation Certified</p><p>$15.48 ($0.97 / Fl Oz)</p><a href="https://www.amazon.com/dp/B01MSSDEPK?tag=eloabder-20&linkCode=osi&th=1&psc=1">View Product</a></div><div class="product"><a href="https://www.amazon.com/dp/B01N7T7JKJ?tag=eloabder-20&linkCode=osi&th=1&psc=1"><img src="https://m.media-amazon.com/images/I/31VXK3y1KYL._SL500_.jpg" alt="Product Image"></a><p>La Roche-Posay Toleriane Hydrating Gentle Face Cleanser, Daily Facial Cleanser with Niacinamide and Ceramides for Sensitive Skin, Moisturizing Face Wash for Normal to Dry Skin, Fragrance Free</p><p>$17.99 ($1.33 / Fl Oz)</p><a href="https://www.amazon.com/dp/B01N7T7JKJ?tag=eloabder-20&linkCode=osi&th=1&psc=1">View Product</a></div><div class="product"><a href="https://www.amazon.com/dp/B01N1LL62W?tag=eloabder-20&linkCode=osi&th=1&psc=1"><img src="https://m.media-amazon.com/images/I/41kwN8dWWzL._SL500_.jpg" alt="Product Image"></a><p>CeraVe Foaming Facial Cleanser | Daily Face Wash for Oily Skin with Hyaluronic Acid, Ceramides, and Niacinamide| Fragrance Free | 16 Fluid Ounce</p><p>$15.19 ($0.95 / Fl Oz)</p><a href="https://www.amazon.com/dp/B01N1LL62W?tag=eloabder-20&linkCode=osi&th=1&psc=1">View Product</a></div><div class="product"><a href="https://www.amazon.com/dp/B00U1YCRD8?tag=eloabder-20&linkCode=osi&th=1&psc=1"><img src="https://m.media-amazon.com/images/I/31LVb8KvKwL._SL500_.jpg" alt="Product Image"></a><p>CeraVe SA Cleanser | Salicylic Acid Cleanser with Hyaluronic Acid, Niacinamide & Ceramides| BHA Exfoliant for Face | Fragrance Free Non-Comedogenic | 8 Ounce</p><p>$12.37 ($1.55 / Ounce)</p><a href="https://www.amazon.com/dp/B00U1YCRD8?tag=eloabder-20&linkCode=osi&th=1&psc=1">View Product</a></div><div class="product"><a href="https://www.amazon.com/dp/B0BVV8BNYJ?tag=eloabder-20&linkCode=osi&th=1&psc=1"><img src="https://m.media-amazon.com/images/I/31tSZvBReoL._SL500_.jpg" alt="Product Image"></a><p>ANUA Heartleaf Quercetinol Pore Deep Cleansing Foam, Facial Cleanser, for Double Cleansing, BHA, Hyaluronic Acid, Glycerin, Face Wash, Blackhead Remover, Korean Skincare (150ml/5.07 fl.oz.)</p><p>$13.00 ($2.56 / Fl Oz)</p><a href="https://www.amazon.com/dp/B0BVV8BNYJ?tag=eloabder-20&linkCode=osi&th=1&psc=1">View Product</a></div><div class="product"><a href="https://www.amazon.com/dp/B00QY1XZ4W?tag=eloabder-20&linkCode=osi&th=1&psc=1"><img src="https://m.media-amazon.com/images/I/319pG+OQZxL._SL500_.jpg" alt="Product Image"></a><p>Vanicream Gentle Facial Cleanser with Pump Dispenser - 8 fl oz - Formulated Without Common Irritants for Those with Sensitive Skin</p><p>$8.86 ($1.11 / Fl Oz)</p><a href="https://www.amazon.com/dp/B00QY1XZ4W?tag=eloabder-20&linkCode=osi&th=1&psc=1">View Product</a></div><div class="product"><a href="https://www.amazon.com/dp/B016NRXO06?tag=eloabder-20&linkCode=osi&th=1&psc=1"><img src="https://m.media-amazon.com/images/I/31jSFIvh2TS._SL500_.jpg" alt="Product Image"></a><p>COSRX Low pH Good Morning Gel Cleanser, Daily Mild Face Cleanser for Sensitive Skin with BHA & Tea-Tree Oil, PH Balancing, Korean Skincare (5.07fl.oz/150ml)</p><p>$11.49 ($2.27 / Fl Oz)</p><a href="https://www.amazon.com/dp/B016NRXO06?tag=eloabder-20&linkCode=osi&th=1&psc=1">View Product</a></div><div class="product"><a href="https://www.amazon.com/dp/B09Y4HHY1P?tag=eloabder-20&linkCode=osi&th=1&psc=1"><img src="https://m.media-amazon.com/images/I/41Crw80Q3yL._SL500_.jpg" alt="Product Image"></a><p>Cetaphil Face Wash, Daily Facial Cleanser for Sensitive, Combination to Oily Skin, NEW 16 oz, Fragrance Free, Gentle Foaming, Soap Free, Hypoallergenic (Packaging May Vary)</p><p>$11.97 ($0.75 / Fl Oz)</p><a href="https://www.amazon.com/dp/B09Y4HHY1P?tag=eloabder-20&linkCode=osi&th=1&psc=1">View Product</a></div><div class="product"><a href="https://www.amazon.com/dp/B0BN2PX8V3?tag=eloabder-20&linkCode=osi&th=1&psc=1"><img src="https://m.media-amazon.com/images/I/31n4TECLwuL._SL500_.jpg" alt="Product Image"></a><p>ANUA Heartleaf Pore Control Cleansing Oil, Oil Cleanser for Face, Makeup Blackhead Remover, Korean Skin Care 6.76 fl oz(200ml) (original)</p><p>$17.69 ($2.64 / Fl Oz)</p><a href="https://www.amazon.com/dp/B0BN2PX8V3?tag=eloabder-20&linkCode=osi&th=1&psc=1">View Product</a></div>
<div class="product"><a href="https://www.amazon.com/dp/B08CMS8P67?tag=eloabder-20&linkCode=osi&th=1&psc=1"><img src="https://m.media-amazon.com/images/I/31LVyuSsJEL._SL500_.jpg" alt="Product Image"></a><p>Anua Heartleaf 77 Soothing Toner I pH 5.5 Trouble Care, Calming Skin, Refreshing, Hydrating, Purifying, Cruelty Free, Vegan,(250ml / 8.45 fl.oz.)</p><p>$19.69 ($2.33 / Fl Oz)</p><a href="https://www.amazon.com/dp/B08CMS8P67?tag=eloabder-20&linkCode=osi&th=1&psc=1">View Product</a></div><div class="product"><a href="https://www.amazon.com/dp/B09LKXR62L?tag=eloabder-20&linkCode=osi&th=1&psc=1"><img src="https://m.media-amazon.com/images/I/31D6ydy59dL._SL500_.jpg" alt="Product Image"></a><p>CeraVe Hydrating Toner for Face Non-Alcoholic with Hyaluronic Acid, Niacinamide, and Ceramides for Sensitive Dry Skin, Fragrance-Free Non Comedogenic, Full Size, 6.8 Fl Oz</p><p>$9.86 ($1.45 / Ounce)</p><a href="https://www.amazon.com/dp/B09LKXR62L?tag=eloabder-20&linkCode=osi&th=1&psc=1">View Product</a></div><div class="product"><a href="https://www.amazon.com/dp/B0CG1H8YRS?tag=eloabder-20&linkCode=osi&th=1&psc=1"><img src="https://m.media-amazon.com/images/I/31OZES5j9LL._SL500_.jpg" alt="Product Image"></a><p>TIRTIR Milk Skin Rice Toner | Deep Moisturizing, Instant Glow, 2% Niacinamide, Rice Bran Extract, Ceramide, Panthenol, Cruelty-Free, Fungal Acne Friendly, Vegan, 5.07 fl.oz.</p><p>$24.99 ($4.93 / Fl Oz)</p><a href="https://www.amazon.com/dp/B0CG1H8YRS?tag=eloabder-20&linkCode=osi&th=1&psc=1">View Product</a></div><div class="product"><a href="https://www.amazon.com/dp/B007HD570Q?tag=eloabder-20&linkCode=osi&th=1&psc=1"><img src="https://m.media-amazon.com/images/I/31uC8ENEVqL._SL500_.jpg" alt="Product Image"></a><p>Thayers Alcohol-Free, Hydrating Rose Petal Witch Hazel Facial Toner with Aloe Vera Formula, Vegan, Dermatologist Tested and Recommended, 12 Oz</p><p>$10.53 ($0.88 / Fl Oz)</p><a href="https://www.amazon.com/dp/B007HD570Q?tag=eloabder-20&linkCode=osi&th=1&psc=1">View Product</a></div><div class="product"><a href="https://www.amazon.com/dp/B01LZK411L?tag=eloabder-20&linkCode=osi&th=1&psc=1"><img src="https://m.media-amazon.com/images/I/31la+He5vRL._SL500_.jpg" alt="Product Image"></a><p>ACWELL Licorice pH Balancing Korean Toner for Cleansing 5.07 fl.oz. - Alcohol-Free PH5.5 Hydrating Facial Astringent - Skin Clarifying & Hydration Boosting Toner</p><p>$16.00 ($3.14 / Fl Oz)</p><a href="https://www.amazon.com/dp/B01LZK411L?tag=eloabder-20&linkCode=osi&th=1&psc=1">View Product</a></div><div class="product"><a href="https://www.amazon.com/dp/B07BYJF7L7?tag=eloabder-20&linkCode=osi&th=1&psc=1"><img src="https://m.media-amazon.com/images/I/31+G3Xc+J7L._SL500_.jpg" alt="Product Image"></a><p>SOME BY MI AHA BHA PHA 30 Days Miracle Toner - 5.07Oz, 150ml - Made from Tea Tree Water for Sensitive Skin - Mild Exfoliating Daily Face Toner - Skin Wastes, Sebum and Oiliness Care - Korean Skin Care</p><p>$12.00 ($2.37 / Fl Oz)</p><a href="https://www.amazon.com/dp/B07BYJF7L7?tag=eloabder-20&linkCode=osi&th=1&psc=1">View Product</a></div><div class="product"><a href="https://www.amazon.com/dp/B00LO2RO7K?tag=eloabder-20&linkCode=osi&th=1&psc=1"><img src="https://m.media-amazon.com/images/I/31Wb52+KYzL._SL500_.jpg" alt="Product Image"></a><p>La Roche-Posay Effaclar Clarifying Solution Acne Toner with Salicylic Acid and Glycolic Acid, Pore Refining Oily Skin Toner, Gentle Exfoliant to Unclog Pores and Remove Dead Skin Cells</p><p>$16.99 ($2.51 / Fl Oz)</p><a href="https://www.amazon.com/dp/B00LO2RO7K?tag=eloabder-20&linkCode=osi&th=1&psc=1">View Product</a></div><div class="product"><a href="https://www.amazon.com/dp/B008EPPIQ4?tag=eloabder-20&linkCode=osi&th=1&psc=1"><img src="https://m.media-amazon.com/images/I/31-lQL0AkZL._SL500_.jpg" alt="Product Image"></a><p>Paula's Choice Skin Balancing Pore-Reducing Toner for Combination and Oily Skin, Minimizes Large Pores, 6.4 Fluid Ounce Bottle</p><p>$26.00 ($4.06 / Fl Oz)</p><a href="https://www.amazon.com/dp/B008EPPIQ4?tag=eloabder-20&linkCode=osi&th=1&psc=1">View Product</a></div><div class="product"><a href="https://www.amazon.com/dp/B073P6BPF5?tag=eloabder-20&linkCode=osi&th=1&psc=1"><img src="https://m.media-amazon.com/images/I/31hqlVDLizL._SL500_.jpg" alt="Product Image"></a><p>COSRX AHA/BHA Clarifying Treatment Toner, 5.07 fl.oz / 150ml | Exfoliating Facial Spray | Korean Skin Care, Hydrating, Mild Exfoliation, Vegan, Animal Testing Free, Paraben Free</p><p>$10.75 ($2.11 / Fl Oz)</p><a href="https://www.amazon.com/dp/B073P6BPF5?tag=eloabder-20&linkCode=osi&th=1&psc=1">View Product</a></div>
<div class="product"><a href="https://www.amazon.com/dp/B07C5SS6YD?tag=eloabder-20&linkCode=osi&th=1&psc=1"><img src="https://m.media-amazon.com/images/I/31tzIszvgAL._SL500_.jpg" alt="Product Image"></a><p>Paula's Choice Skin Perfecting 2% BHA Liquid Salicylic Acid Exfoliant, Gentle Facial Exfoliator for Blackheads, Large Pores, Wrinkles & Fine Lines, Travel Size, 1 Fluid Ounce</p><p>$14.00</p><a href="https://www.amazon.com/dp/B07C5SS6YD?tag=eloabder-20&linkCode=osi&th=1&psc=1">View Product</a></div><div class="product"><a href="https://www.amazon.com/dp/B07VW3YSWH?tag=eloabder-20&linkCode=osi&th=1&psc=1"><img src="https://m.media-amazon.com/images/I/410j9ZFktHL._SL500_.jpg" alt="Product Image"></a><p>Tree Hut Vitamin C Shea Sugar Scrub, 18 oz, Ultra Hydrating and Exfoliating Scrub for Nourishing Essential Body Care</p><p>$8.94 ($0.50 / Ounce)</p><a href="https://www.amazon.com/dp/B07VW3YSWH?tag=eloabder-20&linkCode=osi&th=1&psc=1">View Product</a></div><div class="product"><a href="https://www.amazon.com/dp/B07NHZP4FW?tag=eloabder-20&linkCode=osi&th=1&psc=1"><img src="https://m.media-amazon.com/images/I/41znKaYV17L._SL500_.jpg" alt="Product Image"></a><p>Seraphic Skincare (Original) Premium Exfoliating Mitt for Body (2pc) – 100% Vegan Viscose Traditional Body Scrub Glove Kessa Korean Washcloth – Body Exfoliator for Self-Tan Removal & Keratosis Pilaris</p><p>$12.99 ($6.50 / Count)</p><a href="https://www.amazon.com/dp/B07NHZP4FW?tag=eloabder-20&linkCode=osi&th=1&psc=1">View Product</a></div><div class="product"><a href="https://www.amazon.com/dp/B001VMJSCW?tag=eloabder-20&linkCode=osi&th=1&psc=1"><img src="https://m.media-amazon.com/images/I/31N7x4-aJAL._SL500_.jpg" alt="Product Image"></a><p>Dermalogica Daily Microfoliant, Face Exfoliator Scrub Powder with Salicylic Acid and Papaya Enzyme, Achieve Brighter, Smoother Skin Daily, 0.45 Oz</p><p>$19.00 ($42.22 / Ounce)</p><a href="https://www.amazon.com/dp/B001VMJSCW?tag=eloabder-20&linkCode=osi&th=1&psc=1">View Product</a></div><div class="product"><a href="https://www.amazon.com/dp/B09Q88TVGJ?tag=eloabder-20&linkCode=osi&th=1&psc=1"><img src="https://m.media-amazon.com/images/I/31jQFJt0t7L._SL500_.jpg" alt="Product Image"></a><p>tingl Face and Body Exfoliator Pads - Anti Aging Acne Treatment with Glycolic Acid, Lactic Acid, and Salicylic Acid - Pore Minimizer, Oil Cleanser, Blackhead Remover and Skin Exfoliator in One</p><p>$38.00 ($38.00 / Count)</p><a href="https://www.amazon.com/dp/B09Q88TVGJ?tag=eloabder-20&linkCode=osi&th=1&psc=1">View Product</a></div><div class="product"><a href="https://www.amazon.com/dp/B0BNWXFH3P?tag=eloabder-20&linkCode=osi&th=1&psc=1"><img src="https://m.media-amazon.com/images/I/51HkdST1FCL._SL500_.jpg" alt="Product Image"></a><p>Dermasuri Deep Exfoliating Glove for Shower - Exfoliating Mitt Body Scrubber - Skin Exfoliator & Dead Skin Remover - Keratosis Pilaris Scrub - Spray Tan Remover - Korean Skincare for Body (2 Pack)</p><p>$19.99 ($10.00 / Count)</p><a href="https://www.amazon.com/dp/B0BNWXFH3P?tag=eloabder-20&linkCode=osi&th=1&psc=1">View Product</a></div><div class="product"><a href="https://www.amazon.com/dp/B076DSRB6B?tag=eloabder-20&linkCode=osi&th=1&psc=1"><img src="https://m.media-amazon.com/images/I/51lTK55c5UL._SL500_.jpg" alt="Product Image"></a><p>Himalayan Salt Scrub Face Foot & Body Exfoliator Infused with Collagen and Stem Cell Natural Exfoliating Salt Body Scrub for Toning Cellulite Skin Care by M3 Naturals</p><p>$25.81 ($2.15 / Ounce)</p><a href="https://www.amazon.com/dp/B076DSRB6B?tag=eloabder-20&linkCode=osi&th=1&psc=1">View Product</a></div><div class="product"><a href="https://www.amazon.com/dp/B004GEV9JW?tag=eloabder-20&linkCode=osi&th=1&psc=1"><img src="https://m.media-amazon.com/images/I/41MgyDfHXfL._SL500_.jpg" alt="Product Image"></a><p>Buf-Puf Gentle Facial Sponge, Dermatologist Developed, Removes Deep Down Dirt & Makeup That Causes Breakouts and Blackheads, Reusable, Exfoliating, 1 Count</p><p>$8.71</p><a href="https://www.amazon.com/dp/B004GEV9JW?tag=eloabder-20&linkCode=osi&th=1&psc=1">View Product</a></div><div class="product"><a href="https://www.amazon.com/dp/B0000632EN?tag=eloabder-20&linkCode=osi&th=1&psc=1"><img src="https://m.media-amazon.com/images/I/314AH1Zo0lL._SL500_.jpg" alt="Product Image"></a><p>Aveeno Positively Radiant Exfoliating Facial Scrub, Brightening Face Scrub with Soy Extract to Visibly Improve Skin Tone and Texture, Oil-Free, Soap-Free, Hypoallergenic Formula, 5 FL OZ</p><p>$7.97 ($1.59 / Ounce)</p><a href="https://www.amazon.com/dp/B0000632EN?tag=eloabder-20&linkCode=osi&th=1&psc=1">View Product</a></div>
<div class="product"><a href="https://www.amazon.com/dp/B005IHT94S?tag=eloabder-20&linkCode=osi&th=1&psc=1"><img src="https://m.media-amazon.com/images/I/31YAXVCRMAL._SL500_.jpg" alt="Product Image"></a><p>Neutrogena Ultra Sheer Dry-Touch Water Resistant and Non-Greasy Sunscreen Lotion with Broad Spectrum SPF 70, 3 Fl Oz (Pack of 1)</p><p>$9.88 ($3.29 / Fl Oz)</p><a href="https://www.amazon.com/dp/B005IHT94S?tag=eloabder-20&linkCode=osi&th=1&psc=1">View Product</a></div><div class="product"><a href="https://www.amazon.com/dp/B078BC1NJ6?tag=eloabder-20&linkCode=osi&th=1&psc=1"><img src="https://m.media-amazon.com/images/I/51V4LMN2zEL._SL500_.jpg" alt="Product Image"></a><p>Coppertone Sport Sunscreen Spray SPF 50, Water Resistant Spray Sunscreen, Broad Spectrum SPF 50 Sunscreen, Bulk Sunscreen Pack, 5.5 Oz Bottle, Pack of 3</p><p>$20.63 ($1.25 / Ounce)</p><a href="https://www.amazon.com/dp/B078BC1NJ6?tag=eloabder-20&linkCode=osi&th=1&psc=1">View Product</a></div><div class="product"><a href="https://www.amazon.com/dp/B01MQXX9US?tag=eloabder-20&linkCode=osi&th=1&psc=1"><img src="https://m.media-amazon.com/images/I/41Zi7BP15NL._SL500_.jpg" alt="Product Image"></a><p>Banana Boat Sport Ultra SPF 50 Sunscreen Spray Twin Pack | Banana Boat Sunscreen Spray SPF 50, Spray On Sunscreen, Water Resistant Sunscreen, Oxybenzone Free Sunscreen Pack, 6oz each</p><p>$13.97 ($1.16 / Ounce)</p><a href="https://www.amazon.com/dp/B01MQXX9US?tag=eloabder-20&linkCode=osi&th=1&psc=1">View Product</a></div><div class="product"><a href="https://www.amazon.com/dp/B00AEN4QZ8?tag=eloabder-20&linkCode=osi&th=1&psc=1"><img src="https://m.media-amazon.com/images/I/31QMrCJPoeL._SL500_.jpg" alt="Product Image"></a><p>Neutrogena Beach Defense Water-Resistant Face & Body SPF 70 Sunscreen Lotion with Broad Spectrum UVA/UVB Protection, Oil-Free Fast-Absorbing Sunscreen Lotion, Oxybenzone-Free, 6.7 oz</p><p>$9.60 ($1.43 / Fl Oz)</p><a href="https://www.amazon.com/dp/B00AEN4QZ8?tag=eloabder-20&linkCode=osi&th=1&psc=1">View Product</a></div><div class="product"><a href="https://www.amazon.com/dp/B076GZX3KL?tag=eloabder-20&linkCode=osi&th=1&psc=1"><img src="https://m.media-amazon.com/images/I/41BQoEZMuTL._SL500_.jpg" alt="Product Image"></a><p>Neutrogena Sunscreen Spray, Ultra Sheer ® Body Mist, Broad Spectrum SPF 70, Non-Greasy Water Resistant Body Sunscreen Mist, Non-Comedogenic, 5 oz (Pack of 3)</p><p>$22.60 ($1.51 / Ounce)</p><a href="https://www.amazon.com/dp/B076GZX3KL?tag=eloabder-20&linkCode=osi&th=1&psc=1">View Product</a></div><div class="product"><a href="https://www.amazon.com/dp/B004D2DR0Q?tag=eloabder-20&linkCode=osi&th=1&psc=1"><img src="https://m.media-amazon.com/images/I/41QwzCWNnFL._SL500_.jpg" alt="Product Image"></a><p>Neutrogena Ultra Sheer Dry-Touch Water Resistant and Non-Greasy Sunscreen Lotion with Broad Spectrum SPF 45, TSA-Compliant travel Size, 3 Fl Oz, Pack of 2, 6 Fl Oz</p><p>$13.99 ($2.33 / Fl Oz)</p><a href="https://www.amazon.com/dp/B004D2DR0Q?tag=eloabder-20&linkCode=osi&th=1&psc=1">View Product</a></div><div class="product"><a href="https://www.amazon.com/dp/B002CML1VG?tag=eloabder-20&linkCode=osi&th=1&psc=1"><img src="https://m.media-amazon.com/images/I/41ufC4L5QQL._SL500_.jpg" alt="Product Image"></a><p>La Roche-Posay Anthelios Melt-In Milk Sunscreen SPF 60 | Sunscreen For Body & Face | Broad Spectrum SPF + Antioxidants | Oil Free Sunscreen Lotion | Lightweight & Fast Absorbing | Oxybenzone Free</p><p>$37.99 ($7.60 / Fl Oz)</p><a href="https://www.amazon.com/dp/B002CML1VG?tag=eloabder-20&linkCode=osi&th=1&psc=1">View Product</a></div><div class="product"><a href="https://www.amazon.com/dp/B00B81XR1Y?tag=eloabder-20&linkCode=osi&th=1&psc=1"><img src="https://m.media-amazon.com/images/I/41NtDXr-dML._SL500_.jpg" alt="Product Image"></a><p>Banana Boat Sport Ultra SPF 30 Sunscreen Spray Twin Pack | Banana Boat Sunscreen Spray SPF 30, Spray On Sunscreen, Water Resistant Sunscreen, Oxybenzone Free Sunscreen Pack, 6oz each</p><p>$13.47 ($1.12 / Ounce)</p><a href="https://www.amazon.com/dp/B00B81XR1Y?tag=eloabder-20&linkCode=osi&th=1&psc=1">View Product</a></div><div class="product"><a href="https://www.amazon.com/dp/B07X1YDGSF?tag=eloabder-20&linkCode=osi&th=1&psc=1"><img src="https://m.media-amazon.com/images/I/31PSmI7nKIL._SL500_.jpg" alt="Product Image"></a><p>Neutrogena Beach Defense Sunscreen Spray SPF 50 Water-Resistant Body Spray with Broad Spectrum , PABA-Free, Oxybenzone-Free & Fast-Drying, Superior Sun Protection, 6.5 oz, Transparent</p><p>$9.88 ($1.52 / Ounce)</p><a href="https://www.amazon.com/dp/B07X1YDGSF?tag=eloabder-20&linkCode=osi&th=1&psc=1">View Product</a></div>
<div class="product"><a href="https://www.amazon.com/dp/B00JJPMXDO?tag=eloabder-20&linkCode=osi&th=1&psc=1"><img src="https://m.media-amazon.com/images/I/41xUbY21ojL._SL500_.jpg" alt="Product Image"></a><p>CeraVe Eye Repair Cream | Under Eye Cream For Puffiness And Bags Under Eyes | Hyaluronic Acid + Niacinamide + Marine Botanical Complex | Hydrating Eye Cream | Oil Free & Opthalmologist Tested</p><p>$13.43 ($26.86 / Ounce)</p><a href="https://www.amazon.com/dp/B00JJPMXDO?tag=eloabder-20&linkCode=osi&th=1&psc=1">View Product</a></div><div class="product"><a href="https://www.amazon.com/dp/B0B3GCCRVH?tag=eloabder-20&linkCode=osi&th=1&psc=1"><img src="https://m.media-amazon.com/images/I/41EdCdrw-AL._SL500_.jpg" alt="Product Image"></a><p>CeraVe Skin Renewing Eye Cream For Wrinkles | Under Eye Cream With Peptides + Caffeine + Niacinamide | Anti Aging Eye Cream For Wrinkles & Crows Feet | Paraben Free & Opthalmologist Tested</p><p>$18.49 ($36.98 / Ounce)</p><a href="https://www.amazon.com/dp/B0B3GCCRVH?tag=eloabder-20&linkCode=osi&th=1&psc=1">View Product</a></div><div class="product"><a href="https://www.amazon.com/dp/B00005333I?tag=eloabder-20&linkCode=osi&th=1&psc=1"><img src="https://m.media-amazon.com/images/I/31webfO63dL._SL500_.jpg" alt="Product Image"></a><p>L'Oreal Paris Dermo-Expertise Eye Defense Eye Cream with Caffeine and Hyaluronic Acid 0.5 oz</p><p>$12.27 ($24.54 / Ounce)</p><a href="https://www.amazon.com/dp/B00005333I?tag=eloabder-20&linkCode=osi&th=1&psc=1">View Product</a></div><div class="product"><a href="https://www.amazon.com/dp/B0CZJ8N83D?tag=eloabder-20&linkCode=osi&th=1&psc=1"><img src="https://m.media-amazon.com/images/I/31fQO3OHiML._SL500_.jpg" alt="Product Image"></a><p>PRIME PROMETICS PrimeEyes Hydrate Under Eye Cream for Mature Women – Hydrating Eye Cream for Dark Circles and Wrinkle Repair – Soft, Glowing & Healthy Under Eyes</p><p>$62.00</p><a href="https://www.amazon.com/dp/B0CZJ8N83D?tag=eloabder-20&linkCode=osi&th=1&psc=1">View Product</a></div><div class="product"><a href="https://www.amazon.com/dp/B0009RFB76?tag=eloabder-20&linkCode=osi&th=1&psc=1"><img src="https://m.media-amazon.com/images/I/31M2iQDNDOL._SL500_.jpg" alt="Product Image"></a><p>RoC Retinol Correxion Under Eye Cream for Dark Circles & Puffiness, Daily Wrinkle Cream, Anti Aging Line Smoothing Skin Care Treatment for Women and Men, 0.5 oz (Packaging May Vary)</p><p>$19.77 ($39.54 / Fl Oz)</p><a href="https://www.amazon.com/dp/B0009RFB76?tag=eloabder-20&linkCode=osi&th=1&psc=1">View Product</a></div><div class="product"><a href="https://www.amazon.com/dp/B0D3TG6MN3?tag=eloabder-20&linkCode=osi&th=1&psc=1"><img src="https://m.media-amazon.com/images/I/21-DQIJf5xL._SL500_.jpg" alt="Product Image"></a><p>Dr.Melaxin Eyephalt Eyebag Cream for Puffiness, Dark Circles&Fine Lines | EGF Anti-Aging Under Eye Moisturizer with Niacinamide&Ceramide 0.33 fl.oz.</p><p>$59.00 ($178.79 / Fl Oz)</p><a href="https://www.amazon.com/dp/B0D3TG6MN3?tag=eloabder-20&linkCode=osi&th=1&psc=1">View Product</a></div><div class="product"><a href="https://www.amazon.com/dp/B07CKJRJXB?tag=eloabder-20&linkCode=osi&th=1&psc=1"><img src="https://m.media-amazon.com/images/I/31pJCzbhXrL._SL500_.jpg" alt="Product Image"></a><p>No7 Lift & Luminate Triple Action Eye Cream - Anti-Aging Under Eye Cream for Dark Circles, Puffiness & Wrinkles - Formulated with Vitamin C to Brighten and Refresh Tired Eyes (0.5 Fl Oz)</p><p>$15.99</p><a href="https://www.amazon.com/dp/B07CKJRJXB?tag=eloabder-20&linkCode=osi&th=1&psc=1">View Product</a></div>
<div class="product"><a href="https://www.amazon.com/dp/B0BBSP2JNQ?tag=eloabder-20&linkCode=osi&th=1&psc=1"><img src="https://m.media-amazon.com/images/I/51qb7tiAJgL._SL500_.jpg" alt="Product Image"></a><p>SimplyVital Face Moisturizer Collagen Cream - Anti Aging Neck and Décolleté - Made in USA Day & Night Face Cream - Moisturizing, Lifting & Recovery – 1.7oz</p><p>$22.89 ($13.46 / Fl Oz)</p><a href="https://www.amazon.com/dp/B0BBSP2JNQ?tag=eloabder-20&linkCode=osi&th=1&psc=1">View Product</a></div><div class="product"><a href="https://www.amazon.com/dp/B008EKY8VK?tag=eloabder-20&linkCode=osi&th=1&psc=1"><img src="https://m.media-amazon.com/images/I/419EZkaOOIL._SL500_.jpg" alt="Product Image"></a><p>L'Oreal Paris Revitalift Triple Power Anti-Aging Face Moisturizer, Pro Retinol, Hyaluronic Acid & Vitamin C to Reduce Wrinkles, Firm & Brighten Skin, 1.7 Oz</p><p>$17.86 ($10.51 / Ounce)</p><a href="https://www.amazon.com/dp/B008EKY8VK?tag=eloabder-20&linkCode=osi&th=1&psc=1">View Product</a></div><div class="product"><a href="https://www.amazon.com/dp/B00HNSSPDG?tag=eloabder-20&linkCode=osi&th=1&psc=1"><img src="https://m.media-amazon.com/images/I/41zARcUorbL._SL500_.jpg" alt="Product Image"></a><p>Neutrogena Triple Age Repair Anti-Aging Night Cream with Vitamin C; Fights Wrinkles & Evens Tone, Firming Anti-Wrinkle Face & Neck Cream; Glycerin & Shea Butter, 1.7 oz</p><p>$19.19 ($11.29 / Ounce)</p><a href="https://www.amazon.com/dp/B00HNSSPDG?tag=eloabder-20&linkCode=osi&th=1&psc=1">View Product</a></div><div class="product"><a href="https://www.amazon.com/dp/B0C9H6PD9B?tag=eloabder-20&linkCode=osi&th=1&psc=1"><img src="https://m.media-amazon.com/images/I/51MQp9qtYZL._SL500_.jpg" alt="Product Image"></a><p>Collagen Face Moisturizer with Airless Pump - Collagen Botanical Stem Cells Cream for Skin with Retinol, Niacinamide, Hyaluronic Acid - Anti-Aging Day & Night Cream - Made in USA (1.7 Oz)</p><p>$14.99 ($8.82 / Ounce)</p><a href="https://www.amazon.com/dp/B0C9H6PD9B?tag=eloabder-20&linkCode=osi&th=1&psc=1">View Product</a></div><div class="product"><a href="https://www.amazon.com/dp/B01ES349CY?tag=eloabder-20&linkCode=osi&th=1&psc=1"><img src="https://m.media-amazon.com/images/I/51C9olHbYgL._SL500_.jpg" alt="Product Image"></a><p>LilyAna Naturals Retinol Cream - Made in USA, Anti Aging Moisturizer for Face and Neck,Wrinkle, Retinol Complex - 1.7oz</p><p>$18.16 ($10.68 / Ounce)</p><a href="https://www.amazon.com/dp/B01ES349CY?tag=eloabder-20&linkCode=osi&th=1&psc=1">View Product</a></div><div class="product"><a href="https://www.amazon.com/dp/B00QSHEN0M?tag=eloabder-20&linkCode=osi&th=1&psc=1"><img src="https://m.media-amazon.com/images/I/41XiN2SLyrL._SL500_.jpg" alt="Product Image"></a><p>Burt's Bees Renewal Firming Face Cream, Anti-Aging Retinol Alternative, Moisturizing Natural Origin Skin Care, 1.8 Ounce (Packaging May Vary)</p><p>$9.75 ($5.42 / Ounce)</p><a href="https://www.amazon.com/dp/B00QSHEN0M?tag=eloabder-20&linkCode=osi&th=1&psc=1">View Product</a></div><div class="product"><a href="https://www.amazon.com/dp/B0744JV661?tag=eloabder-20&linkCode=osi&th=1&psc=1"><img src="https://m.media-amazon.com/images/I/41uJ0OhvRuL._SL500_.jpg" alt="Product Image"></a><p>RoC Retinol Correxion Max Daily Hydration Anti-Aging Face Moisturizer with Hyaluronic Acid, Oil Free Skin Care Cream for Fine Lines, Dark Spots, Post-Acne Scars, 1.7 Ounces (Packaging May Vary)</p><p>$21.53 ($12.66 / Ounce)</p><a href="https://www.amazon.com/dp/B0744JV661?tag=eloabder-20&linkCode=osi&th=1&psc=1">View Product</a></div><div class="product"><a href="https://www.amazon.com/dp/B004D2C57M?tag=eloabder-20&linkCode=osi&th=1&psc=1"><img src="https://m.media-amazon.com/images/I/4106jzuxtsL._SL500_.jpg" alt="Product Image"></a><p>Neutrogena Retinol Face Moisturizer, Rapid Wrinkle Repair with SPF 30 Sunscreen, Daily Anti-Aging Face Cream with Retinol & Hyaluronic Acid to Fight Fine Lines, Wrinkles, & Dark Spots, 1 fl. oz</p><p>$17.14</p><a href="https://www.amazon.com/dp/B004D2C57M?tag=eloabder-20&linkCode=osi&th=1&psc=1">View Product</a></div><div class="product"><a href="https://www.amazon.com/dp/B0B5TBVX6C?tag=eloabder-20&linkCode=osi&th=1&psc=1"><img src="https://m.media-amazon.com/images/I/51nRJsctWHL._SL500_.jpg" alt="Product Image"></a><p>Retinol Cream for Face - Facial Moisturizer with Collagen and Hyaluronic Acid, Anti-Wrinkle Reduce Fine Lines Vitamin C+E Natural-Ingredient Day Night Anti-Aging For Women Men</p><p>$14.99 ($8.82 / Fl Oz)</p><a href="https://www.amazon.com/dp/B0B5TBVX6C?tag=eloabder-20&linkCode=osi&th=1&psc=1">View Product</a></div>
<div class="product"><a href="https://www.amazon.com/dp/B00DG8F02Q?tag=eloabder-20&linkCode=osi&th=1&psc=1"><img src="https://m.media-amazon.com/images/I/31+WLRw2Y6L._SL500_.jpg" alt="Product Image"></a><p>NIVEA Shea Nourish Body Lotion, 48-Hour Moisturizing Shea Butter Lotion for Dry Skin with Deep Nourishing Serum, 16.9 Fl Oz Pump Bottle</p><p>$6.29 ($0.37 / Fl Oz)</p><a href="https://www.amazon.com/dp/B00DG8F02Q?tag=eloabder-20&linkCode=osi&th=1&psc=1">View Product</a></div><div class="product"><a href="https://www.amazon.com/dp/B076G2XGY3?tag=eloabder-20&linkCode=osi&th=1&psc=1"><img src="https://m.media-amazon.com/images/I/41jIXvha20L._SL500_.jpg" alt="Product Image"></a><p>NIVEA Essentially Enriched Body Lotion for Dry Skin, Pack of 2, 16.9 Fl Oz Pump Bottles</p><p>$10.98 ($0.32 / Fl Oz)</p><a href="https://www.amazon.com/dp/B076G2XGY3?tag=eloabder-20&linkCode=osi&th=1&psc=1">View Product</a></div><div class="product"><a href="https://www.amazon.com/dp/B00DG8EZKO?tag=eloabder-20&linkCode=osi&th=1&psc=1"><img src="https://m.media-amazon.com/images/I/31DT3ghuyXL._SL500_.jpg" alt="Product Image"></a><p>NIVEA Intense Healing Body Lotion for Dry Skin, 72-Hour Moisturizing Lotion with Deep Nourishing Serum and Provitamin B5, 16.9 Fl Oz Pump Bottle</p><p>$6.29 ($0.37 / Fl Oz)</p><a href="https://www.amazon.com/dp/B00DG8EZKO?tag=eloabder-20&linkCode=osi&th=1&psc=1">View Product</a></div><div class="product"><a href="https://www.amazon.com/dp/B08KT5HM98?tag=eloabder-20&linkCode=osi&th=1&psc=1"><img src="https://m.media-amazon.com/images/I/311EVJ1x7tL._SL500_.jpg" alt="Product Image"></a><p>eos Shea Better Body Lotion- Coconut Waters, 24-Hour Moisture Skin Care, Lightweight & Non-Greasy, Made with Natural Shea, Vegan, 16 fl oz</p><p>$8.98 ($0.56 / Fl Oz)</p><a href="https://www.amazon.com/dp/B08KT5HM98?tag=eloabder-20&linkCode=osi&th=1&psc=1">View Product</a></div><div class="product"><a href="https://www.amazon.com/dp/B0034F9K36?tag=eloabder-20&linkCode=osi&th=1&psc=1"><img src="https://m.media-amazon.com/images/I/319i3EFVPvL._SL500_.jpg" alt="Product Image"></a><p>Jergens Ultra Healing Dry Skin Moisturizer, Body and Hand Lotion for Dry Skin, for Quick Absorption into Extra Dry Skin, with HYDRALUCENCE blend, Vitamins C, E, and B5, 32 Ounce</p><p>$8.17 ($0.26 / Fl Oz)</p><a href="https://www.amazon.com/dp/B0034F9K36?tag=eloabder-20&linkCode=osi&th=1&psc=1">View Product</a></div><div class="product"><a href="https://www.amazon.com/dp/B003JT8PKQ?tag=eloabder-20&linkCode=osi&th=1&psc=1"><img src="https://m.media-amazon.com/images/I/31TFisQDpKL._SL500_.jpg" alt="Product Image"></a><p>Lubriderm Daily Moisture Lotion + Pro-Ceramide with Shea Butter & Glycerin Helps Moisturize Dry Skin, Hydrating Face, Hand & Body Lotion is Lightly Scented & Non-Greasy, 24 fl. oz</p><p>$10.12 ($0.42 / Fl Oz)</p><a href="https://www.amazon.com/dp/B003JT8PKQ?tag=eloabder-20&linkCode=osi&th=1&psc=1">View Product</a></div><div class="product"><a href="https://www.amazon.com/dp/B07RK4HST7?tag=eloabder-20&linkCode=osi&th=1&psc=1"><img src="https://m.media-amazon.com/images/I/412DGoW35mL._SL500_.jpg" alt="Product Image"></a><p>CeraVe Daily Moisturizing Lotion for Dry Skin | Body Lotion & Face Moisturizer with Hyaluronic Acid and Ceramides | Daily Moisturizer | Fragrance Free | Oil-Free | 19 Ounce</p><p>$18.50 ($0.97 / Fl Oz)</p><a href="https://www.amazon.com/dp/B07RK4HST7?tag=eloabder-20&linkCode=osi&th=1&psc=1">View Product</a></div><div class="product"><a href="https://www.amazon.com/dp/B0D484X4RL?tag=eloabder-20&linkCode=osi&th=1&psc=1"><img src="https://m.media-amazon.com/images/I/31rZLOx+KEL._SL500_.jpg" alt="Product Image"></a><p>Native Body Lotion Contains Naturally Derived Plant-Based Moisturizers for Women and Men | Restores Dry Skin, Coconut & Vanilla, 16.5 fl oz</p><p>$13.97 ($0.85 / Fl Oz)</p><a href="https://www.amazon.com/dp/B0D484X4RL?tag=eloabder-20&linkCode=osi&th=1&psc=1">View Product</a></div><div class="product"><a href="https://www.amazon.com/dp/B073CXZ8KR?tag=eloabder-20&linkCode=osi&th=1&psc=1"><img src="https://m.media-amazon.com/images/I/31r1ImnqoOL._SL500_.jpg" alt="Product Image"></a><p>Nivea Oil Infused Cherry Blossom and Jojoba Oil Body Lotion, Non-Greasy Cherry Blossom Scented Lotion Moisturizes for 24+ Hours, 16.9 Fl Oz Pump Bottle</p><p>$6.29 ($0.37 / Fl Oz)</p><a href="https://www.amazon.com/dp/B073CXZ8KR?tag=eloabder-20&linkCode=osi&th=1&psc=1">View Product</a></div><div class="product"><a href="https://www.amazon.com/dp/B09HHBKK15?tag=eloabder-20&linkCode=osi&th=1&psc=1"><img src="https://m.media-amazon.com/images/I/31gFI+hSGmL._SL500_.jpg" alt="Product Image"></a><p>Amazon Basics Cocoa Butter Body Lotion, Lightly scented, 20.3 fl oz</p><p>$4.89 ($0.24 / Fl Oz)</p><a href="https://www.amazon.com/dp/B09HHBKK15?tag=eloabder-20&linkCode=osi&th=1&psc=1">View Product</a></div>
<div class="product"><a href="https://www.amazon.com/dp/B0BVBZPX9B?tag=eloabder-20&linkCode=osi&th=1&psc=1"><img src="https://m.media-amazon.com/images/I/61Y09jlKZkL._SL500_.jpg" alt="Product Image"></a><p>Dove Deep Moisture Body Wash 30.6 Fl Oz Pack of 3 with Pump, Luxurious Hydration for Dry Skin, Cleanser with 24hr Renewing MicroMoisture</p><p>$23.22 ($0.25 / Fl Oz)</p><a href="https://www.amazon.com/dp/B0BVBZPX9B?tag=eloabder-20&linkCode=osi&th=1&psc=1">View Product</a></div><div class="product"><a href="https://www.amazon.com/dp/B0BT1VXDGD?tag=eloabder-20&linkCode=osi&th=1&psc=1"><img src="https://m.media-amazon.com/images/I/217eAv7yKyL._SL500_.jpg" alt="Product Image"></a><p>Method Body Wash, Pure Peace, Paraben and Phthalate Free, Biodegradable Formula, 28 oz (Pack of 1)</p><p>$11.48 ($0.41 / Fl Oz)</p><a href="https://www.amazon.com/dp/B0BT1VXDGD?tag=eloabder-20&linkCode=osi&th=1&psc=1">View Product</a></div><div class="product"><a href="https://www.amazon.com/dp/B0BVBYQGTW?tag=eloabder-20&linkCode=osi&th=1&psc=1"><img src="https://m.media-amazon.com/images/I/61En44WjwPL._SL500_.jpg" alt="Product Image"></a><p>Dove Body Wash with Pump Sensitive Skin 3 Count Hypoallergenic, Paraben-Free, Sulfate-Free, Cruelty-Free, Moisturizing Skin Cleanser Effectively Washes Away Bacteria While Nourishing Skin 30.6 oz</p><p>$23.22 ($0.25 / Fl Oz)</p><a href="https://www.amazon.com/dp/B0BVBYQGTW?tag=eloabder-20&linkCode=osi&th=1&psc=1">View Product</a></div><div class="product"><a href="https://www.amazon.com/dp/B0CGY5BLBW?tag=eloabder-20&linkCode=osi&th=1&psc=1"><img src="https://m.media-amazon.com/images/I/61X7MjVU6uL._SL500_.jpg" alt="Product Image"></a><p>Dove Exfoliating Body Wash Glow Recharge Energizes & illuminates skin 3% brightening serum with vitamin C 18.5 oz</p><p>$9.79 ($0.53 / Fl Oz)</p><a href="https://www.amazon.com/dp/B0CGY5BLBW?tag=eloabder-20&linkCode=osi&th=1&psc=1">View Product</a></div><div class="product"><a href="https://www.amazon.com/dp/B082QB23YG?tag=eloabder-20&linkCode=osi&th=1&psc=1"><img src="https://m.media-amazon.com/images/I/31QPAuuaLwL._SL500_.jpg" alt="Product Image"></a><p>NIVEA Refreshing White Peach and Jasmine Body Wash, Scented Body Wash with Nourishing Serum, Plant-Derived Oils, Essential Skin Lipids and Vitamins, 20 Fl Oz Bottle</p><p>$4.89 ($0.24 / Fl Oz)</p><a href="https://www.amazon.com/dp/B082QB23YG?tag=eloabder-20&linkCode=osi&th=1&psc=1">View Product</a></div><div class="product"><a href="https://www.amazon.com/dp/B0BHH1LBX2?tag=eloabder-20&linkCode=osi&th=1&psc=1"><img src="https://m.media-amazon.com/images/I/41aG-jLyOqL._SL500_.jpg" alt="Product Image"></a><p>Olay Ultra Rich Moisture Body Wash for Women, Deeply Nourishes, Vitamin B3 Complex, Clinically Proven, Shea Butter Scent, 22 fl oz (Pack of 4)</p><p>$27.96 ($0.32 / Fl Oz)</p><a href="https://www.amazon.com/dp/B0BHH1LBX2?tag=eloabder-20&linkCode=osi&th=1&psc=1">View Product</a></div><div class="product"><a href="https://www.amazon.com/dp/B07FD24RTR?tag=eloabder-20&linkCode=osi&th=1&psc=1"><img src="https://m.media-amazon.com/images/I/31klAgInvXL._SL500_.jpg" alt="Product Image"></a><p>Aveeno Stress Relief Body Wash with Soothing Oat for Sensitive Skin, Lavender Body Wash to help you feel Calm and Relaxed, Sulfate-Free, 33 FL OZ</p><p>$13.48 ($0.41 / Fl Oz)</p><a href="https://www.amazon.com/dp/B07FD24RTR?tag=eloabder-20&linkCode=osi&th=1&psc=1">View Product</a></div><div class="product"><a href="https://www.amazon.com/dp/B082QC2MCX?tag=eloabder-20&linkCode=osi&th=1&psc=1"><img src="https://m.media-amazon.com/images/I/31ohT5XH1TS._SL500_.jpg" alt="Product Image"></a><p>NIVEA Shea Butter Nourishing Body Wash, Moisturizing Body Wash with Nourishing Serum, Plant-Derived Oils, Essential Skin Lipids and Vitamins, 20 Fl Oz Bottle</p><p>$5.29 ($0.26 / Fl Oz)</p><a href="https://www.amazon.com/dp/B082QC2MCX?tag=eloabder-20&linkCode=osi&th=1&psc=1">View Product</a></div><div class="product"><a href="https://www.amazon.com/dp/B0BVBYDTZ6?tag=eloabder-20&linkCode=osi&th=1&psc=1"><img src="https://m.media-amazon.com/images/I/61UbJzK8yIL._SL500_.jpg" alt="Product Image"></a><p>Dove Body Wash with Pump Refreshing Cucumber and Green Tea 3 Count Refreshes Skin Cleanser That Effectively Washes Away Bacteria While Nourishing Your Skin 30.6 oz</p><p>$29.91 ($0.33 / Fl Oz)</p><a href="https://www.amazon.com/dp/B0BVBYDTZ6?tag=eloabder-20&linkCode=osi&th=1&psc=1">View Product</a></div><div class="product"><a href="https://www.amazon.com/dp/B082QBPDJC?tag=eloabder-20&linkCode=osi&th=1&psc=1"><img src="https://m.media-amazon.com/images/I/31tC4JDwHQL._SL500_.jpg" alt="Product Image"></a><p>NIVEA Coconut and Almond Milk Pampering Body Wash, Moisturizing Body Wash with Nourishing Serum, Plant-Derived Oils, Essential Skin Lipids and Vitamins, 20 Fl Oz Bottle</p><p>$4.99 ($0.25 / Fl Oz)</p><a href="https://www.amazon.com/dp/B082QBPDJC?tag=eloabder-20&linkCode=osi&th=1&psc=1">View Product</a></div>
<div class="product"><a href="https://www.amazon.com/dp/B07N7MWX72?tag=eloabder-20&linkCode=osi&th=1&psc=1"><img src="https://m.media-amazon.com/images/I/414aNTDFuRL._SL500_.jpg" alt="Product Image"></a><p>Mielle Organics Rosemary Mint Strengthening Shampoo Infused with Biotin, Cleanses and Helps Strengthen Weak and Brittle Hair, 12 Ounces</p><p>$9.97 ($0.83 / Fl Oz)</p><a href="https://www.amazon.com/dp/B07N7MWX72?tag=eloabder-20&linkCode=osi&th=1&psc=1">View Product</a></div><div class="product"><a href="https://www.amazon.com/dp/B01N97PCBH?tag=eloabder-20&linkCode=osi&th=1&psc=1"><img src="https://m.media-amazon.com/images/I/41KYNMCTIPL._SL500_.jpg" alt="Product Image"></a><p>Garnier Fructis Pure Clean Purifying Shampoo, Silicone-Free, 12.5 Fl Oz, 1 Count (Packaging May Vary)</p><p>$3.97 ($0.32 / Fl Oz)</p><a href="https://www.amazon.com/dp/B01N97PCBH?tag=eloabder-20&linkCode=osi&th=1&psc=1">View Product</a></div><div class="product"><a href="https://www.amazon.com/dp/B07D37PQGL?tag=eloabder-20&linkCode=osi&th=1&psc=1"><img src="https://m.media-amazon.com/images/I/31+tZhs5TNL._SL500_.jpg" alt="Product Image"></a><p>Olaplex No. 4 Bond Maintenance Shampoo, Repairs, Strengthens, & Nourishes All Hair Types, Adds Shine & Leaves Hair Feeling Soft, 8.5 fl oz</p><p>$30.00 ($3.53 / Fl Oz)</p><a href="https://www.amazon.com/dp/B07D37PQGL?tag=eloabder-20&linkCode=osi&th=1&psc=1">View Product</a></div><div class="product"><a href="https://www.amazon.com/dp/B084LHV2M1?tag=eloabder-20&linkCode=osi&th=1&psc=1"><img src="https://m.media-amazon.com/images/I/4174ry43L0L._SL500_.jpg" alt="Product Image"></a><p>Herbal Essences Hello hydration shampoo shampooing for hair 29.2 FL OZ</p><p>$7.97 ($0.27 / Fl Oz)</p><a href="https://www.amazon.com/dp/B084LHV2M1?tag=eloabder-20&linkCode=osi&th=1&psc=1">View Product</a></div><div class="product"><a href="https://www.amazon.com/dp/B08SSM21R4?tag=eloabder-20&linkCode=osi&th=1&psc=1"><img src="https://m.media-amazon.com/images/I/31WbRm+ZKEL._SL500_.jpg" alt="Product Image"></a><p>Redken All Soft Shampoo | Deeply Moisturizes and Hydrates | Softens, Smooths, and Adds Shine | Safe for Color-Treated Hair | Nourishing Shampoo for Dry Hair | With Argan Oil</p><p>$26.00 ($2.57 / Fl Oz)</p><a href="https://www.amazon.com/dp/B08SSM21R4?tag=eloabder-20&linkCode=osi&th=1&psc=1">View Product</a></div><div class="product"><a href="https://www.amazon.com/dp/B0D4SBLLRJ?tag=eloabder-20&linkCode=osi&th=1&psc=1"><img src="https://m.media-amazon.com/images/I/41uWwx+mKwL._SL500_.jpg" alt="Product Image"></a><p>Olaplex Wash and Shine Kit</p><p>$57.00</p><a href="https://www.amazon.com/dp/B0D4SBLLRJ?tag=eloabder-20&linkCode=osi&th=1&psc=1">View Product</a></div><div class="product"><a href="https://www.amazon.com/dp/B086S4Q7JH?tag=eloabder-20&linkCode=osi&th=1&psc=1"><img src="https://m.media-amazon.com/images/I/51i3YLQncNL._SL500_.jpg" alt="Product Image"></a><p>Herbal Essences Shampoo and Conditioner Set, Vitamin E, Rose Hips and Jojoba Extract, Smooth Collection, Bundle</p><p>$13.81 ($0.24 / Fl Oz)</p><a href="https://www.amazon.com/dp/B086S4Q7JH?tag=eloabder-20&linkCode=osi&th=1&psc=1">View Product</a></div><div class="product"><a href="https://www.amazon.com/dp/B01ENCBOA0?tag=eloabder-20&linkCode=osi&th=1&psc=1"><img src="https://m.media-amazon.com/images/I/41wcbs9bSAL._SL500_.jpg" alt="Product Image"></a><p>Rosemary and Biotin Shampoo for Thinning Hair - Vegan Volumizing Shampoo for Fine Hair with Argan and Tea Tree Oil - Paraben Silicone and Sulfate Free Shampoo for Dry Damaged Weak and Thin Hair Care</p><p>$12.95 ($1.62 / Fl Oz)</p><a href="https://www.amazon.com/dp/B01ENCBOA0?tag=eloabder-20&linkCode=osi&th=1&psc=1">View Product</a></div><div class="product"><a href="https://www.amazon.com/dp/B07NQ69L7P?tag=eloabder-20&linkCode=osi&th=1&psc=1"><img src="https://m.media-amazon.com/images/I/51c83KZZLJL._SL500_.jpg" alt="Product Image"></a><p>Herbal Essences Argan Oil of Morocco Shampoo & Conditioner Set, Repair & Smooth, Kew Endorsed, Fizzy Citrus Scent, Paraben-Free, Safe for Color-Treated Hair, pH-Balanced, 20.2 Fl Oz Each, 2 Pack</p><p>$24.99</p><a href="https://www.amazon.com/dp/B07NQ69L7P?tag=eloabder-20&linkCode=osi&th=1&psc=1">View Product</a></div>
<div class="product"><a href="https://www.amazon.com/dp/B0891BBRHW?tag=eloabder-20&linkCode=osi&th=1&psc=1"><img src="https://m.media-amazon.com/images/I/31ndDwe7VSL._SL500_.jpg" alt="Product Image"></a><p>Pureology Hydrate Moisturizing Conditioner | Softens and Deeply Hydrates Dry Hair | For Medium to Thick Color Treated or Natural Hair | Sulfate Free Conditioner | Vegan</p><p>$37.00 ($4.11 / Fl Oz)</p><a href="https://www.amazon.com/dp/B0891BBRHW?tag=eloabder-20&linkCode=osi&th=1&psc=1">View Product</a></div><div class="product"><a href="https://www.amazon.com/dp/B07D37SBHF?tag=eloabder-20&linkCode=osi&th=1&psc=1"><img src="https://m.media-amazon.com/images/I/31ivDW-ouZL._SL500_.jpg" alt="Product Image"></a><p>Olaplex No. 5 Bond Maintenance Conditioner, Repairs, Strengthens, & Nourishes All Hair Types, Leaving Hair Feeling Soft & Adds Shine, 8.5 fl oz"</p><p>$30.00 ($3.53 / Fl Oz)</p><a href="https://www.amazon.com/dp/B07D37SBHF?tag=eloabder-20&linkCode=osi&th=1&psc=1">View Product</a></div><div class="product"><a href="https://www.amazon.com/dp/B07CLD17F5?tag=eloabder-20&linkCode=osi&th=1&psc=1"><img src="https://m.media-amazon.com/images/I/61hTHQjDOkL._SL500_.jpg" alt="Product Image"></a><p>Dove Ultra Care Conditioner Coconut & Hydration for Dry Hair Conditioner with Coconut Oil, Jojoba Oil & Sweet Almond Oil 25.4 oz</p><p>$7.49 ($0.29 / Fl Oz)</p><a href="https://www.amazon.com/dp/B07CLD17F5?tag=eloabder-20&linkCode=osi&th=1&psc=1">View Product</a></div><div class="product"><a href="https://www.amazon.com/dp/B0752CBW5T?tag=eloabder-20&linkCode=osi&th=1&psc=1"><img src="https://m.media-amazon.com/images/I/31-KMa7LAlS._SL500_.jpg" alt="Product Image"></a><p>L'Oreal Paris Elvive Total Repair 5 Repairing Conditioner for Damaged Hair Conditioner with Protein and Ceramide for Strong Silky Shiny Healthy Renewed Hair 28 Fl Oz</p><p>$8.49 ($0.30 / Fl Oz)</p><a href="https://www.amazon.com/dp/B0752CBW5T?tag=eloabder-20&linkCode=osi&th=1&psc=1">View Product</a></div><div class="product"><a href="https://www.amazon.com/dp/B00L01DEII?tag=eloabder-20&linkCode=osi&th=1&psc=1"><img src="https://m.media-amazon.com/images/I/31EJqWmmSNL._SL500_.jpg" alt="Product Image"></a><p>Biolage Ultra Hydra Source Conditioning Balm | Deep Hydrating Conditioner | Renews Hair's Moisture | For Very Dry Hair | Silicone-Free | Vegan | Salon Conditioner | 33.8 Fl. Oz</p><p>$42.00 ($1.24 / Fl Oz)</p><a href="https://www.amazon.com/dp/B00L01DEII?tag=eloabder-20&linkCode=osi&th=1&psc=1">View Product</a></div><div class="product"><a href="https://www.amazon.com/dp/B08SSCQH77?tag=eloabder-20&linkCode=osi&th=1&psc=1"><img src="https://m.media-amazon.com/images/I/31P8RgJeqwL._SL500_.jpg" alt="Product Image"></a><p>Redken All Soft Conditioner | For Dry / Brittle Hair | Moisturizes & Provides Intense Softness | With Argan Oil | 10.1 Fl Oz</p><p>$26.00 ($2.57 / Fl Oz)</p><a href="https://www.amazon.com/dp/B08SSCQH77?tag=eloabder-20&linkCode=osi&th=1&psc=1">View Product</a></div><div class="product"><a href="https://www.amazon.com/dp/B074VLNPSG?tag=eloabder-20&linkCode=osi&th=1&psc=1"><img src="https://m.media-amazon.com/images/I/319FOowuSkL._SL500_.jpg" alt="Product Image"></a><p>Garnier Fructis Grow Strong Conditioner, 33.8 Fl Oz, 1 Count (Packaging May Vary)</p><p>$8.49 ($0.25 / Fl Oz)</p><a href="https://www.amazon.com/dp/B074VLNPSG?tag=eloabder-20&linkCode=osi&th=1&psc=1">View Product</a></div><div class="product"><a href="https://www.amazon.com/dp/B00JAI4FGI?tag=eloabder-20&linkCode=osi&th=1&psc=1"><img src="https://m.media-amazon.com/images/I/212rXWGPu1L._SL500_.jpg" alt="Product Image"></a><p>Biolage Color Last Conditioner | Helps Protect Hair & Maintain Vibrant Color | For Color-Treated and Natural Hair | Paraben & Silicone-Free | Vegan | Cruelty Free | Color Protecting Salon Conditioner</p><p>$24.00 ($1.78 / Fl Oz)</p><a href="https://www.amazon.com/dp/B00JAI4FGI?tag=eloabder-20&linkCode=osi&th=1&psc=1">View Product</a></div>
<div class="product"><a href="https://www.amazon.com/dp/B00I32AN4K?tag=eloabder-20&linkCode=osi&th=1&psc=1"><img src="https://m.media-amazon.com/images/I/51KpmxinYYL._SL500_.jpg" alt="Product Image"></a><p>Arvazallia Hydrating Argan Oil Hair Mask and Deep Conditioner for Dry or Damaged Hair - 8.45 Oz</p><p>$12.95 ($1.53 / Fl Oz)</p><a href="https://www.amazon.com/dp/B00I32AN4K?tag=eloabder-20&linkCode=osi&th=1&psc=1">View Product</a></div><div class="product"><a href="https://www.amazon.com/dp/B07H3GBSC3?tag=eloabder-20&linkCode=osi&th=1&psc=1"><img src="https://m.media-amazon.com/images/I/41I862UzKRL._SL500_.jpg" alt="Product Image"></a><p>amika soulfood nourishing Mask, 8 Fl oz</p><p>$34.00 ($4.25 / Fl Oz)</p><a href="https://www.amazon.com/dp/B07H3GBSC3?tag=eloabder-20&linkCode=osi&th=1&psc=1">View Product</a></div><div class="product"><a href="https://www.amazon.com/dp/B075L6BL61?tag=eloabder-20&linkCode=osi&th=1&psc=1"><img src="https://m.media-amazon.com/images/I/41zCFV7oGTL._SL500_.jpg" alt="Product Image"></a><p>Karseell Collagen Hair Treatment Deep Repair Conditioning Argan Oil Collagen Hair Mask Essence for Dry Damaged Hair All Hair Types 16.90 oz 500ml</p><p>$23.33 ($1.38 / Fl Oz)</p><a href="https://www.amazon.com/dp/B075L6BL61?tag=eloabder-20&linkCode=osi&th=1&psc=1">View Product</a></div><div class="product"><a href="https://www.amazon.com/dp/B0BQ54DQNM?tag=eloabder-20&linkCode=osi&th=1&psc=1"><img src="https://m.media-amazon.com/images/I/41uhtWPJeuL._SL500_.jpg" alt="Product Image"></a><p>Eva NYC Therapy Session Hair Mask, Deep Conditioning Hair Mask Infused with Argan Oil and Plant Protein, 16.9 fl oz</p><p>$19.00 ($1.12 / Fl Oz)</p><a href="https://www.amazon.com/dp/B0BQ54DQNM?tag=eloabder-20&linkCode=osi&th=1&psc=1">View Product</a></div><div class="product"><a href="https://www.amazon.com/dp/B01I2ZQJSG?tag=eloabder-20&linkCode=osi&th=1&psc=1"><img src="https://m.media-amazon.com/images/I/41ctrFUeQAL._SL500_.jpg" alt="Product Image"></a><p>Elizavecca cer-100 collagen coating hair protein treatment 100ml</p><p>$7.40 ($2.19 / Fl Oz)</p><a href="https://www.amazon.com/dp/B01I2ZQJSG?tag=eloabder-20&linkCode=osi&th=1&psc=1">View Product</a></div><div class="product"><a href="https://www.amazon.com/dp/B07N7NBYSP?tag=eloabder-20&linkCode=osi&th=1&psc=1"><img src="https://m.media-amazon.com/images/I/515lD0OXQ+L._SL500_.jpg" alt="Product Image"></a><p>Mielle Organics Rosemary Mint Strengthening Hair Masque, Essential Oil & Biotin Deep Treatment, Miracle Repair for Dry, Damaged, & Frizzy Hair, 12 Ounces</p><p>$9.97 ($0.83 / Ounce)</p><a href="https://www.amazon.com/dp/B07N7NBYSP?tag=eloabder-20&linkCode=osi&th=1&psc=1">View Product</a></div><div class="product"><a href="https://www.amazon.com/dp/B002N5MKMG?tag=eloabder-20&linkCode=osi&th=1&psc=1"><img src="https://m.media-amazon.com/images/I/41NxqnExYnL._SL500_.jpg" alt="Product Image"></a><p>Moroccanoil Intense Hydrating Mask, 8.5 Fl. Oz.</p><p>$42.00 ($4.94 / Fl Oz)</p><a href="https://www.amazon.com/dp/B002N5MKMG?tag=eloabder-20&linkCode=osi&th=1&psc=1">View Product</a></div><div class="product"><a href="https://www.amazon.com/dp/B07M7PP9KX?tag=eloabder-20&linkCode=osi&th=1&psc=1"><img src="https://m.media-amazon.com/images/I/41Mpv3wIxEL._SL500_.jpg" alt="Product Image"></a><p>Marc Anthony Grow Long Hair Anti-Breakage Mask, 10.4 OZ</p><p>$8.99 ($0.90 / Fl Oz)</p><a href="https://www.amazon.com/dp/B07M7PP9KX?tag=eloabder-20&linkCode=osi&th=1&psc=1">View Product</a></div><div class="product"><a href="https://www.amazon.com/dp/B09HR5KSR8?tag=eloabder-20&linkCode=osi&th=1&psc=1"><img src="https://m.media-amazon.com/images/I/51aIw6AhsXL._SL500_.jpg" alt="Product Image"></a><p>K18 Mini Leave-In Molecular Hair Mask, Repairs Dry or Damaged Hair, Reverse Hair Damage from Bleach, Color, Chemical Services & Heat, 0.51 Fl Oz</p><p>$29.00 ($56.86 / Fl Oz)</p><a href="https://www.amazon.com/dp/B09HR5KSR8?tag=eloabder-20&linkCode=osi&th=1&psc=1">View Product</a></div>
<div class="product"><a href="https://www.amazon.com/dp/B004J1MNII?tag=eloabder-20&linkCode=osi&th=1&psc=1"><img src="https://m.media-amazon.com/images/I/31nFgivW0gL._SL500_.jpg" alt="Product Image"></a><p>Moroccanoil Hydrating Styling Cream, Travel Size, 2.53 Fl Oz</p><p>$16.00 ($6.40 / Fl Oz)</p><a href="https://www.amazon.com/dp/B004J1MNII?tag=eloabder-20&linkCode=osi&th=1&psc=1">View Product</a></div><div class="product"><a href="https://www.amazon.com/dp/B00G187CP6?tag=eloabder-20&linkCode=osi&th=1&psc=1"><img src="https://m.media-amazon.com/images/I/31belqXvyyL._SL500_.jpg" alt="Product Image"></a><p>COLOR WOW One Minute Transformation – Instant frizz fix| Nourishing styling cream smooths, tames + defrizzes on the spot| Avocado oil + Omega 3’s hydrate, repair for silkier, smoother texture</p><p>$24.00</p><a href="https://www.amazon.com/dp/B00G187CP6?tag=eloabder-20&linkCode=osi&th=1&psc=1">View Product</a></div><div class="product"><a href="https://www.amazon.com/dp/B073CWSQ51?tag=eloabder-20&linkCode=osi&th=1&psc=1"><img src="https://m.media-amazon.com/images/I/41lIHxirIkL._SL500_.jpg" alt="Product Image"></a><p>COLOR WOW Dream Coat Supernatural Spray, 6.7 Fl Oz – Keep Your Hair Frizz-Free and Shiny No Matter the Weather with Award-Winning Anti-Humidity Treatment</p><p>$28.00 ($4.18 / Fl Oz)</p><a href="https://www.amazon.com/dp/B073CWSQ51?tag=eloabder-20&linkCode=osi&th=1&psc=1">View Product</a></div><div class="product"><a href="https://www.amazon.com/dp/B075RGHQVF?tag=eloabder-20&linkCode=osi&th=1&psc=1"><img src="https://m.media-amazon.com/images/I/21TgD3HaqbL._SL500_.jpg" alt="Product Image"></a><p>American Crew Men's Fiber Cream, Like Hair Gel with Medium Hold & Natural Shine, 3.3 Fl Oz</p><p>$9.94 ($3.01 / Ounce)</p><a href="https://www.amazon.com/dp/B075RGHQVF?tag=eloabder-20&linkCode=osi&th=1&psc=1">View Product</a></div><div class="product"><a href="https://www.amazon.com/dp/B0BLWTQ7JC?tag=eloabder-20&linkCode=osi&th=1&psc=1"><img src="https://m.media-amazon.com/images/I/31jMkcol7VL._SL500_.jpg" alt="Product Image"></a><p>DAE Cactus Fruit 3-In-1 Styling Cream - Smooth Styles, Prep Shiny Blowouts, Defines Curls (5 oz.)</p><p>$30.00 ($6.00 / Ounce)</p><a href="https://www.amazon.com/dp/B0BLWTQ7JC?tag=eloabder-20&linkCode=osi&th=1&psc=1">View Product</a></div><div class="product"><a href="https://www.amazon.com/dp/B00H3DOSPU?tag=eloabder-20&linkCode=osi&th=1&psc=1"><img src="https://m.media-amazon.com/images/I/317clPmAyiL._SL500_.jpg" alt="Product Image"></a><p>Biolage Styling Gelée | Firm Hold That Adds Body, Shine & Control | For All Hair Types | Paraben-Free | Vegan | 16.9 fl. oz. | 16.9 Fl. Oz</p><p>$24.00 ($1.42 / Fl Oz)</p><a href="https://www.amazon.com/dp/B00H3DOSPU?tag=eloabder-20&linkCode=osi&th=1&psc=1">View Product</a></div><div class="product"><a href="https://www.amazon.com/dp/B08SNSSTPZ?tag=eloabder-20&linkCode=osi&th=1&psc=1"><img src="https://m.media-amazon.com/images/I/31KrkpMat6L._SL500_.jpg" alt="Product Image"></a><p>L3 Level 3 Styling Powder - Natural Look Mens Powder - Easy to Apply with No Oil or Greasy Residue (Small - 30 Grams)</p><p>$9.99 ($9.51 / Fl Oz)</p><a href="https://www.amazon.com/dp/B08SNSSTPZ?tag=eloabder-20&linkCode=osi&th=1&psc=1">View Product</a></div><div class="product"><a href="https://www.amazon.com/dp/B09MZS3D3K?tag=eloabder-20&linkCode=osi&th=1&psc=1"><img src="https://m.media-amazon.com/images/I/31CADZzpR7L._SL500_.jpg" alt="Product Image"></a><p>Marc Anthony Biotin Styling Hair Cream, Instantly Thick - Biotin & Vitamin E Hair Thickening Cream, Lightweight Hold for Thicker & Fuller Hair - Volumizing Hair Product for Thin, Flat Hair</p><p>$8.99 ($1.82 / Ounce)</p><a href="https://www.amazon.com/dp/B09MZS3D3K?tag=eloabder-20&linkCode=osi&th=1&psc=1">View Product</a></div><div class="product"><a href="https://www.amazon.com/dp/B0009OMNQQ?tag=eloabder-20&linkCode=osi&th=1&psc=1"><img src="https://m.media-amazon.com/images/I/21BMUFOie3L._SL500_.jpg" alt="Product Image"></a><p>Paul Mitchell Extra-Body Sculpting Foam, Thickens + Builds Body, For Fine Hair, 6.7 oz.</p><p>$16.50 ($2.46 / Fl Oz)</p><a href="https://www.amazon.com/dp/B0009OMNQQ?tag=eloabder-20&linkCode=osi&th=1&psc=1">View Product</a></div>
<div class="product"><a href="https://www.amazon.com/dp/B09LXMXSMN?tag=eloabder-20&linkCode=osi&th=1&psc=1"><img src="https://m.media-amazon.com/images/I/51Sly6w-y7L._SL500_.jpg" alt="Product Image"></a><p>Revlon ColorSilk Beautiful Color Permanent Hair Color, Long-Lasting High-Definition Color, Shine & Silky Softness with 100% Gray Coverage, Ammonia Free, 41 Medium Brown, 3 Pack</p><p>$11.91 ($0.90 / Fl Oz)</p><a href="https://www.amazon.com/dp/B09LXMXSMN?tag=eloabder-20&linkCode=osi&th=1&psc=1">View Product</a></div><div class="product"><a href="https://www.amazon.com/dp/B004INIW1Y?tag=eloabder-20&linkCode=osi&th=1&psc=1"><img src="https://m.media-amazon.com/images/I/51QXVxOgEkL._SL500_.jpg" alt="Product Image"></a><p>L'Oreal Paris Excellence Creme Permanent Hair Color, 4 Dark Brown, 100 percent Gray Coverage Hair Dye, Pack of 1</p><p>$10.97</p><a href="https://www.amazon.com/dp/B004INIW1Y?tag=eloabder-20&linkCode=osi&th=1&psc=1">View Product</a></div><div class="product"><a href="https://www.amazon.com/dp/B00TUM6QUC?tag=eloabder-20&linkCode=osi&th=1&psc=1"><img src="https://m.media-amazon.com/images/I/511vRRkzayL._SL500_.jpg" alt="Product Image"></a><p>Schwarzkopf Keratin Color Permanent Hair Color, 6.0 Delicate Praline, 1 Application - Salon Inspired Permanent Hair Dye, for up to 80% Less Breakage vs Untreated Hair and up to 100% Gray Coverage</p><p>$11.97</p><a href="https://www.amazon.com/dp/B00TUM6QUC?tag=eloabder-20&linkCode=osi&th=1&psc=1">View Product</a></div><div class="product"><a href="https://www.amazon.com/dp/B00006JN4M?tag=eloabder-20&linkCode=osi&th=1&psc=1"><img src="https://m.media-amazon.com/images/I/41YBT6aEgWL._SL500_.jpg" alt="Product Image"></a><p>L'Oreal Paris Superior Preference Fade-Defying + Shine Permanent Hair Color, 6 Light Brown, Pack of 1, Hair Dye</p><p>$11.97</p><a href="https://www.amazon.com/dp/B00006JN4M?tag=eloabder-20&linkCode=osi&th=1&psc=1">View Product</a></div><div class="product"><a href="https://www.amazon.com/dp/B07HXH48TF?tag=eloabder-20&linkCode=osi&th=1&psc=1"><img src="https://m.media-amazon.com/images/I/51VP1hHWq9L._SL500_.jpg" alt="Product Image"></a><p>Garnier Hair Color Nutrisse Nourishing Creme, 50 Medium Natural Brown (Truffle) Permanent Hair Dye, 2 Count (Packaging May Vary)</p><p>$16.98 ($8.49 / Count)</p><a href="https://www.amazon.com/dp/B07HXH48TF?tag=eloabder-20&linkCode=osi&th=1&psc=1">View Product</a></div><div class="product"><a href="https://www.amazon.com/dp/B001UMV18M?tag=eloabder-20&linkCode=osi&th=1&psc=1"><img src="https://m.media-amazon.com/images/I/51h21IlxAhL._SL500_.jpg" alt="Product Image"></a><p>Garnier Hair Color Nutrisse Nourishing Creme, 415 Soft Mahogany Brown (Raspberry Truffle) Permanent Hair Dye, 1 Count (Packaging May Vary)</p><p>$8.47</p><a href="https://www.amazon.com/dp/B001UMV18M?tag=eloabder-20&linkCode=osi&th=1&psc=1">View Product</a></div><div class="product"><a href="https://www.amazon.com/dp/B0B3KWJ242?tag=eloabder-20&linkCode=osi&th=1&psc=1"><img src="https://m.media-amazon.com/images/I/41fqsQmb0VL._SL500_.jpg" alt="Product Image"></a><p>COLORCHARM Demi Permanent Hair Color, 3N Medium Neutral Brown 2 oz</p><p>$9.99 ($5.00 / Fl Oz)</p><a href="https://www.amazon.com/dp/B0B3KWJ242?tag=eloabder-20&linkCode=osi&th=1&psc=1">View Product</a></div>
<div class="product"><a href="https://www.amazon.com/dp/B01ACPW1SG?tag=eloabder-20&linkCode=osi&th=1&psc=1"><img src="https://m.media-amazon.com/images/I/41aIRzbHxNL._SL500_.jpg" alt="Product Image"></a><p>CoverGirl & Olay Simply Ageless 3-in-1 Liquid Foundation, Matte Finish, Hyaluronic & Vitamin C Formula, Cruelty Free, Classic Ivory, 1 Count</p><p>$10.49</p><a href="https://www.amazon.com/dp/B01ACPW1SG?tag=eloabder-20&linkCode=osi&th=1&psc=1">View Product</a></div><div class="product"><a href="https://www.amazon.com/dp/B07MWSP8SG?tag=eloabder-20&linkCode=osi&th=1&psc=1"><img src="https://m.media-amazon.com/images/I/31B37fmqI7L._SL500_.jpg" alt="Product Image"></a><p>e.l.f. Flawless Finish Foundation, Improves Uneven Skin Tone, Lightweight, Medium Coverage & Semi-Matte, Vegan & Cruelty-Free, Beige 0.67 Fl Oz</p><p>$6.00</p><a href="https://www.amazon.com/dp/B07MWSP8SG?tag=eloabder-20&linkCode=osi&th=1&psc=1">View Product</a></div><div class="product"><a href="https://www.amazon.com/dp/B00PFCSUNC?tag=eloabder-20&linkCode=osi&th=1&psc=1"><img src="https://m.media-amazon.com/images/I/41FK6ukLnvL._SL500_.jpg" alt="Product Image"></a><p>Maybelline Fit Me Matte + Poreless Liquid Oil-Free Foundation Makeup, Natural Ivory, 1 Count (Packaging May Vary)</p><p>$7.10</p><a href="https://www.amazon.com/dp/B00PFCSUNC?tag=eloabder-20&linkCode=osi&th=1&psc=1">View Product</a></div><div class="product"><a href="https://www.amazon.com/dp/B0BCGZMTSY?tag=eloabder-20&linkCode=osi&th=1&psc=1"><img src="https://m.media-amazon.com/images/I/31Qa6QbmaiL._SL500_.jpg" alt="Product Image"></a><p>L'Oreal Paris True Match Super-Blendable Foundation, Medium Coverage Liquid Foundation Makeup, N3, Light Medium, 1 Fl Oz</p><p>$9.97</p><a href="https://www.amazon.com/dp/B0BCGZMTSY?tag=eloabder-20&linkCode=osi&th=1&psc=1">View Product</a></div><div class="product"><a href="https://www.amazon.com/dp/B000IEMGGE?tag=eloabder-20&linkCode=osi&th=1&psc=1"><img src="https://m.media-amazon.com/images/I/41RtSkNmHSL._SL500_.jpg" alt="Product Image"></a><p>LAURA GELLER NEW YORK Award-Winning Baked Balance-n-Brighten Color Correcting Powder Foundation - Fair - Buildable Light to Medium Coverage - Demi-Matte Natural Finish</p><p>$22.13</p><a href="https://www.amazon.com/dp/B000IEMGGE?tag=eloabder-20&linkCode=osi&th=1&psc=1">View Product</a></div><div class="product"><a href="https://www.amazon.com/dp/B01LMMZY6O?tag=eloabder-20&linkCode=osi&th=1&psc=1"><img src="https://m.media-amazon.com/images/I/41WWjJXCsFL._SL500_.jpg" alt="Product Image"></a><p>IT Cosmetics Your Skin But Better CC+ Cream, Medium (W) - Color Correcting Cream, Full-Coverage Foundation, Hydrating Serum & SPF 50+ Sunscreen - Natural Finish - 1.08 fl oz</p><p>$47.00 ($43.52 / Fl Oz)</p><a href="https://www.amazon.com/dp/B01LMMZY6O?tag=eloabder-20&linkCode=osi&th=1&psc=1">View Product</a></div><div class="product"><a href="https://www.amazon.com/dp/B07CVFY5PQ?tag=eloabder-20&linkCode=osi&th=1&psc=1"><img src="https://m.media-amazon.com/images/I/416VSGy4SKL._SL500_.jpg" alt="Product Image"></a><p>MagicMinerals AirBrush Foundation by Jerome Alexander – 2pc Set with Airbrush Foundation and Kabuki Brush - Spray Makeup with Anti-aging Ingredients for Smooth Radiant Skin - Medium</p><p>$19.99 ($11.11 / Fl Oz)</p><a href="https://www.amazon.com/dp/B07CVFY5PQ?tag=eloabder-20&linkCode=osi&th=1&psc=1">View Product</a></div><div class="product"><a href="https://www.amazon.com/dp/B0039UTUZE?tag=eloabder-20&linkCode=osi&th=1&psc=1"><img src="https://m.media-amazon.com/images/I/41eXDpZ835L._SL500_.jpg" alt="Product Image"></a><p>Revlon Liquid Foundation, ColorStay Face Makeup for Combination & Oily Skin, SPF 15, Medium-Full Coverage with Matte Finish, Natural Beige ((220), 1.0 oz</p><p>$9.70</p><a href="https://www.amazon.com/dp/B0039UTUZE?tag=eloabder-20&linkCode=osi&th=1&psc=1">View Product</a></div><div class="product"><a href="https://www.amazon.com/dp/B00I52QPAE?tag=eloabder-20&linkCode=osi&th=1&psc=1"><img src="https://m.media-amazon.com/images/I/317EDqzSg+L._SL500_.jpg" alt="Product Image"></a><p>Revlon Liquid Foundation, Age Defying 3XFace Makeup, Anti-Aging and Firming Formula, SPF 30, Longwear Medium Buildable Coverage with Natural Finish, 035 Natural Beige, 1 Fl Oz</p><p>$13.48</p><a href="https://www.amazon.com/dp/B00I52QPAE?tag=eloabder-20&linkCode=osi&th=1&psc=1">View Product</a></div><div class="product"><a href="https://www.amazon.com/dp/B07H621Q3H?tag=eloabder-20&linkCode=osi&th=1&psc=1"><img src="https://m.media-amazon.com/images/I/31JtVpLZ4FL._SL500_.jpg" alt="Product Image"></a><p>L'Oreal Paris Makeup Infallible Up to 32 Hour Fresh Wear Lightweight Foundation, 420 True Beige, 1 Fl Oz, Packaging May Vary</p><p>$11.98</p><a href="https://www.amazon.com/dp/B07H621Q3H?tag=eloabder-20&linkCode=osi&th=1&psc=1">View Product</a></div>
<div class="product"><a href="https://www.amazon.com/dp/B07Q9V4KMJ?tag=eloabder-20&linkCode=osi&th=1&psc=1"><img src="https://m.media-amazon.com/images/I/31pro1JWTCL._SL500_.jpg" alt="Product Image"></a><p>Maybelline Instant Age Rewind Eraser Dark Circles Treatment Multi-Use Concealer, 115, 1 Count (Packaging May Vary)</p><p>$8.42</p><a href="https://www.amazon.com/dp/B07Q9V4KMJ?tag=eloabder-20&linkCode=osi&th=1&psc=1">View Product</a></div><div class="product"><a href="https://www.amazon.com/dp/B07ZR14WBZ?tag=eloabder-20&linkCode=osi&th=1&psc=1"><img src="https://m.media-amazon.com/images/I/313ljymBVaL._SL500_.jpg" alt="Product Image"></a><p>e.l.f. Hydrating Camo Concealer, Lightweight, Full Coverage, Long Lasting, Conceals, Corrects, Covers, Hydrates, Highlights, Light Sand, Satin Finish, 25 Shades, All-Day Wear, 0.20 Fl Oz</p><p>$7.00</p><a href="https://www.amazon.com/dp/B07ZR14WBZ?tag=eloabder-20&linkCode=osi&th=1&psc=1">View Product</a></div><div class="product"><a href="https://www.amazon.com/dp/B0046VJV36?tag=eloabder-20&linkCode=osi&th=1&psc=1"><img src="https://m.media-amazon.com/images/I/31-ZFCLgLcL._SL500_.jpg" alt="Product Image"></a><p>Maybelline New York Fit Me Liquid Concealer Makeup, Natural Coverage, Lightweight, Conceals, Covers Oil-Free, Fair, 1 Count (Packaging May Vary)</p><p>$6.31</p><a href="https://www.amazon.com/dp/B0046VJV36?tag=eloabder-20&linkCode=osi&th=1&psc=1">View Product</a></div><div class="product"><a href="https://www.amazon.com/dp/B07ZR1CQHS?tag=eloabder-20&linkCode=osi&th=1&psc=1"><img src="https://m.media-amazon.com/images/I/31s0zWRX+4L._SL500_.jpg" alt="Product Image"></a><p>e.l.f. 16HR Camo Concealer, Full Coverage, Highly Pigmented Concealer With Matte Finish, Crease-proof, Vegan & Cruelty-Free, Light Ivory, 0.203 Fl Oz</p><p>$7.00</p><a href="https://www.amazon.com/dp/B07ZR1CQHS?tag=eloabder-20&linkCode=osi&th=1&psc=1">View Product</a></div><div class="product"><a href="https://www.amazon.com/dp/B009WI05BU?tag=eloabder-20&linkCode=osi&th=1&psc=1"><img src="https://m.media-amazon.com/images/I/312BFbzGKlL._SL500_.jpg" alt="Product Image"></a><p>L.A. Girl Pro Concealer, Fawn, 0.28 Oz (LAX-GC983-A)</p><p>$4.99</p><a href="https://www.amazon.com/dp/B009WI05BU?tag=eloabder-20&linkCode=osi&th=1&psc=1">View Product</a></div><div class="product"><a href="https://www.amazon.com/dp/B0814SLHQH?tag=eloabder-20&linkCode=osi&th=1&psc=1"><img src="https://m.media-amazon.com/images/I/312GW4aGnRL._SL500_.jpg" alt="Product Image"></a><p>Neutrogena Healthy Skin Radiant Brightening Cream Concealer with Peptides & Vitamin E Antioxidant,Lightweight Perfecting Concealer,Non-Comedogenic,Bisque Light/Medium 02 neutral undertones,0.24 oz</p><p>$5.62</p><a href="https://www.amazon.com/dp/B0814SLHQH?tag=eloabder-20&linkCode=osi&th=1&psc=1">View Product</a></div><div class="product"><a href="https://www.amazon.com/dp/B06XQWS1N9?tag=eloabder-20&linkCode=osi&th=1&psc=1"><img src="https://m.media-amazon.com/images/I/31rKumTg1GL._SL500_.jpg" alt="Product Image"></a><p>COVERGIRL Smoothers Concealer, Medium 715, 0.14 ounce (packaging may vary)</p><p>$7.28</p><a href="https://www.amazon.com/dp/B06XQWS1N9?tag=eloabder-20&linkCode=osi&th=1&psc=1">View Product</a></div><div class="product"><a href="https://www.amazon.com/dp/B07GWH2GDP?tag=eloabder-20&linkCode=osi&th=1&psc=1"><img src="https://m.media-amazon.com/images/I/41U+lbOEtuL._SL500_.jpg" alt="Product Image"></a><p>IT Cosmetics Bye Bye Under Eye Full Coverage Concealer - for Dark Circles, Fine Lines, Redness & Discoloration – Waterproof - Anti-Aging - Natural Finish – 0.4 fl oz</p><p>$17.40 ($43.50 / Fl Oz)</p><a href="https://www.amazon.com/dp/B07GWH2GDP?tag=eloabder-20&linkCode=osi&th=1&psc=1">View Product</a></div><div class="product"><a href="https://www.amazon.com/dp/B07H67H5LH?tag=eloabder-20&linkCode=osi&th=1&psc=1"><img src="https://m.media-amazon.com/images/I/31bWoYCj-nL._SL500_.jpg" alt="Product Image"></a><p>L'Oreal Paris Makeup Infallible Full Wear Waterproof Matte Concealer, Full Coverage, Ivory, 0.33 fl. oz.</p><p>$10.82</p><a href="https://www.amazon.com/dp/B07H67H5LH?tag=eloabder-20&linkCode=osi&th=1&psc=1">View Product</a></div><div class="product"><a href="https://www.amazon.com/dp/B0B51NLJWQ?tag=eloabder-20&linkCode=osi&th=1&psc=1"><img src="https://m.media-amazon.com/images/I/31GXqccxM0L._SL500_.jpg" alt="Product Image"></a><p>Fièra Luxury Concealer with Anti-Aging - All Day Coverage for Dark Circles, Fine Lines, Wrinkles & Spots - Neutral Beige, 0.5 Ounce</p><p>$27.00</p><a href="https://www.amazon.com/dp/B0B51NLJWQ?tag=eloabder-20&linkCode=osi&th=1&psc=1">View Product</a></div>
<div class="product"><a href="https://www.amazon.com/dp/B092JQ23N5?tag=eloabder-20&linkCode=osi&th=1&psc=1"><img src="https://m.media-amazon.com/images/I/51OUufwItlL._SL500_.jpg" alt="Product Image"></a><p>URBAN DECAY 24/7 Longwear Eyeshadow Single (Sin - Champagne Shimmer), High-Pigment Eye Shadow Compact, Smooth & Blendable Colors, Crease-free, Vegan - 0.06 oz</p><p>$22.00</p><a href="https://www.amazon.com/dp/B092JQ23N5?tag=eloabder-20&linkCode=osi&th=1&psc=1">View Product</a></div><div class="product"><a href="https://www.amazon.com/dp/B01IW02HX2?tag=eloabder-20&linkCode=osi&th=1&psc=1"><img src="https://m.media-amazon.com/images/I/510F-WOAL4L._SL500_.jpg" alt="Product Image"></a><p>NYX PROFESSIONAL MAKEUP Ultimate Shadow Palette, Eyeshadow Palette - Warm Neutrals</p><p>$12.40</p><a href="https://www.amazon.com/dp/B01IW02HX2?tag=eloabder-20&linkCode=osi&th=1&psc=1">View Product</a></div><div class="product"><a href="https://www.amazon.com/dp/B085WR3YDT?tag=eloabder-20&linkCode=osi&th=1&psc=1"><img src="https://m.media-amazon.com/images/I/41cuO8PyoTL._SL500_.jpg" alt="Product Image"></a><p>wet n wild Color Icon Cream Eyeshadow Multi-Stick, Moisturizing, Nourishing Velvety Cream-to-Powder Buildable & Blendable Formula, Cruelty-Free & Vegan - Champagne Room</p><p>$3.28</p><a href="https://www.amazon.com/dp/B085WR3YDT?tag=eloabder-20&linkCode=osi&th=1&psc=1">View Product</a></div><div class="product"><a href="https://www.amazon.com/dp/B00L5SMFJU?tag=eloabder-20&linkCode=osi&th=1&psc=1"><img src="https://m.media-amazon.com/images/I/41-WaM3A3tL._SL500_.jpg" alt="Product Image"></a><p>Covergirl Eye Enhancers Eye Shadow Palette, Natural Nudes, 0.19 Ounce</p><p>$4.97</p><a href="https://www.amazon.com/dp/B00L5SMFJU?tag=eloabder-20&linkCode=osi&th=1&psc=1">View Product</a></div><div class="product"><a href="https://www.amazon.com/dp/B01LW1983J?tag=eloabder-20&linkCode=osi&th=1&psc=1"><img src="https://m.media-amazon.com/images/I/51EsPf59XBL._SL500_.jpg" alt="Product Image"></a><p>Julep Eyeshadow 101 Crème to Powder Waterproof Eyeshadow Stick, Champagne Shimmer</p><p>$18.00</p><a href="https://www.amazon.com/dp/B01LW1983J?tag=eloabder-20&linkCode=osi&th=1&psc=1">View Product</a></div><div class="product"><a href="https://www.amazon.com/dp/B00UKP1M2K?tag=eloabder-20&linkCode=osi&th=1&psc=1"><img src="https://m.media-amazon.com/images/I/41hSsvPHKxL._SL500_.jpg" alt="Product Image"></a><p>Maybelline The Blushed Nudes Eyeshadow Palette Makeup, 12 Pigmented Matte & Shimmer Shades, Blendable Powder, 1 Count</p><p>$9.32</p><a href="https://www.amazon.com/dp/B00UKP1M2K?tag=eloabder-20&linkCode=osi&th=1&psc=1">View Product</a></div><div class="product"><a href="https://www.amazon.com/dp/B073ZBGLJF?tag=eloabder-20&linkCode=osi&th=1&psc=1"><img src="https://m.media-amazon.com/images/I/41go9Ug8AOL._SL500_.jpg" alt="Product Image"></a><p>BestLand 2 Pack 12 Colors Makeup Nude Colors Eyeshadow Palette Natural Nude Matte Shimmer Glitter Pigment Eye Shadow Pallete Set Waterproof Smokey Professional Beauty Makeup Kit (2 PCS)</p><p>$9.99</p><a href="https://www.amazon.com/dp/B073ZBGLJF?tag=eloabder-20&linkCode=osi&th=1&psc=1">View Product</a></div><div class="product"><a href="https://www.amazon.com/dp/B08RS6WNX7?tag=eloabder-20&linkCode=osi&th=1&psc=1"><img src="https://m.media-amazon.com/images/I/51qCii788PL._SL500_.jpg" alt="Product Image"></a><p>wet n wild Color Icon 5-Pan Palette Brown Walking On Eggshells</p><p>$3.19</p><a href="https://www.amazon.com/dp/B08RS6WNX7?tag=eloabder-20&linkCode=osi&th=1&psc=1">View Product</a></div><div class="product"><a href="https://www.amazon.com/dp/B0CV5ZTFCR?tag=eloabder-20&linkCode=osi&th=1&psc=1"><img src="https://m.media-amazon.com/images/I/21inptU-eJL._SL500_.jpg" alt="Product Image"></a><p>Covergirl Clean Eye Color, French Violet, Eyeshadow Sticks, Ultra Creamy Formula, Lightweight, Buildable Formula, Lasts All Day, Smudge-Proof, 0.05oz</p><p>$8.98</p><a href="https://www.amazon.com/dp/B0CV5ZTFCR?tag=eloabder-20&linkCode=osi&th=1&psc=1">View Product</a></div><div class="product"><a href="https://www.amazon.com/dp/B0CXF99TNQ?tag=eloabder-20&linkCode=osi&th=1&psc=1"><img src="https://m.media-amazon.com/images/I/31kCYsLvwwL._SL500_.jpg" alt="Product Image"></a><p>L'Oreal Paris Makeup Paradise Le Shadow Stick Eyeshadow, Blendable, Smudge-Resistant, Cream Eyeshadow, 120 Magnetic Mauve (Shimmering Lavender Mauve), 0.05 Oz</p><p>$9.98</p><a href="https://www.amazon.com/dp/B0CXF99TNQ?tag=eloabder-20&linkCode=osi&th=1&psc=1">View Product</a></div>
<div class="product"><a href="https://www.amazon.com/dp/B0BG7MWNNN?tag=eloabder-20&linkCode=osi&th=1&psc=1"><img src="https://m.media-amazon.com/images/I/41E8W4N+FkL._SL500_.jpg" alt="Product Image"></a><p>Prime Prometics PrimeLash Mascara for Older Women – Volumizing, Incredible Length in 2 Coats – Long-Stay, Zero Clumps, Hypoallergenic (Brown)</p><p>$28.00</p><a href="https://www.amazon.com/dp/B0BG7MWNNN?tag=eloabder-20&linkCode=osi&th=1&psc=1">View Product</a></div><div class="product"><a href="https://www.amazon.com/dp/B00T0C9XRK?tag=eloabder-20&linkCode=osi&th=1&psc=1"><img src="https://m.media-amazon.com/images/I/41IP2ZEXFNL._SL500_.jpg" alt="Product Image"></a><p>essence | Lash Princess False Lash Effect Mascara | Volumizing & Lengthening | Cruelty Free & Paraben Free</p><p>$4.99 ($12.17 / Fl Oz )</p><a href="https://www.amazon.com/dp/B00T0C9XRK?tag=eloabder-20&linkCode=osi&th=1&psc=1">View Product</a></div><div class="product"><a href="https://www.amazon.com/dp/B01DPA6OHO?tag=eloabder-20&linkCode=osi&th=1&psc=1"><img src="https://m.media-amazon.com/images/I/31xGLWu4IKL._SL500_.jpg" alt="Product Image"></a><p>L'Oreal Paris Makeup Voluminous Lash Boosting Conditioning Primer Mascara, White Primer, 0.24 fl; oz.</p><p>$8.98</p><a href="https://www.amazon.com/dp/B01DPA6OHO?tag=eloabder-20&linkCode=osi&th=1&psc=1">View Product</a></div><div class="product"><a href="https://www.amazon.com/dp/B004BD107O?tag=eloabder-20&linkCode=osi&th=1&psc=1"><img src="https://m.media-amazon.com/images/I/31OWqsdljyL._SL500_.jpg" alt="Product Image"></a><p>L'Oreal Paris Makeup Telescopic Original Lengthening Mascara, Blackest Black, 0.27 Fl Oz (1 Count)</p><p>$10.99</p><a href="https://www.amazon.com/dp/B004BD107O?tag=eloabder-20&linkCode=osi&th=1&psc=1">View Product</a></div><div class="product"><a href="https://www.amazon.com/dp/B06XF2TR11?tag=eloabder-20&linkCode=osi&th=1&psc=1"><img src="https://m.media-amazon.com/images/I/31B6RR270IL._SL500_.jpg" alt="Product Image"></a><p>L'Oreal Paris Voluminous Makeup Lash Paradise Mascara, Voluptuous Volume, Intense Length, Feathery Soft Full Lashes, No Flaking, No Smudging, No Clumping, Blackest Black, 1 Count</p><p>$9.97</p><a href="https://www.amazon.com/dp/B06XF2TR11?tag=eloabder-20&linkCode=osi&th=1&psc=1">View Product</a></div><div class="product"><a href="https://www.amazon.com/dp/B00PFCT2R0?tag=eloabder-20&linkCode=osi&th=1&psc=1"><img src="https://m.media-amazon.com/images/I/31RyE6ZtDIL._SL500_.jpg" alt="Product Image"></a><p>Maybelline Lash Sensational Washable Mascara, Lengthening and Volumizing for a Full Fan Effect, Blackest Black, 1 Count</p><p>$9.09</p><a href="https://www.amazon.com/dp/B00PFCT2R0?tag=eloabder-20&linkCode=osi&th=1&psc=1">View Product</a></div><div class="product"><a href="https://www.amazon.com/dp/B08TPCHYLW?tag=eloabder-20&linkCode=osi&th=1&psc=1"><img src="https://m.media-amazon.com/images/I/31EWIaihEwL._SL500_.jpg" alt="Product Image"></a><p>Lancôme Lash Idôle Lash-Lifting & Volumizing Mascara - Black Mascara for Instant Volume, Length & Lift - Smudge Proof & Up To 24H Wear - Black</p><p>$30.00 ($111.11 / Fl Oz)</p><a href="https://www.amazon.com/dp/B08TPCHYLW?tag=eloabder-20&linkCode=osi&th=1&psc=1">View Product</a></div><div class="product"><a href="https://www.amazon.com/dp/B08M96YZN1?tag=eloabder-20&linkCode=osi&th=1&psc=1"><img src="https://m.media-amazon.com/images/I/31ByMmFi-qL._SL500_.jpg" alt="Product Image"></a><p>CoverGirl Lash Blast Clean Volume Mascara, Vegan Formula, Volumizing, Smudge-Proof, Cruelty Free, Very Black, 1 Count</p><p>$9.37</p><a href="https://www.amazon.com/dp/B08M96YZN1?tag=eloabder-20&linkCode=osi&th=1&psc=1">View Product</a></div>
<div class="product"><a href="https://www.amazon.com/dp/B0C9TXLWLY?tag=eloabder-20&linkCode=osi&th=1&psc=1"><img src="https://m.media-amazon.com/images/I/31-5KVw5KDL._SL500_.jpg" alt="Product Image"></a><p>PRIME PROMETICS PrimeEyes Glide Eyeliner for Mature Women – Water-Resistant, Long-Stay and Mess-Proof – Gel Cream Texture, Discreet Sharpener and Effective Smudger (Black)</p><p>$28.00 ($28.00 / Count)</p><a href="https://www.amazon.com/dp/B0C9TXLWLY?tag=eloabder-20&linkCode=osi&th=1&psc=1">View Product</a></div><div class="product"><a href="https://www.amazon.com/dp/B07MWSXPT1?tag=eloabder-20&linkCode=osi&th=1&psc=1"><img src="https://m.media-amazon.com/images/I/315xthaPi6L._SL500_.jpg" alt="Product Image"></a><p>e.l.f. No Budge Retractable Eyeliner, Creamy, Ultra-Pigmented & Waterproof, Creates Bold & Defined Lines, Vegan & Cruelty-Free, Black 0.006 Oz</p><p>$4.00</p><a href="https://www.amazon.com/dp/B07MWSXPT1?tag=eloabder-20&linkCode=osi&th=1&psc=1">View Product</a></div><div class="product"><a href="https://www.amazon.com/dp/B074Y8LM6T?tag=eloabder-20&linkCode=osi&th=1&psc=1"><img src="https://m.media-amazon.com/images/I/316blXt1KxL._SL500_.jpg" alt="Product Image"></a><p>NYX PROFESSIONAL MAKEUP Epic Ink Liner, Waterproof Liquid Eyeliner - Black, Vegan Formula</p><p>$8.06</p><a href="https://www.amazon.com/dp/B074Y8LM6T?tag=eloabder-20&linkCode=osi&th=1&psc=1">View Product</a></div><div class="product"><a href="https://www.amazon.com/dp/B01J1A3TFW?tag=eloabder-20&linkCode=osi&th=1&psc=1"><img src="https://m.media-amazon.com/images/I/51z42sdOArL._SL500_.jpg" alt="Product Image"></a><p>Revlon Pencil Eyeliner, ColorStay Eye Makeup with Built-in Sharpener, Waterproof, Smudge-proof, Longwearing with Ultra-Fine Tip, 201 Black, 2 count (Pack of 1)</p><p>$11.38</p><a href="https://www.amazon.com/dp/B01J1A3TFW?tag=eloabder-20&linkCode=osi&th=1&psc=1">View Product</a></div><div class="product"><a href="https://www.amazon.com/dp/B07W8JJ61X?tag=eloabder-20&linkCode=osi&th=1&psc=1"><img src="https://m.media-amazon.com/images/I/31wj5vRROwL._SL500_.jpg" alt="Product Image"></a><p>Maybelline Hyper Easy Liquid Pen No-Skip Eyeliner, Satin Finish, Waterproof Formula, Pitch Black, 0.018 Fl Oz</p><p>$8.38</p><a href="https://www.amazon.com/dp/B07W8JJ61X?tag=eloabder-20&linkCode=osi&th=1&psc=1">View Product</a></div><div class="product"><a href="https://www.amazon.com/dp/B005G9E9FW?tag=eloabder-20&linkCode=osi&th=1&psc=1"><img src="https://m.media-amazon.com/images/I/51poZdEojrL._SL500_.jpg" alt="Product Image"></a><p>NYX PROFESSIONAL MAKEUP Vivid Rich Mechanical Eye Pencil, Vivid Rich Mechanical, Creamy Retractable Eyeliner - Smokin Topaz, Brown Eyeliner</p><p>$6.00</p><a href="https://www.amazon.com/dp/B005G9E9FW?tag=eloabder-20&linkCode=osi&th=1&psc=1">View Product</a></div><div class="product"><a href="https://www.amazon.com/dp/B07NX61ZHN?tag=eloabder-20&linkCode=osi&th=1&psc=1"><img src="https://m.media-amazon.com/images/I/31kQNTwJazL._SL500_.jpg" alt="Product Image"></a><p>Rimmel London exaggerate auto waterproof eye definer in blackest black, 2 Count</p><p>$6.97</p><a href="https://www.amazon.com/dp/B07NX61ZHN?tag=eloabder-20&linkCode=osi&th=1&psc=1">View Product</a></div><div class="product"><a href="https://www.amazon.com/dp/B0BQWT8R9K?tag=eloabder-20&linkCode=osi&th=1&psc=1"><img src="https://m.media-amazon.com/images/I/31F1asQuosL._SL500_.jpg" alt="Product Image"></a><p>wet n wild Breakup Proof Liquid Eyeliner - Ultra-Fine Brush, Waterproof, Long-Lasting - Cruelty-Free & Vegan - Ultra Black</p><p>$4.04</p><a href="https://www.amazon.com/dp/B0BQWT8R9K?tag=eloabder-20&linkCode=osi&th=1&psc=1">View Product</a></div><div class="product"><a href="https://www.amazon.com/dp/B082YPRCMM?tag=eloabder-20&linkCode=osi&th=1&psc=1"><img src="https://m.media-amazon.com/images/I/317ubI9GTBL._SL500_.jpg" alt="Product Image"></a><p>wet n wild Mega Last Breakup Proof Eyeliner, Quick Drying, Waterproof, 16-Hour Wear - Cruelty-Free & Vegan - Blackest Black</p><p>$2.28</p><a href="https://www.amazon.com/dp/B082YPRCMM?tag=eloabder-20&linkCode=osi&th=1&psc=1">View Product</a></div><div class="product"><a href="https://www.amazon.com/dp/B07GX832KD?tag=eloabder-20&linkCode=osi&th=1&psc=1"><img src="https://m.media-amazon.com/images/I/315wR2F58-L._SL500_.jpg" alt="Product Image"></a><p>Maybelline TattooStudio Long-Lasting Sharpenable Eyeliner Pencil, Glide on Smooth Gel Pigments with 36 Hour Wear, Waterproof, Deep Onyx, 1 Count</p><p>$6.66</p><a href="https://www.amazon.com/dp/B07GX832KD?tag=eloabder-20&linkCode=osi&th=1&psc=1">View Product</a></div>
<div class="product"><a href="https://www.amazon.com/dp/B09T8DQ1SG?tag=eloabder-20&linkCode=osi&th=1&psc=1"><img src="https://m.media-amazon.com/images/I/41gpuwrIhOL._SL500_.jpg" alt="Product Image"></a><p>Maybelline Super Stay Vinyl Ink Longwear No-Budge Liquid Lipcolor Makeup, Highly Pigmented Color and Instant Shine, Royal, Deep Wine Red Lipstick, 0.14 fl oz, 1 Count</p><p>$9.82</p><a href="https://www.amazon.com/dp/B09T8DQ1SG?tag=eloabder-20&linkCode=osi&th=1&psc=1">View Product</a></div><div class="product"><a href="https://www.amazon.com/dp/B004BCTEF0?tag=eloabder-20&linkCode=osi&th=1&psc=1"><img src="https://m.media-amazon.com/images/I/31G9f-P8tML._SL500_.jpg" alt="Product Image"></a><p>L’Oréal Paris Colour Riche Original Creamy, Hydrating Satin Lipstick with Argan Oil and Vitamin E, Saucy Mauve , 1 Count</p><p>$6.71</p><a href="https://www.amazon.com/dp/B004BCTEF0?tag=eloabder-20&linkCode=osi&th=1&psc=1">View Product</a></div><div class="product"><a href="https://www.amazon.com/dp/B08H4FSGDX?tag=eloabder-20&linkCode=osi&th=1&psc=1"><img src="https://m.media-amazon.com/images/I/31OAiyoloML._SL500_.jpg" alt="Product Image"></a><p>Maybelline Super Stay Matte Ink Liquid Lipstick Makeup, Long Lasting High Impact Color, Up to 16H Wear, Exhilarator, Ruby Red, 1 Count</p><p>$9.18</p><a href="https://www.amazon.com/dp/B08H4FSGDX?tag=eloabder-20&linkCode=osi&th=1&psc=1">View Product</a></div><div class="product"><a href="https://www.amazon.com/dp/B07XTTDTWR?tag=eloabder-20&linkCode=osi&th=1&psc=1"><img src="https://m.media-amazon.com/images/I/31M4QldCq3L._SL500_.jpg" alt="Product Image"></a><p>REVLON Lipstick, Super Lustrous Lipstick, Creamy Formula For Soft, Fuller-Looking Lips, Moisturized Feel in Nudes & Browns, Bare It All (755) 0.15 oz</p><p>$6.48</p><a href="https://www.amazon.com/dp/B07XTTDTWR?tag=eloabder-20&linkCode=osi&th=1&psc=1">View Product</a></div><div class="product"><a href="https://www.amazon.com/dp/B079KFP7NT?tag=eloabder-20&linkCode=osi&th=1&psc=1"><img src="https://m.media-amazon.com/images/I/41Ih8G0FSmL._SL500_.jpg" alt="Product Image"></a><p>wet n wild Silk Finish Lipstick, Hydrating Rich Buildable Lip Color, Formulated with Vitamins A,E, & Macadamia for Ultimate Hydration, Cruelty-Free & Vegan - Raging Red</p><p>$1.29</p><a href="https://www.amazon.com/dp/B079KFP7NT?tag=eloabder-20&linkCode=osi&th=1&psc=1">View Product</a></div><div class="product"><a href="https://www.amazon.com/dp/B002F3R44K?tag=eloabder-20&linkCode=osi&th=1&psc=1"><img src="https://m.media-amazon.com/images/I/41-gXIE96GL._SL500_.jpg" alt="Product Image"></a><p>Revlon Lipstick, Super Lustrous Lipstick, Creamy Formula For Soft, Fuller-Looking Lips, Moisturized Feel in Pinks, Pink In The Afternoon (415) 0.15 oz</p><p>$6.48</p><a href="https://www.amazon.com/dp/B002F3R44K?tag=eloabder-20&linkCode=osi&th=1&psc=1">View Product</a></div><div class="product"><a href="https://www.amazon.com/dp/B001LFER98?tag=eloabder-20&linkCode=osi&th=1&psc=1"><img src="https://m.media-amazon.com/images/I/41wezVKuIoL._SL500_.jpg" alt="Product Image"></a><p>REVLON Lipstick, Super Lustrous Lipstick, Creamy Formula For Soft, Fuller-Looking Lips, Moisturized Feel in Reds & Corals, Peach Me (628) 0.15 oz</p><p>$4.99</p><a href="https://www.amazon.com/dp/B001LFER98?tag=eloabder-20&linkCode=osi&th=1&psc=1">View Product</a></div><div class="product"><a href="https://www.amazon.com/dp/B082YQ2978?tag=eloabder-20&linkCode=osi&th=1&psc=1"><img src="https://m.media-amazon.com/images/I/31QsMhXUSeL._SL500_.jpg" alt="Product Image"></a><p>wet n wild Mega Last High-Shine Lipstick Lip Color, Infused with Seed Oils For a Nourishing High-Shine, Buildable & Blendable Creamy Color, Cruelty-Free & Vegan - Mad for Mauve</p><p>$2.28</p><a href="https://www.amazon.com/dp/B082YQ2978?tag=eloabder-20&linkCode=osi&th=1&psc=1">View Product</a></div>
<div class="product"><a href="https://www.amazon.com/dp/B09SP2XHKT?tag=eloabder-20&linkCode=osi&th=1&psc=1"><img src="https://m.media-amazon.com/images/I/31KGrScgA8L._SL500_.jpg" alt="Product Image"></a><p>NYX PROFESSIONAL MAKEUP Butter Gloss, Non-Sticky Lip Gloss - Sugar Glass (Clear)</p><p>$5.99</p><a href="https://www.amazon.com/dp/B09SP2XHKT?tag=eloabder-20&linkCode=osi&th=1&psc=1">View Product</a></div><div class="product"><a href="https://www.amazon.com/dp/B08GSTZ7ZW?tag=eloabder-20&linkCode=osi&th=1&psc=1"><img src="https://m.media-amazon.com/images/I/41nPuTtXVgL._SL500_.jpg" alt="Product Image"></a><p>Ruby Kisses Broadway Vita-Lip Clear Lip Gloss - Moisturizing, Hydrating, Nourishing with Mint, Rosehip, Coconut, Mango, Argan, Honey & Shea</p><p>$7.99 ($2.12 / Ounce)</p><a href="https://www.amazon.com/dp/B08GSTZ7ZW?tag=eloabder-20&linkCode=osi&th=1&psc=1">View Product</a></div><div class="product"><a href="https://www.amazon.com/dp/B015RPE14S?tag=eloabder-20&linkCode=osi&th=1&psc=1"><img src="https://m.media-amazon.com/images/I/31FRC3fz7EL._SL500_.jpg" alt="Product Image"></a><p>L.A. Colors High Shine Shea Butter Lip Gloss, Clear, 0.14 Ounce</p><p>$1.98</p><a href="https://www.amazon.com/dp/B015RPE14S?tag=eloabder-20&linkCode=osi&th=1&psc=1">View Product</a></div><div class="product"><a href="https://www.amazon.com/dp/B00Q26VWZI?tag=eloabder-20&linkCode=osi&th=1&psc=1"><img src="https://m.media-amazon.com/images/I/31Bqig96T0L._SL500_.jpg" alt="Product Image"></a><p>Rimmel Stay Glossy Lip Gloss - Non-Sticky and Lightweight Formula for Lip Color and Shine - 130 Blushing Belgraves, .18oz</p><p>$4.32</p><a href="https://www.amazon.com/dp/B00Q26VWZI?tag=eloabder-20&linkCode=osi&th=1&psc=1">View Product</a></div><div class="product"><a href="https://www.amazon.com/dp/B0C1MH8R2M?tag=eloabder-20&linkCode=osi&th=1&psc=1"><img src="https://m.media-amazon.com/images/I/31adT7DtBYL._SL500_.jpg" alt="Product Image"></a><p>Maybelline New York Lifter Gloss Hydrating Lip Gloss with Hyaluronic Acid, Gummy Bear, Sheer Light Pink, 1 Count</p><p>$8.98</p><a href="https://www.amazon.com/dp/B0C1MH8R2M?tag=eloabder-20&linkCode=osi&th=1&psc=1">View Product</a></div><div class="product"><a href="https://www.amazon.com/dp/B01N1ZC8JZ?tag=eloabder-20&linkCode=osi&th=1&psc=1"><img src="https://m.media-amazon.com/images/I/41fsaqWz6SL._SL500_.jpg" alt="Product Image"></a><p>Broadway Vita-Lip Clear Lip Gloss 0.47oz/14ml (5PCS Mint & Coconut & Rosehip & Mango Butter & Argan Oil) (5 PCS SET)</p><p>$5.99</p><a href="https://www.amazon.com/dp/B01N1ZC8JZ?tag=eloabder-20&linkCode=osi&th=1&psc=1">View Product</a></div><div class="product"><a href="https://www.amazon.com/dp/B07DY2QRF6?tag=eloabder-20&linkCode=osi&th=1&psc=1"><img src="https://m.media-amazon.com/images/I/31qXrVfhvCL._SL500_.jpg" alt="Product Image"></a><p>LANEIGE Lip Glowy Balm Berry: Hydrate, Glossy, Lightweight, Moisturize & Tint with Shea Butter</p><p>$19.00 ($54.29 / Ounce)</p><a href="https://www.amazon.com/dp/B07DY2QRF6?tag=eloabder-20&linkCode=osi&th=1&psc=1">View Product</a></div><div class="product"><a href="https://www.amazon.com/dp/B09DMGWJKY?tag=eloabder-20&linkCode=osi&th=1&psc=1"><img src="https://m.media-amazon.com/images/I/41nIFmIKHRL._SL500_.jpg" alt="Product Image"></a><p>Broadway Vita-Lip Clear Lip Gloss Moisturizing Hydrating Nourishing Long Lasting High Shine Glossy Lip Care Gloss 0.47oz/14ml (10 PCS SET)</p><p>$9.99</p><a href="https://www.amazon.com/dp/B09DMGWJKY?tag=eloabder-20&linkCode=osi&th=1&psc=1">View Product</a></div><div class="product"><a href="https://www.amazon.com/dp/B0BSR85M24?tag=eloabder-20&linkCode=osi&th=1&psc=1"><img src="https://m.media-amazon.com/images/I/31eKHNoE3KL._SL500_.jpg" alt="Product Image"></a><p>e.l.f. Lip Lacquer, Nourishing, Non-Sticky Ultra-Shine Lip Gloss With Sheer Color, Infused With Vitamins A & E, Vegan & Cruelty-Free, Whisper Pink</p><p>$3.00</p><a href="https://www.amazon.com/dp/B0BSR85M24?tag=eloabder-20&linkCode=osi&th=1&psc=1">View Product</a></div><div class="product"><a href="https://www.amazon.com/dp/B081C6PXZJ?tag=eloabder-20&linkCode=osi&th=1&psc=1"><img src="https://m.media-amazon.com/images/I/51+emO79aqL._SL500_.jpg" alt="Product Image"></a><p>NICKA K NEW YORK VARIETY SET OF 5 NK Hydrating Lip Gel - Vitamin E (Clear, Rosehip Oil, Bubble Gum, Cherry, Strawberry)</p><p>$5.43</p><a href="https://www.amazon.com/dp/B081C6PXZJ?tag=eloabder-20&linkCode=osi&th=1&psc=1">View Product</a></div>
<div class="product"><a href="https://www.amazon.com/dp/B07PNCB73M?tag=eloabder-20&linkCode=osi&th=1&psc=1"><img src="https://m.media-amazon.com/images/I/41+KYSFOLML._SL500_.jpg" alt="Product Image"></a><p>Milani Baked Blush - Petal Primavera (0.12 Ounce) Cruelty-Free Powder Blush - Shape, Contour & Highlight Face for a Shimmery or Matte Finish</p><p>$8.97</p><a href="https://www.amazon.com/dp/B07PNCB73M?tag=eloabder-20&linkCode=osi&th=1&psc=1">View Product</a></div><div class="product"><a href="https://www.amazon.com/dp/B0CZ5HLDK9?tag=eloabder-20&linkCode=osi&th=1&psc=1"><img src="https://m.media-amazon.com/images/I/41rZu1cS8QL._SL500_.jpg" alt="Product Image"></a><p>NYX PROFESSIONAL MAKEUP Buttermelt Powder Blush, Fade and Transfer-Resistant Blush, Up to 12HR Make Up Wear, Vegan Formula - For The Butta</p><p>$9.97</p><a href="https://www.amazon.com/dp/B0CZ5HLDK9?tag=eloabder-20&linkCode=osi&th=1&psc=1">View Product</a></div><div class="product"><a href="https://www.amazon.com/dp/B0CPFYGNR7?tag=eloabder-20&linkCode=osi&th=1&psc=1"><img src="https://m.media-amazon.com/images/I/31EJvMa7jyL._SL500_.jpg" alt="Product Image"></a><p>e.l.f. Camo Liquid Blush, Long-lasting Liquid Blush For High-pigment Color, Creates A Soft, Dewy Finish, Vegan & Cruelty-free, Dusty Rosé</p><p>$7.00</p><a href="https://www.amazon.com/dp/B0CPFYGNR7?tag=eloabder-20&linkCode=osi&th=1&psc=1">View Product</a></div><div class="product"><a href="https://www.amazon.com/dp/B06XDNPXD1?tag=eloabder-20&linkCode=osi&th=1&psc=1"><img src="https://m.media-amazon.com/images/I/41IryPTf51L._SL500_.jpg" alt="Product Image"></a><p>Maybelline Fit Me Powder Blush, Lightweight, Smooth, Blendable, Long-lasting All-Day Face Enhancing Makeup Color, Mauve, 1 Count</p><p>$4.62</p><a href="https://www.amazon.com/dp/B06XDNPXD1?tag=eloabder-20&linkCode=osi&th=1&psc=1">View Product</a></div><div class="product"><a href="https://www.amazon.com/dp/B082YPNTZ4?tag=eloabder-20&linkCode=osi&th=1&psc=1"><img src="https://m.media-amazon.com/images/I/41vtXkWXs8L._SL500_.jpg" alt="Product Image"></a><p>wet n wild Color Icon Blush, Effortless Glow & Seamless Blend infused with Luxuriously Smooth Jojoba Oil, Sheer Finish with a Matte Natural Glow, Cruelty-Free & Vegan - Pinch Me Pink</p><p>$3.28</p><a href="https://www.amazon.com/dp/B082YPNTZ4?tag=eloabder-20&linkCode=osi&th=1&psc=1">View Product</a></div><div class="product"><a href="https://www.amazon.com/dp/B0CPFWJJQJ?tag=eloabder-20&linkCode=osi&th=1&psc=1"><img src="https://m.media-amazon.com/images/I/41+GdEwyGqL._SL500_.jpg" alt="Product Image"></a><p>e.l.f. Primer-Infused Matte Blush, Long-Lasting, Lightweight & Buildable Powder Blush, Delivers A Matte Finish, Vegan & Cruelty-Free, Always Crushing</p><p>$7.00</p><a href="https://www.amazon.com/dp/B0CPFWJJQJ?tag=eloabder-20&linkCode=osi&th=1&psc=1">View Product</a></div><div class="product"><a href="https://www.amazon.com/dp/B0B64GX5LN?tag=eloabder-20&linkCode=osi&th=1&psc=1"><img src="https://m.media-amazon.com/images/I/31aZBeyUSsL._SL500_.jpg" alt="Product Image"></a><p>LAURA GELLER NEW YORK Serum Blush Tint, Lightweight Liquid Blush for Cheeks, Weightless Watercolor Sheer Finish, Practical Pink</p><p>$15.74</p><a href="https://www.amazon.com/dp/B0B64GX5LN?tag=eloabder-20&linkCode=osi&th=1&psc=1">View Product</a></div><div class="product"><a href="https://www.amazon.com/dp/B00J56D0G6?tag=eloabder-20&linkCode=osi&th=1&psc=1"><img src="https://m.media-amazon.com/images/I/31MVN0QAhfL._SL500_.jpg" alt="Product Image"></a><p>e.l.f. Cosmetics Powder Blush Palette, Four Blush Shades for Beautiful, Long-Lasting Pigment, Light</p><p>$6.00</p><a href="https://www.amazon.com/dp/B00J56D0G6?tag=eloabder-20&linkCode=osi&th=1&psc=1">View Product</a></div><div class="product"><a href="https://www.amazon.com/dp/B0BHFBBH25?tag=eloabder-20&linkCode=osi&th=1&psc=1"><img src="https://m.media-amazon.com/images/I/31uqOuPPf5L._SL500_.jpg" alt="Product Image"></a><p>SHEGLAM Color Bloom Liquid Blush Makeup for Cheeks Matte Finish - Love Cake</p><p>$6.99</p><a href="https://www.amazon.com/dp/B0BHFBBH25?tag=eloabder-20&linkCode=osi&th=1&psc=1">View Product</a></div><div class="product"><a href="https://www.amazon.com/dp/B07J47FHR1?tag=eloabder-20&linkCode=osi&th=1&psc=1"><img src="https://m.media-amazon.com/images/I/41Xyor9x2SL._SL500_.jpg" alt="Product Image"></a><p>Nars Blush in ORGASM Full Size 0.16 oz. / 4.8 g in Retail Box New Edition</p><p>$22.00</p><a href="https://www.amazon.com/dp/B07J47FHR1?tag=eloabder-20&linkCode=osi&th=1&psc=1">View Product</a></div>
<div class="product"><a href="https://www.amazon.com/dp/B018B8Q5Z6?tag=eloabder-20&linkCode=osi&th=1&psc=1"><img src="https://m.media-amazon.com/images/I/41D9ZHQRaSL._SL500_.jpg" alt="Product Image"></a><p>Physicians Formula Murumuru Butter Bronzer, Moisturizing, Nourishing Murumuru Butter Blend for Silky All-Day Luminous Glow, Dermatologist Tested, Hypoallergenic, Vegan & Cruelty-Free -Bronzer</p><p>$12.15</p><a href="https://www.amazon.com/dp/B018B8Q5Z6?tag=eloabder-20&linkCode=osi&th=1&psc=1">View Product</a></div><div class="product"><a href="https://www.amazon.com/dp/B001B0H82Q?tag=eloabder-20&linkCode=osi&th=1&psc=1"><img src="https://m.media-amazon.com/images/I/41I3B-YoLkL._SL500_.jpg" alt="Product Image"></a><p>Rimmel London Natural - 022 Sun Bronze - Bronzer, Matte Finish, 0.49oz</p><p>$3.97</p><a href="https://www.amazon.com/dp/B001B0H82Q?tag=eloabder-20&linkCode=osi&th=1&psc=1">View Product</a></div><div class="product"><a href="https://www.amazon.com/dp/B0BM5HX7DN?tag=eloabder-20&linkCode=osi&th=1&psc=1"><img src="https://m.media-amazon.com/images/I/41DwoHQgzsL._SL500_.jpg" alt="Product Image"></a><p>Benefit Hoola Matte Bronzer Mini 0.08 Ounce</p><p>$17.92</p><a href="https://www.amazon.com/dp/B0BM5HX7DN?tag=eloabder-20&linkCode=osi&th=1&psc=1">View Product</a></div><div class="product"><a href="https://www.amazon.com/dp/B07M7NGVW7?tag=eloabder-20&linkCode=osi&th=1&psc=1"><img src="https://m.media-amazon.com/images/I/51dvod9PjTL._SL500_.jpg" alt="Product Image"></a><p>wet n wild Color Icon Bronzer What Shady Beaches</p><p>$2.96</p><a href="https://www.amazon.com/dp/B07M7NGVW7?tag=eloabder-20&linkCode=osi&th=1&psc=1">View Product</a></div><div class="product"><a href="https://www.amazon.com/dp/B0CPFVTY7M?tag=eloabder-20&linkCode=osi&th=1&psc=1"><img src="https://m.media-amazon.com/images/I/41rO68Q0mlL._SL500_.jpg" alt="Product Image"></a><p>e.l.f. Primer-Infused Bronzer, Long-Lasting, Lightweight & Buildable Powder Bronzer, Delivers A Matte Finish, Vegan & Cruelty-Free, Fresh Tan</p><p>$7.00</p><a href="https://www.amazon.com/dp/B0CPFVTY7M?tag=eloabder-20&linkCode=osi&th=1&psc=1">View Product</a></div><div class="product"><a href="https://www.amazon.com/dp/B07ZR187P5?tag=eloabder-20&linkCode=osi&th=1&psc=1"><img src="https://m.media-amazon.com/images/I/410nkMFZLYL._SL500_.jpg" alt="Product Image"></a><p>e.l.f. Primer-infused Bronzer, Long-Wear, Matte, Bold, Lightweight, Blends Easily, Contours Cheeks, Forever Sun Kissed, All-Day Wear, 0.35 Oz</p><p>$7.00 ($20.00 / Ounce)</p><a href="https://www.amazon.com/dp/B07ZR187P5?tag=eloabder-20&linkCode=osi&th=1&psc=1">View Product</a></div><div class="product"><a href="https://www.amazon.com/dp/B00518N3VE?tag=eloabder-20&linkCode=osi&th=1&psc=1"><img src="https://m.media-amazon.com/images/I/41SzIseWK6L._SL500_.jpg" alt="Product Image"></a><p>Milani Baked Bronzer - Glow, Cruelty-Free Shimmer Bronzing Powder to Use For Contour Makeup, Highlighters Makeup, Bronzer Makeup, 0.25 Ounce</p><p>$9.97 ($39.88 / Ounce)</p><a href="https://www.amazon.com/dp/B00518N3VE?tag=eloabder-20&linkCode=osi&th=1&psc=1">View Product</a></div><div class="product"><a href="https://www.amazon.com/dp/B0CNTYPSSZ?tag=eloabder-20&linkCode=osi&th=1&psc=1"><img src="https://m.media-amazon.com/images/I/416D4Z7hQ8L._SL500_.jpg" alt="Product Image"></a><p>Milani Cheek Kiss Cream Bronzer-110 Hey Honey</p><p>$9.97</p><a href="https://www.amazon.com/dp/B0CNTYPSSZ?tag=eloabder-20&linkCode=osi&th=1&psc=1">View Product</a></div><div class="product"><a href="https://www.amazon.com/dp/B006WZ9O72?tag=eloabder-20&linkCode=osi&th=1&psc=1"><img src="https://m.media-amazon.com/images/I/51rDNo9JnqL._SL500_.jpg" alt="Product Image"></a><p>Physicians Formula Bronze Booster Glow-Boosting Season-to-Season, Customizable Seasonal Glow Glow, Lasting Tan Boost, Hypoallergenic Powder, Cruelty-Free & Hypoallergenic- Light-to-Medium</p><p>$12.98</p><a href="https://www.amazon.com/dp/B006WZ9O72?tag=eloabder-20&linkCode=osi&th=1&psc=1">View Product</a></div>
<div class="product"><a href="https://www.amazon.com/dp/B09288DSSX?tag=eloabder-20&linkCode=osi&th=1&psc=1"><img src="https://m.media-amazon.com/images/I/417z6evbmhL._SL500_.jpg" alt="Product Image"></a><p>KYDA Face Highlighter Palette, High Glossy Face Illuminator Palette, Narutal Glow Finish, Pearl Shimmer Smooth Baked Powder, Lasting Sparkling Highlighter Makeup-SUN GLOW</p><p>$9.99</p><a href="https://www.amazon.com/dp/B09288DSSX?tag=eloabder-20&linkCode=osi&th=1&psc=1">View Product</a></div><div class="product"><a href="https://www.amazon.com/dp/B082YPL2SV?tag=eloabder-20&linkCode=osi&th=1&psc=1"><img src="https://m.media-amazon.com/images/I/51Y+MCkwArL._SL500_.jpg" alt="Product Image"></a><p>Wet n Wild MegaGlo Blushlighter, Blendable Blush & Highlighter Set, Shimmery Metallic Finish, Highlight Bling</p><p>$5.47</p><a href="https://www.amazon.com/dp/B082YPL2SV?tag=eloabder-20&linkCode=osi&th=1&psc=1">View Product</a></div><div class="product"><a href="https://www.amazon.com/dp/B0C41PSDZF?tag=eloabder-20&linkCode=osi&th=1&psc=1"><img src="https://m.media-amazon.com/images/I/41FLNU-tL-L._SL500_.jpg" alt="Product Image"></a><p>NYX PROFESSIONAL MAKEUP, Jumbo Multi-Use Face Highlighter Stick - Vanilla Ice Cream</p><p>$7.97</p><a href="https://www.amazon.com/dp/B0C41PSDZF?tag=eloabder-20&linkCode=osi&th=1&psc=1">View Product</a></div><div class="product"><a href="https://www.amazon.com/dp/B0C6V67KJW?tag=eloabder-20&linkCode=osi&th=1&psc=1"><img src="https://m.media-amazon.com/images/I/31Yh8b8JEjL._SL500_.jpg" alt="Product Image"></a><p>e.l.f. Halo Glow Highlight Beauty Wand, Liquid Highlighter Wand For Luminous, Glowing Skin, Buildable Formula, Vegan & Cruelty-free,Champagne Campaign</p><p>$9.00</p><a href="https://www.amazon.com/dp/B0C6V67KJW?tag=eloabder-20&linkCode=osi&th=1&psc=1">View Product</a></div><div class="product"><a href="https://www.amazon.com/dp/B073WMG59J?tag=eloabder-20&linkCode=osi&th=1&psc=1"><img src="https://m.media-amazon.com/images/I/51fz8bpJNNL._SL500_.jpg" alt="Product Image"></a><p>wet n wild MegaGlo Highlighting Powder, Highlighter Makeup, Shimmer Glow, Pink Rose Gold Blossom Glow</p><p>$5.41</p><a href="https://www.amazon.com/dp/B073WMG59J?tag=eloabder-20&linkCode=osi&th=1&psc=1">View Product</a></div><div class="product"><a href="https://www.amazon.com/dp/B07QPY11KY?tag=eloabder-20&linkCode=osi&th=1&psc=1"><img src="https://m.media-amazon.com/images/I/312T7p8cW6L._SL500_.jpg" alt="Product Image"></a><p>Revolution Beauty, Reloaded Pressed Powder Highlighter, Intensely Pigmented for a High Impact Dewy Finish, Dare To Divulge, 0.22 Oz.</p><p>$6.91</p><a href="https://www.amazon.com/dp/B07QPY11KY?tag=eloabder-20&linkCode=osi&th=1&psc=1">View Product</a></div><div class="product"><a href="https://www.amazon.com/dp/B074PTZCNW?tag=eloabder-20&linkCode=osi&th=1&psc=1"><img src="https://m.media-amazon.com/images/I/31btEAGukiL._SL500_.jpg" alt="Product Image"></a><p>L'Oreal Paris Makeup True Match Lumi Glotion, Natural Glow Enhancer, Illuminator Highlighter Skin Tint, for an All Day Radiant Glow, Light, 1.35 Ounces</p><p>$12.81</p><a href="https://www.amazon.com/dp/B074PTZCNW?tag=eloabder-20&linkCode=osi&th=1&psc=1">View Product</a></div><div class="product"><a href="https://www.amazon.com/dp/B075K784FK?tag=eloabder-20&linkCode=osi&th=1&psc=1"><img src="https://m.media-amazon.com/images/I/51q6Nf009iL._SL500_.jpg" alt="Product Image"></a><p>Physicians Formula Murumuru Butter Highlighter Makeup Face Powder Make Up, Pearl, Dermatologist Approved</p><p>$10.00</p><a href="https://www.amazon.com/dp/B075K784FK?tag=eloabder-20&linkCode=osi&th=1&psc=1">View Product</a></div><div class="product"><a href="https://www.amazon.com/dp/B0BD9HYBKD?tag=eloabder-20&linkCode=osi&th=1&psc=1"><img src="https://m.media-amazon.com/images/I/319tXl8nMUL._SL500_.jpg" alt="Product Image"></a><p>LAURA GELLER NEW YORK Baked Natural Glow Highlighter Radiance Enhancing Makeup, French Vanilla</p><p>$18.99</p><a href="https://www.amazon.com/dp/B0BD9HYBKD?tag=eloabder-20&linkCode=osi&th=1&psc=1">View Product</a></div><div class="product"><a href="https://www.amazon.com/dp/B083574V27?tag=eloabder-20&linkCode=osi&th=1&psc=1"><img src="https://m.media-amazon.com/images/I/41fyFVpDrXL._SL500_.jpg" alt="Product Image"></a><p>Milani Baked Highlighter (Dolce Perla) - Cruelty-Free Powder Highlighter, Highlight Face for a Shimmery or Matte Finish</p><p>$10.97 ($39.18 / Ounce)</p><a href="https://www.amazon.com/dp/B083574V27?tag=eloabder-20&linkCode=osi&th=1&psc=1">View Product</a></div>
<div class="product"><a href="https://www.amazon.com/dp/B0CMHSNYG8?tag=eloabder-20&linkCode=osi&th=1&psc=1"><img src="https://m.media-amazon.com/images/I/51iVcKQ6eIL._SL500_.jpg" alt="Product Image"></a><p>JODSONE Gel Nail Set 20 Colors High Shine Gorgeous Gel Polish Base Top Matte Coat Nice Gifts Show Charm</p><p>$19.99</p><a href="https://www.amazon.com/dp/B0CMHSNYG8?tag=eloabder-20&linkCode=osi&th=1&psc=1">View Product</a></div><div class="product"><a href="https://www.amazon.com/dp/B09KC56289?tag=eloabder-20&linkCode=osi&th=1&psc=1"><img src="https://m.media-amazon.com/images/I/51M-P1nM7QL._SL500_.jpg" alt="Product Image"></a><p>JODSONE 36 PCS Gel Nail Polish Set-32 Colors Gel Polish Kit Base Coat Glossy Matte and Glitter Top Coat Nail Polish Set Green Blue Red Pink Collection Gifts for Women</p><p>$25.99</p><a href="https://www.amazon.com/dp/B09KC56289?tag=eloabder-20&linkCode=osi&th=1&psc=1">View Product</a></div><div class="product"><a href="https://www.amazon.com/dp/B00GXVVDG0?tag=eloabder-20&linkCode=osi&th=1&psc=1"><img src="https://m.media-amazon.com/images/I/21vF-y2FfJL._SL500_.jpg" alt="Product Image"></a><p>Essie Nail Polish, Salon-Quality, 8-free Vegan, Finish, Mademoiselle, 0.46 Ounces (Packaging May Vary) Sheer Pink</p><p>$8.99</p><a href="https://www.amazon.com/dp/B00GXVVDG0?tag=eloabder-20&linkCode=osi&th=1&psc=1">View Product</a></div><div class="product"><a href="https://www.amazon.com/dp/B0987JZSP8?tag=eloabder-20&linkCode=osi&th=1&psc=1"><img src="https://m.media-amazon.com/images/I/31VZYZfCKbL._SL500_.jpg" alt="Product Image"></a><p>OPI Nature Strong Vegan Nail Polish, Knowledge is Flower, Pink Nail Polish, Natural Origin, Cruelty-Free Nail Lacquer, 0.5 fl oz.</p><p>$12.99 ($25.98 / Fl Oz)</p><a href="https://www.amazon.com/dp/B0987JZSP8?tag=eloabder-20&linkCode=osi&th=1&psc=1">View Product</a></div><div class="product"><a href="https://www.amazon.com/dp/B0CYLRWVVF?tag=eloabder-20&linkCode=osi&th=1&psc=1"><img src="https://m.media-amazon.com/images/I/51G1EY8ny6L._SL500_.jpg" alt="Product Image"></a><p>modelones Pearl Nail Polish 6 Colors Shimmer Pearl White Pink Mermaid Purple Nail Polish Set Summer Quick Dry Nail Polish Finger Nail Polish Bulk Manicure Diy Nail Art Salon Home Gift For Women Girl</p><p>$12.99</p><a href="https://www.amazon.com/dp/B0CYLRWVVF?tag=eloabder-20&linkCode=osi&th=1&psc=1">View Product</a></div>
<div class="product"><a href="https://www.amazon.com/dp/B005HGWGVS?tag=eloabder-20&linkCode=osi&th=1&psc=1"><img src="https://m.media-amazon.com/images/I/41NVfMcQBQL._SL500_.jpg" alt="Product Image"></a><p>Hard As Hoof Nail Strengthening Cream with Coconut Scent, Nail Growth & Conditioning Cuticle Cream Stops Splits, Chips, Cracks & Strengthens Nails, 1 oz</p><p>$8.88</p><a href="https://www.amazon.com/dp/B005HGWGVS?tag=eloabder-20&linkCode=osi&th=1&psc=1">View Product</a></div><div class="product"><a href="https://www.amazon.com/dp/B08YMJ4X4B?tag=eloabder-20&linkCode=osi&th=1&psc=1"><img src="https://m.media-amazon.com/images/I/41JNcOM8lBL._SL500_.jpg" alt="Product Image"></a><p>C CARE Sweet Almond Cuticle Oil For Nails - Repairs Cuticles Overnight - Moisturizes and Strengthens Nails and Cuticles - Dropper & Brush included - 2.5oz</p><p>$5.97 ($2.39 / Fl Oz)</p><a href="https://www.amazon.com/dp/B08YMJ4X4B?tag=eloabder-20&linkCode=osi&th=1&psc=1">View Product</a></div><div class="product"><a href="https://www.amazon.com/dp/B0046MK34G?tag=eloabder-20&linkCode=osi&th=1&psc=1"><img src="https://m.media-amazon.com/images/I/41PPyJFVAlL._SL500_.jpg" alt="Product Image"></a><p>Sally Hansen Instant Cuticle Remover™, Nail Treatment, Fast Drying, Contains Aloe and Chamomile</p><p>$4.97</p><a href="https://www.amazon.com/dp/B0046MK34G?tag=eloabder-20&linkCode=osi&th=1&psc=1">View Product</a></div><div class="product"><a href="https://www.amazon.com/dp/B00F644LTQ?tag=eloabder-20&linkCode=osi&th=1&psc=1"><img src="https://m.media-amazon.com/images/I/31+v2SZDagL._SL500_.jpg" alt="Product Image"></a><p>Cuccio Naturale Revitalizing- Hydrating Oil For Repaired Cuticles Overnight - Remedy For Damaged Skin And Thin Nails - Paraben /Cruelty-Free Formula - Milk And Honey - 2.5 Oz</p><p>$9.48 ($3.79 / Fl Oz)</p><a href="https://www.amazon.com/dp/B00F644LTQ?tag=eloabder-20&linkCode=osi&th=1&psc=1">View Product</a></div><div class="product"><a href="https://www.amazon.com/dp/B007QBKX08?tag=eloabder-20&linkCode=osi&th=1&psc=1"><img src="https://m.media-amazon.com/images/I/51BgkFaTnpL._SL500_.jpg" alt="Product Image"></a><p>Nail Tek Repairs Damaged Nails kit.Intensive Therapy(.5OZ),Foundation(.5OZ)& Renew(.48OZ)</p><p>$14.95</p><a href="https://www.amazon.com/dp/B007QBKX08?tag=eloabder-20&linkCode=osi&th=1&psc=1">View Product</a></div>
<div class="product"><a href="https://www.amazon.com/dp/B017PCGAXQ?tag=eloabder-20&linkCode=osi&th=1&psc=1"><img src="https://m.media-amazon.com/images/I/31-daQlUgGL._SL500_.jpg" alt="Product Image"></a><p>Garnier Micellar Water For Waterproof Makeup, Hydrating Facial Cleanser & Makeup Remover, Suitable for Sensitive Skin, Vegan, Cruelty Free, 13.5 Fl Oz (400mL), 1 Count</p><p>$8.97 ($0.66 / Fl Oz)</p><a href="https://www.amazon.com/dp/B017PCGAXQ?tag=eloabder-20&linkCode=osi&th=1&psc=1">View Product</a></div><div class="product"><a href="https://www.amazon.com/dp/B017PCGABI?tag=eloabder-20&linkCode=osi&th=1&psc=1"><img src="https://m.media-amazon.com/images/I/3106WC85aAL._SL500_.jpg" alt="Product Image"></a><p>Garnier Micellar Water, Hydrating Facial Cleanser & Makeup Remover, Suitable for Sensitive Skin, Vegan, Cruelty Free, 13.5 Fl Oz (400mL), 1 Count</p><p>$8.97 ($0.66 / Fl Oz)</p><a href="https://www.amazon.com/dp/B017PCGABI?tag=eloabder-20&linkCode=osi&th=1&psc=1">View Product</a></div><div class="product"><a href="https://www.amazon.com/dp/B00U2VQZDS?tag=eloabder-20&linkCode=osi&th=1&psc=1"><img src="https://m.media-amazon.com/images/I/41VzZfHAKpL._SL500_.jpg" alt="Product Image"></a><p>Neutrogena Makeup Remover Wipes, Ultra-Soft Cleansing Facial Towelettes for Waterproof Makeup, Alcohol-Free, Plant-Based, Twin Pack, 25 Count (Pack of 2)</p><p>$9.16 ($0.18 / Count)</p><a href="https://www.amazon.com/dp/B00U2VQZDS?tag=eloabder-20&linkCode=osi&th=1&psc=1">View Product</a></div><div class="product"><a href="https://www.amazon.com/dp/B07T9JV956?tag=eloabder-20&linkCode=osi&th=1&psc=1"><img src="https://m.media-amazon.com/images/I/310x+0QrxsL._SL500_.jpg" alt="Product Image"></a><p>Neutrogena Gentle Oil-Free Eye Makeup Remover & Cleanser for Sensitive Eyes, Non-Greasy Makeup Remover, Removes Waterproof Mascara, Dermatologist & Ophthalmologist Tested, 8.0 fl. oz</p><p>$9.39 ($1.17 / Fl Oz)</p><a href="https://www.amazon.com/dp/B07T9JV956?tag=eloabder-20&linkCode=osi&th=1&psc=1">View Product</a></div><div class="product"><a href="https://www.amazon.com/dp/B01M31HY3S?tag=eloabder-20&linkCode=osi&th=1&psc=1"><img src="https://m.media-amazon.com/images/I/319i79e7f4L._SL500_.jpg" alt="Product Image"></a><p>Cetaphil Gentle Waterproof Makeup Remover, Mother's Day Gifts, Oil-Free Formula Suitable for Sensitive Skin, 6.0 Fluid Ounce</p><p>$9.87 ($1.64 / Fl Oz)</p><a href="https://www.amazon.com/dp/B01M31HY3S?tag=eloabder-20&linkCode=osi&th=1&psc=1">View Product</a></div><div class="product"><a href="https://www.amazon.com/dp/B07SS6LFRG?tag=eloabder-20&linkCode=osi&th=1&psc=1"><img src="https://m.media-amazon.com/images/I/31Mwa89HfCL._SL500_.jpg" alt="Product Image"></a><p>Amazon Basics Eye Makeup Remover, Removes Waterproof Mascara, Dermatologist Tested, Fragrance Free, 5.5 Fl Oz (Pack of 1)</p><p>$5.99 ($1.09 / Fl Oz)</p><a href="https://www.amazon.com/dp/B07SS6LFRG?tag=eloabder-20&linkCode=osi&th=1&psc=1">View Product</a></div><div class="product"><a href="https://www.amazon.com/dp/B08TQTT8LK?tag=eloabder-20&linkCode=osi&th=1&psc=1"><img src="https://m.media-amazon.com/images/I/31R-Y-dhjEL._SL500_.jpg" alt="Product Image"></a><p>e.l.f. Holy Hydration! Makeup Melting Cleansing Balm, Face Cleanser & Makeup Remover, Infused with Hyaluronic Acid to Hydrate Skin, 2 Oz</p><p>$11.00 ($5.50 / Ounce)</p><a href="https://www.amazon.com/dp/B08TQTT8LK?tag=eloabder-20&linkCode=osi&th=1&psc=1">View Product</a></div><div class="product"><a href="https://www.amazon.com/dp/B08Q3CQM7X?tag=eloabder-20&linkCode=osi&th=1&psc=1"><img src="https://m.media-amazon.com/images/I/31edyzkByfL._SL500_.jpg" alt="Product Image"></a><p>JUNO & Co. Clean 10 Cleansing Balm 10 Ingredients Makeup Remover 85g / 3.0oz</p><p>$14.99 ($5.00 / Ounce)</p><a href="https://www.amazon.com/dp/B08Q3CQM7X?tag=eloabder-20&linkCode=osi&th=1&psc=1">View Product</a></div><div class="product"><a href="https://www.amazon.com/dp/B0B1PP1XCM?tag=eloabder-20&linkCode=osi&th=1&psc=1"><img src="https://m.media-amazon.com/images/I/31kOCqV2+BL._SL500_.jpg" alt="Product Image"></a><p>CeraVe Cleansing Balm for Sensitive Skin | Hydrating Makeup Remover with Ceramides and Plant-based Jojoba Oil for Face | Non-Comedogenic Fragrance Free Non-Greasy |1.3 Ounces</p><p>$9.97 ($7.67 / Ounce)</p><a href="https://www.amazon.com/dp/B0B1PP1XCM?tag=eloabder-20&linkCode=osi&th=1&psc=1">View Product</a></div><div class="product"><a href="https://www.amazon.com/dp/B0BX65V1BZ?tag=eloabder-20&linkCode=osi&th=1&psc=1"><img src="https://m.media-amazon.com/images/I/31t6WiWvdDL._SL500_.jpg" alt="Product Image"></a><p>Prime Prometics PrimeSkin Beauty Water – Deeply Hydrating Pro-Age Make-Up Remover for Mature Women – Clean, One Swipe – for All Skin Types – pH balanced, Hypoallergenic</p><p>$27.00 ($5.29 / Fl Oz)</p><a href="https://www.amazon.com/dp/B0BX65V1BZ?tag=eloabder-20&linkCode=osi&th=1&psc=1">View Product</a></div>
<div class="product"><a href="https://www.amazon.com/dp/B07XC569XF?tag=eloabder-20&linkCode=osi&th=1&psc=1"><img src="https://m.media-amazon.com/images/I/4109uyzn-sL._SL500_.jpg" alt="Product Image"></a><p>Neutrogena Hydro Boost Facial Cleansing Towelettes + Hyaluronic Acid, Hydrating Makeup Remover Face Wipes Remove Dirt & Waterproof Makeup, Hypoallergenic, 100% Plant-Based Cloth, 2 x 25 ct</p><p>$13.20 ($0.26 / Count)</p><a href="https://www.amazon.com/dp/B07XC569XF?tag=eloabder-20&linkCode=osi&th=1&psc=1">View Product</a></div><div class="product"><a href="https://www.amazon.com/dp/B00479FP4Q?tag=eloabder-20&linkCode=osi&th=1&psc=1"><img src="https://m.media-amazon.com/images/I/41L2wro-FlL._SL500_.jpg" alt="Product Image"></a><p>Olay Daily Facials, Daily Clean Makeup Removing Facial Cleansing Wipes, 5-in-1 Water Activated Cloths, Exfoliates, Tones and Hydrates Skin, 66 count</p><p>$9.74 ($0.15 / Count)</p><a href="https://www.amazon.com/dp/B00479FP4Q?tag=eloabder-20&linkCode=osi&th=1&psc=1">View Product</a></div><div class="product"><a href="https://www.amazon.com/dp/B0864VDH6F?tag=eloabder-20&linkCode=osi&th=1&psc=1"><img src="https://m.media-amazon.com/images/I/418baEPkUdL._SL500_.jpg" alt="Product Image"></a><p>Amazon Basics Make Up Remover Wipes, Night Calming, 50 Count (2 Packs of 25) (Previously Solimo)</p><p>$7.93 ($0.16 / Count)</p><a href="https://www.amazon.com/dp/B0864VDH6F?tag=eloabder-20&linkCode=osi&th=1&psc=1">View Product</a></div><div class="product"><a href="https://www.amazon.com/dp/B093T3LQPP?tag=eloabder-20&linkCode=osi&th=1&psc=1"><img src="https://m.media-amazon.com/images/I/51mLU+qr6tL._SL500_.jpg" alt="Product Image"></a><p>Burt's Bees Rose Water Face Wipes, for All Skin Types, Hydrating Micellar Makeup Remover & Facial Cleansing Towelettes, 30 Ct (3-Pack)</p><p>$16.47 ($0.18 / Count)</p><a href="https://www.amazon.com/dp/B093T3LQPP?tag=eloabder-20&linkCode=osi&th=1&psc=1">View Product</a></div><div class="product"><a href="https://www.amazon.com/dp/B00NUJQG7Y?tag=eloabder-20&linkCode=osi&th=1&psc=1"><img src="https://m.media-amazon.com/images/I/51apu8FIluL._SL500_.jpg" alt="Product Image"></a><p>Burt's Bees Aloe Vera Face Wipes, for Sensitive Skin, Soothing Makeup Remover & Facial Cleansing Towelettes, 30 Ct. (3-Pack)</p><p>$16.41 ($0.18 / Count)</p><a href="https://www.amazon.com/dp/B00NUJQG7Y?tag=eloabder-20&linkCode=osi&th=1&psc=1">View Product</a></div><div class="product"><a href="https://www.amazon.com/dp/B09LXWPB1V?tag=eloabder-20&linkCode=osi&th=1&psc=1"><img src="https://m.media-amazon.com/images/I/4117i-jJMKL._SL500_.jpg" alt="Product Image"></a><p>CeraVe Hydrating Facial Cleansing Makeup Remover Wipes| Plant Based Face Biodegradable in Home Compost| Wash Cloth| Suitable for Sensitive Skin| Fragrance-free Non-comedogenic| 25 Count</p><p>$9.97 ($0.40 / Count)</p><a href="https://www.amazon.com/dp/B09LXWPB1V?tag=eloabder-20&linkCode=osi&th=1&psc=1">View Product</a></div><div class="product"><a href="https://www.amazon.com/dp/B006RFZ9IK?tag=eloabder-20&linkCode=osi&th=1&psc=1"><img src="https://m.media-amazon.com/images/I/41c4Ogejt9L._SL500_.jpg" alt="Product Image"></a><p>Bioré Daily Make Up Removing Cloths, Facial Cleansing Wipes with Dirt-grabbing Fibers for Deep Pore Cleansing without Oily Residue, 60 Count</p><p>$11.99 ($0.20 / Count)</p><a href="https://www.amazon.com/dp/B006RFZ9IK?tag=eloabder-20&linkCode=osi&th=1&psc=1">View Product</a></div><div class="product"><a href="https://www.amazon.com/dp/B01M4NFD2N?tag=eloabder-20&linkCode=osi&th=1&psc=1"><img src="https://m.media-amazon.com/images/I/41-iPdzYWDL._SL500_.jpg" alt="Product Image"></a><p>Cetaphil Gentle Makeup Removing Face Wipes, Daily Cleansing Facial Towelettes Gently Remove Makeup, Fragrance and Alcohol Free, 25 Count</p><p>$6.85 ($0.27 / Count)</p><a href="https://www.amazon.com/dp/B01M4NFD2N?tag=eloabder-20&linkCode=osi&th=1&psc=1">View Product</a></div><div class="product"><a href="https://www.amazon.com/dp/B0B644ZQLV?tag=eloabder-20&linkCode=osi&th=1&psc=1"><img src="https://m.media-amazon.com/images/I/41E5FGVZrnL._SL500_.jpg" alt="Product Image"></a><p>Cetaphil Face and Body Wipes, Gentle Skin Cleansing Cloths, 25 Count (Pack of 3), for Dry, Sensitive Skin, Flip Top Closure, Great for the Gym, Hypoallergenic, Fragrance Free</p><p>$20.91 ($0.28 / Count)</p><a href="https://www.amazon.com/dp/B0B644ZQLV?tag=eloabder-20&linkCode=osi&th=1&psc=1">View Product</a></div>
<div class="product"><a href="https://www.amazon.com/dp/B08RD6S5HF?tag=eloabder-20&linkCode=osi&th=1&psc=1"><img src="https://m.media-amazon.com/images/I/41uDw-xQNuL._SL500_.jpg" alt="Product Image"></a><p>BAIMEI IcyMe Gua Sha & Jade Roller Facial Tools Face Roller and Gua Sha Set for Puffiness and Redness Reducing Skin Care Routine, Self Care Gift for Men Women - Green</p><p>$9.99</p><a href="https://www.amazon.com/dp/B08RD6S5HF?tag=eloabder-20&linkCode=osi&th=1&psc=1">View Product</a></div><div class="product"><a href="https://www.amazon.com/dp/B09961TCV4?tag=eloabder-20&linkCode=osi&th=1&psc=1"><img src="https://m.media-amazon.com/images/I/41cLCDErk6L._SL500_.jpg" alt="Product Image"></a><p>huefull Gua Sha Facial Tools & Jade Roller Set for Skin Care, Reduce Puffiness and Improve Wrinkles, Guasha Tool for Face, Gua Sha Stone Self Care Gift for Woman Man</p><p>$7.99 ($4.00 / Count)</p><a href="https://www.amazon.com/dp/B09961TCV4?tag=eloabder-20&linkCode=osi&th=1&psc=1">View Product</a></div><div class="product"><a href="https://www.amazon.com/dp/B09P88YNZZ?tag=eloabder-20&linkCode=osi&th=1&psc=1"><img src="https://m.media-amazon.com/images/I/31gv5dz1KML._SL500_.jpg" alt="Product Image"></a><p>Ice Roller for Face and Eye, Ice Face Roller,Facial Beauty Ice Roller Skin Care Tools, Ice Facial Cube, Gua Sha Face Massage, Silicone Ice Mold for Face Beauty (Pink)</p><p>$5.99 ($1.20 / Ounce)</p><a href="https://www.amazon.com/dp/B09P88YNZZ?tag=eloabder-20&linkCode=osi&th=1&psc=1">View Product</a></div><div class="product"><a href="https://www.amazon.com/dp/B09V5TRZTS?tag=eloabder-20&linkCode=osi&th=1&psc=1"><img src="https://m.media-amazon.com/images/I/31NWpXealIL._SL500_.jpg" alt="Product Image"></a><p>ROSELYNBOUTIQUE Ice Roller for Face Wrinkles Fine Lines Puffiness Stick Massager Facial Skin Care Tools Self Care Gifts for Men Women (Green)</p><p>$6.39</p><a href="https://www.amazon.com/dp/B09V5TRZTS?tag=eloabder-20&linkCode=osi&th=1&psc=1">View Product</a></div><div class="product"><a href="https://www.amazon.com/dp/B0BR7YG7QH?tag=eloabder-20&linkCode=osi&th=1&psc=1"><img src="https://m.media-amazon.com/images/I/41gFogNe+dL._SL500_.jpg" alt="Product Image"></a><p>8 Pieces Triangle Powder Puff Face Soft Triangle Makeup Puff Velour Cosmetic Foundation Blender Sponge Beauty Makeup Tools</p><p>$3.99 ($0.50 / Count)</p><a href="https://www.amazon.com/dp/B0BR7YG7QH?tag=eloabder-20&linkCode=osi&th=1&psc=1">View Product</a></div><div class="product"><a href="https://www.amazon.com/dp/B09XJYZDVG?tag=eloabder-20&linkCode=osi&th=1&psc=1"><img src="https://m.media-amazon.com/images/I/41jMEmTiSQL._SL500_.jpg" alt="Product Image"></a><p>Aaiffey Eyeliner Applicator Kit, Eyeliner Tool with Eyeliner Cream Black Eyeliner Gel Reusable Silicone Eye Liner Applicator Waterproof Eyeliner Easy No-Skip (eyeliner tool +black eyeliner creams)</p><p>$9.98</p><a href="https://www.amazon.com/dp/B09XJYZDVG?tag=eloabder-20&linkCode=osi&th=1&psc=1">View Product</a></div>
<div class="product"><a href="https://www.amazon.com/dp/B075S543DR?tag=eloabder-20&linkCode=osi&th=1&psc=1"><img src="https://m.media-amazon.com/images/I/418N6a3fvaL._SL500_.jpg" alt="Product Image"></a><p>EcoTools Start The Day Beautifully 6 Piece Makeup Brush Set, Makeup Brushes For Eyeshadow, Blush, Concealer, & Foundation Application, Eco-Friendly, Gift Set, Synthetic Hair, Vegan & Cruelty-Free</p><p>$9.98</p><a href="https://www.amazon.com/dp/B075S543DR?tag=eloabder-20&linkCode=osi&th=1&psc=1">View Product</a></div><div class="product"><a href="https://www.amazon.com/dp/B07FTXBNVL?tag=eloabder-20&linkCode=osi&th=1&psc=1"><img src="https://m.media-amazon.com/images/I/41O4pc78hYL._SL500_.jpg" alt="Product Image"></a><p>Real Techniques 5 Piece Everyday Essentials Makeup Brush Set, Includes 4 Brushes & Makeup Sponge, For Foundation, Blush, Bronzer, Contour, Eyeshadow, & Powder, Travel Gift Set, Cruelty-Free & Vegan</p><p>$13.99</p><a href="https://www.amazon.com/dp/B07FTXBNVL?tag=eloabder-20&linkCode=osi&th=1&psc=1">View Product</a></div>
<div class="product"><a href="https://www.amazon.com/dp/B00WZQTCS8?tag=eloabder-20&linkCode=osi&th=1&psc=1"><img src="https://m.media-amazon.com/images/I/41iVoW5QboL._SL500_.jpg" alt="Product Image"></a><p>NYX PROFESSIONAL MAKEUP Micro Brow Pencil, Eyebrow Pencil - Espresso</p><p>$7.50</p><a href="https://www.amazon.com/dp/B00WZQTCS8?tag=eloabder-20&linkCode=osi&th=1&psc=1">View Product</a></div><div class="product"><a href="https://www.amazon.com/dp/B01643FI0I?tag=eloabder-20&linkCode=osi&th=1&psc=1"><img src="https://m.media-amazon.com/images/I/21w1DpgxRoL._SL500_.jpg" alt="Product Image"></a><p>L'Oreal Paris Makeup Brow Stylist Definer Waterproof Eyebrow Pencil, Ultra-Fine Mechanical Pencil, Draws Tiny Brow Hairs and Fills in Sparse Areas and Gaps, Dark Brunette, 0.003 Ounce (Pack of 1)</p><p>$8.98</p><a href="https://www.amazon.com/dp/B01643FI0I?tag=eloabder-20&linkCode=osi&th=1&psc=1">View Product</a></div><div class="product"><a href="https://www.amazon.com/dp/B0B52KG7YP?tag=eloabder-20&linkCode=osi&th=1&psc=1"><img src="https://m.media-amazon.com/images/I/31Mi4FEPxYL._SL500_.jpg" alt="Product Image"></a><p>e.l.f. Instant Lift Brow Pencil, Dual-Ended Precision Brow Pencils For Shaping & Defining Eyebrows, Vegan & Cruelty-Free, Neutral Brown, 2-Pack</p><p>$5.00</p><a href="https://www.amazon.com/dp/B0B52KG7YP?tag=eloabder-20&linkCode=osi&th=1&psc=1">View Product</a></div><div class="product"><a href="https://www.amazon.com/dp/B078KB7L4G?tag=eloabder-20&linkCode=osi&th=1&psc=1"><img src="https://m.media-amazon.com/images/I/31QF5SK3tzL._SL500_.jpg" alt="Product Image"></a><p>wet n wild Ultimate Eyebrow Retractable Definer Pencil, Medium Brown, Dual-Sided Brow Brush, Fine Tip, Shapes, Defines, Fills Brow Makeup</p><p>$2.74</p><a href="https://www.amazon.com/dp/B078KB7L4G?tag=eloabder-20&linkCode=osi&th=1&psc=1">View Product</a></div><div class="product"><a href="https://www.amazon.com/dp/B074VD4X7W?tag=eloabder-20&linkCode=osi&th=1&psc=1"><img src="https://m.media-amazon.com/images/I/41eK8J1W2rL._SL500_.jpg" alt="Product Image"></a><p>Maybelline Total Temptation Eyebrow Definer Pencil, Soft Brown, 1 Count</p><p>$8.99</p><a href="https://www.amazon.com/dp/B074VD4X7W?tag=eloabder-20&linkCode=osi&th=1&psc=1">View Product</a></div><div class="product"><a href="https://www.amazon.com/dp/B001ESKLZQ?tag=eloabder-20&linkCode=osi&th=1&psc=1"><img src="https://m.media-amazon.com/images/I/31bw47frHzS._SL500_.jpg" alt="Product Image"></a><p>COVERGIRL - Easy Breezy Brow Fill + Define Brow Pencil, Sharpener Included, Long-Lasting, Deeply Pigmented, Blendable Formula, 100% Cruelty-Free</p><p>$4.47</p><a href="https://www.amazon.com/dp/B001ESKLZQ?tag=eloabder-20&linkCode=osi&th=1&psc=1">View Product</a></div><div class="product"><a href="https://www.amazon.com/dp/B0D12PWNK6?tag=eloabder-20&linkCode=osi&th=1&psc=1"><img src="https://m.media-amazon.com/images/I/51u7eOlEtFL._SL500_.jpg" alt="Product Image"></a><p>iMethod Microblading Eyebrow Pen - Eyebrow Pencil Magical 2-in-1 Dual-Ended Eye Brow Pencils for Women with 4-Fork-Tip & Precise Brush-Tip Create Natural Hair-Like Brows, Last All-Day, Dark Brown</p><p>$14.97 ($14.97 / Count)</p><a href="https://www.amazon.com/dp/B0D12PWNK6?tag=eloabder-20&linkCode=osi&th=1&psc=1">View Product</a></div><div class="product"><a href="https://www.amazon.com/dp/B0CPFY8K8W?tag=eloabder-20&linkCode=osi&th=1&psc=1"><img src="https://m.media-amazon.com/images/I/21SmXiqZZYL._SL500_.jpg" alt="Product Image"></a><p>e.l.f. Instant Lift Waterproof Brow Pencil, Long-Lasting Eyebrow Pencil For Grooming & Shaping Brows, Vegan & Cruelty-free, Deep Brown</p><p>$4.00</p><a href="https://www.amazon.com/dp/B0CPFY8K8W?tag=eloabder-20&linkCode=osi&th=1&psc=1">View Product</a></div>
<div class="product"><a href="https://www.amazon.com/dp/B079B8BFR3?tag=eloabder-20&linkCode=osi&th=1&psc=1"><img src="https://m.media-amazon.com/images/I/41DSmndr3KL._SL500_.jpg" alt="Product Image"></a><p>KISS Looks So Natural, False Eyelashes, Shy', 12 mm, Includes 5 Pairs Of Lashes, Contact Lens Friendly, Easy to Apply, Reusable Strip Lashes, Glue On</p><p>$7.09</p><a href="https://www.amazon.com/dp/B079B8BFR3?tag=eloabder-20&linkCode=osi&th=1&psc=1">View Product</a></div><div class="product"><a href="https://www.amazon.com/dp/B09MQCDVM7?tag=eloabder-20&linkCode=osi&th=1&psc=1"><img src="https://m.media-amazon.com/images/I/510lQqrrVtL._SL500_.jpg" alt="Product Image"></a><p>False Eyelashes 14mm Faux 3D Mink Lashes Natural Look Fluffy Cat Eye Wispy Lashes Pack by Kiromiro, 14 Pairs</p><p>$8.89</p><a href="https://www.amazon.com/dp/B09MQCDVM7?tag=eloabder-20&linkCode=osi&th=1&psc=1">View Product</a></div><div class="product"><a href="https://www.amazon.com/dp/B00DS4EIEE?tag=eloabder-20&linkCode=osi&th=1&psc=1"><img src="https://m.media-amazon.com/images/I/415k4JSKxOL._SL500_.jpg" alt="Product Image"></a><p>KISS So Wispy, False Eyelashes, Style #11', 12 mm, Includes 5 Pairs Of Lashes, Contact Lens Friendly, Easy to Apply, Reusable Strip Lashes, Glue On, Mulitpack</p><p>$8.97 ($1.79 / Count)</p><a href="https://www.amazon.com/dp/B00DS4EIEE?tag=eloabder-20&linkCode=osi&th=1&psc=1">View Product</a></div><div class="product"><a href="https://www.amazon.com/dp/B0C5QK1QHP?tag=eloabder-20&linkCode=osi&th=1&psc=1"><img src="https://m.media-amazon.com/images/I/51eSQ4cj35L._SL500_.jpg" alt="Product Image"></a><p>Veleasha Lashes 5D Faux Mink Lashes 100% Handmade Luxurious Fake Eyelashes Lightweight Fluffy False Eyelashes 5 Pairs Pack (G2)</p><p>$6.98 ($1.40 / Count)</p><a href="https://www.amazon.com/dp/B0C5QK1QHP?tag=eloabder-20&linkCode=osi&th=1&psc=1">View Product</a></div><div class="product"><a href="https://www.amazon.com/dp/B0B1LRRTCH?tag=eloabder-20&linkCode=osi&th=1&psc=1"><img src="https://m.media-amazon.com/images/I/41gc2Df+nAL._SL500_.jpg" alt="Product Image"></a><p>GMAGICTOBO False Eyelashes Natural Half Lashes Short Wispy Clear Band Lashes Pack Cat Eye 3D Faux Mink Lashes Fake Eyelashes 7 Pairs Multipack</p><p>$8.59 ($1.23 / Count)</p><a href="https://www.amazon.com/dp/B0B1LRRTCH?tag=eloabder-20&linkCode=osi&th=1&psc=1">View Product</a></div><div class="product"><a href="https://www.amazon.com/dp/B08R6PR7ND?tag=eloabder-20&linkCode=osi&th=1&psc=1"><img src="https://m.media-amazon.com/images/I/41r4c3ZiCWL._SL500_.jpg" alt="Product Image"></a><p>KISS My Lash But Better, False Eyelashes, All Mine', 10 mm, Includes 1 Pair Of Lashes, Contact Lens Friendly, Easy to Apply, Reusable Strip Lashes, Glue-On</p><p>$3.97</p><a href="https://www.amazon.com/dp/B08R6PR7ND?tag=eloabder-20&linkCode=osi&th=1&psc=1">View Product</a></div><div class="product"><a href="https://www.amazon.com/dp/B0BX3YHN14?tag=eloabder-20&linkCode=osi&th=1&psc=1"><img src="https://m.media-amazon.com/images/I/51YYa1vTElL._SL500_.jpg" alt="Product Image"></a><p>KISS imPRESS Falsies False Eyelashes, Lash Clusters, Voluminous', 14 mm, Includes 20 Clusters, 1 applicator, Contact Lens Friendly, Easy to Apply, Reusable Strip Lashes</p><p>$12.72</p><a href="https://www.amazon.com/dp/B0BX3YHN14?tag=eloabder-20&linkCode=osi&th=1&psc=1">View Product</a></div><div class="product"><a href="https://www.amazon.com/dp/B00YYHHI1E?tag=eloabder-20&linkCode=osi&th=1&psc=1"><img src="https://m.media-amazon.com/images/I/419bv9iNI9L._SL500_.jpg" alt="Product Image"></a><p>Ardell False Eyelashes Demi Wispies Black, 1 pack (6 pairs per pack)</p><p>$9.74 ($1.95 / Count)</p><a href="https://www.amazon.com/dp/B00YYHHI1E?tag=eloabder-20&linkCode=osi&th=1&psc=1">View Product</a></div><div class="product"><a href="https://www.amazon.com/dp/B0CG5SY8J1?tag=eloabder-20&linkCode=osi&th=1&psc=1"><img src="https://m.media-amazon.com/images/I/41SWlZB3plL._SL500_.jpg" alt="Product Image"></a><p>Natural Lashes Natural Eyelashes Short Eyelashes Natural Look False Eyelashes Wispy Eye Lashes 10mm Small Lashes Fake Lashes K50</p><p>$7.93 ($1.13 / Count)</p><a href="https://www.amazon.com/dp/B0CG5SY8J1?tag=eloabder-20&linkCode=osi&th=1&psc=1">View Product</a></div><div class="product"><a href="https://www.amazon.com/dp/B08SPVMDTV?tag=eloabder-20&linkCode=osi&th=1&psc=1"><img src="https://m.media-amazon.com/images/I/41Q6wh0HacL._SL500_.jpg" alt="Product Image"></a><p>KISS Falscara Multipack False Eyelashes, Lash Clusters, Natural Wispy Wisps', 10mm-12mm-14mm, Includes 24 Assorted Lengths Wisps, Contact Lens Friendly, Easy to Apply, Reusable Strip Lashes</p><p>$6.47 ($0.27 / Count)</p><a href="https://www.amazon.com/dp/B08SPVMDTV?tag=eloabder-20&linkCode=osi&th=1&psc=1">View Product</a></div>
<div class="product"><a href="https://www.amazon.com/dp/B08ZYKFNLK?tag=eloabder-20&linkCode=osi&th=1&psc=1"><img src="https://m.media-amazon.com/images/I/41LSyt4W-HL._SL500_.jpg" alt="Product Image"></a><p>Makeup Sponge Set BS-MALL Blender Sponges 7 Pcs for Liquid, Cream, and Powder, Multi-colored with 1 Mini Makeup Sponge Pink (A-Pink）</p><p>$6.99 ($1.00 / Count)</p><a href="https://www.amazon.com/dp/B08ZYKFNLK?tag=eloabder-20&linkCode=osi&th=1&psc=1">View Product</a></div><div class="product"><a href="https://www.amazon.com/dp/B01F36JEXE?tag=eloabder-20&linkCode=osi&th=1&psc=1"><img src="https://m.media-amazon.com/images/I/41AHaVc97tL._SL500_.jpg" alt="Product Image"></a><p>BEAKEY Makeup Sponge 5 Pcs Set, Makeup Sponges for Foundation, Liquid, Cream and Powder. Latex-Free Boun Boun Beauty Sponge for Blending, Blender for Enhanced Make Up Application, Ideal Gift</p><p>$6.99 ($1.40 / Count)</p><a href="https://www.amazon.com/dp/B01F36JEXE?tag=eloabder-20&linkCode=osi&th=1&psc=1">View Product</a></div><div class="product"><a href="https://www.amazon.com/dp/B07VBNQ367?tag=eloabder-20&linkCode=osi&th=1&psc=1"><img src="https://m.media-amazon.com/images/I/41tK1+FK+ML._SL500_.jpg" alt="Product Image"></a><p>Beautyblender® | Original Pink Beauty Blender Makeup Sponge, Super-Soft Foam Easily Blends Foundations, Powders & Creams, Made in USA, Reusable, Washable, Streak Free Application, Vegan, Cruelty Free</p><p>$20.00</p><a href="https://www.amazon.com/dp/B07VBNQ367?tag=eloabder-20&linkCode=osi&th=1&psc=1">View Product</a></div><div class="product"><a href="https://www.amazon.com/dp/B013XJUWC0?tag=eloabder-20&linkCode=osi&th=1&psc=1"><img src="https://m.media-amazon.com/images/I/519iY4n1lHL._SL500_.jpg" alt="Product Image"></a><p>Aesthetica Cosmetics Beauty Sponge Blender - Latex Free and Vegan Makeup Sponge Blender - For Powder, Cream or Liquid Application - One Piece Make Up Sponge</p><p>$3.97</p><a href="https://www.amazon.com/dp/B013XJUWC0?tag=eloabder-20&linkCode=osi&th=1&psc=1">View Product</a></div><div class="product"><a href="https://www.amazon.com/dp/B08T79281H?tag=eloabder-20&linkCode=osi&th=1&psc=1"><img src="https://m.media-amazon.com/images/I/41OyxvePdBL._SL500_.jpg" alt="Product Image"></a><p>DUAIU 4 Pcs Makeup Sponge Set Beauty Sponge Foundation Blending Sponge, Flawless for Liquid, Cream, and Powder, Multi-colored Makeup Sponges with Storage Box</p><p>$4.99 ($1.25 / Count)</p><a href="https://www.amazon.com/dp/B08T79281H?tag=eloabder-20&linkCode=osi&th=1&psc=1">View Product</a></div><div class="product"><a href="https://www.amazon.com/dp/B00EUBPHR6?tag=eloabder-20&linkCode=osi&th=1&psc=1"><img src="https://m.media-amazon.com/images/I/31BZh7Bg7hL._SL500_.jpg" alt="Product Image"></a><p>Real Techniques Miracle Complexion Sponge, Makeup Blending Sponge, For Liquid & Cream Foundation, Offers Light To Medium Coverage, Natural, Dewy Makeup, Orange Sponge, Latex-Free Foam, 1 Count</p><p>$4.57</p><a href="https://www.amazon.com/dp/B00EUBPHR6?tag=eloabder-20&linkCode=osi&th=1&psc=1">View Product</a></div><div class="product"><a href="https://www.amazon.com/dp/B0CL2FKVH2?tag=eloabder-20&linkCode=osi&th=1&psc=1"><img src="https://m.media-amazon.com/images/I/41u81y8DJoL._SL500_.jpg" alt="Product Image"></a><p>14 Pcs Makeup Sponge Set,Beauty Sponges Blender with 4 Pcs Powder Puff and 4 Pcs Mini Make up Sponges Valentine's Day Gift,Mother's Day Gift for Women Liquid,Foundation,Powder,Concealer,Cream(Pink)</p><p>$8.99 ($0.64 / Count)</p><a href="https://www.amazon.com/dp/B0CL2FKVH2?tag=eloabder-20&linkCode=osi&th=1&psc=1">View Product</a></div><div class="product"><a href="https://www.amazon.com/dp/B0CTX1X4F1?tag=eloabder-20&linkCode=osi&th=1&psc=1"><img src="https://m.media-amazon.com/images/I/31dP1yTUmWL._SL500_.jpg" alt="Product Image"></a><p>GFOUNS 15 pcs Beauty blender Makeup Sponge Bulk:Blender Sponges 15 Pcs for Liquid, Cream, and Powder, Multi-colored Pink make up sponges for foundation</p><p>$5.99</p><a href="https://www.amazon.com/dp/B0CTX1X4F1?tag=eloabder-20&linkCode=osi&th=1&psc=1">View Product</a></div>
<div class="product"><a href="https://www.amazon.com/dp/B010CRFSTI?tag=eloabder-20&linkCode=osi&th=1&psc=1"><img src="https://m.media-amazon.com/images/I/41JQ+znx4gL._SL500_.jpg" alt="Product Image"></a><p>Conair Salon Results Hairbrush Set - Travel Hair Brush - Hairbrushes for All Hair Types - Travel size + Full-size Brush</p><p>$5.88 ($2.94 / Count)</p><a href="https://www.amazon.com/dp/B010CRFSTI?tag=eloabder-20&linkCode=osi&th=1&psc=1">View Product</a></div><div class="product"><a href="https://www.amazon.com/dp/B094DK6JNF?tag=eloabder-20&linkCode=osi&th=1&psc=1"><img src="https://m.media-amazon.com/images/I/31dF+T3k3nL._SL500_.jpg" alt="Product Image"></a><p>Wet Brush Original Detangler Hair Brush, Amazon Exclusive Aqua- Ultra-Soft IntelliFlex Bristles-Detangling Hairbrush Glides Through Tangles For All Hair Types (Wet Dry & Damaged Hair) - Women & Men</p><p>$8.99</p><a href="https://www.amazon.com/dp/B094DK6JNF?tag=eloabder-20&linkCode=osi&th=1&psc=1">View Product</a></div>

<div class="product"><a href="https://www.amazon.com/dp/B07KSQZ4MR?tag=eloabder-20&linkCode=osi&th=1&psc=1"><img src="https://m.media-amazon.com/images/I/31A-mCllrgL._SL500_.jpg" alt="Product Image"></a><p>Hot Tools Pro Artist Black Gold Evolve Ionic Salon Hair Flat Iron | Long-Lasting Finish for Straightening Hair, (1-1/4 in), HT7123BG</p><p>$61.50</p><a href="https://www.amazon.com/dp/B07KSQZ4MR?tag=eloabder-20&linkCode=osi&th=1&psc=1">View Product</a></div>
<div class="product"><a href="https://www.amazon.com/dp/B0027SU9JU?tag=eloabder-20&linkCode=osi&th=1&psc=1"><img src="https://m.media-amazon.com/images/I/31rfzenB9mL._SL500_.jpg" alt="Product Image"></a><p>REVLON Turbo Hair Dryer with Advanced Ionic Technology, Ceramic Coating | Turbo Heat and Cold Shot Features, 1875 Watts for Fast Drying and Shine (Silver)</p><p>$19.99</p><a href="https://www.amazon.com/dp/B0027SU9JU?tag=eloabder-20&linkCode=osi&th=1&psc=1">View Product</a></div>

<div class="product"><a href="https://www.amazon.com/dp/B07PBXXNCY?tag=eloabder-20&linkCode=osi&th=1&psc=1"><img src="https://m.media-amazon.com/images/I/31OVxUr+bUL._SL500_.jpg" alt="Product Image"></a><p>Clean Skin Club Clean Towels XL™, 100% USDA Biobased Face Towel, Disposable Face Towelette, Makeup Remover Dry Wipes, Ultra Soft, 50 Ct, 1 Pack</p><p>$17.95 ($0.36 / Count)</p><a href="https://www.amazon.com/dp/B07PBXXNCY?tag=eloabder-20&linkCode=osi&th=1&psc=1">View Product</a></div><div class="product"><a href="https://www.amazon.com/dp/B01LEJ5MSK?tag=eloabder-20&linkCode=osi&th=1&psc=1"><img src="https://m.media-amazon.com/images/I/418xEMrk6LL._SL500_.jpg" alt="Product Image"></a><p>COSRX Snail Mucin 92% Repair Cream, Daily Face Gel Moisturizer for Dry Skin, Acne-prone, Sensitive Skin, Not Tested on Animals, No Parabens, Korean Skincare (3.52 Fl Oz (Pack of 1))</p><p>$13.99 ($3.97 / Fl Oz)</p><a href="https://www.amazon.com/dp/B01LEJ5MSK?tag=eloabder-20&linkCode=osi&th=1&psc=1">View Product</a></div>
<div class="product"><a href="https://www.amazon.com/dp/B076FHJ3K5?tag=eloabder-20&linkCode=osi&th=1&psc=1"><img src="https://m.media-amazon.com/images/I/31QAqxeYpoL._SL500_.jpg" alt="Product Image"></a><p>Marc Anthony Leave-In Conditioner Spray & Detangler, Grow Long Biotin - Anti-Frizz Deep Conditioner For Split Ends & Breakage - Vitamin E, Caffeine & Ginseng for Curly, Dry & Damaged Hair</p><p>$7.67 ($0.91 / Fl Oz)</p><a href="https://www.amazon.com/dp/B076FHJ3K5?tag=eloabder-20&linkCode=osi&th=1&psc=1">View Product</a></div><div class="product"><a href="https://www.amazon.com/dp/B0B941W753?tag=eloabder-20&linkCode=osi&th=1&psc=1"><img src="https://m.media-amazon.com/images/I/3154MYZlHiL._SL500_.jpg" alt="Product Image"></a><p>MONDAY HAIRCARE Volume Shampoo + Conditioner Set (2 Pack) 12oz Each for Thin, Fine, and Oily Hair, Made from Coconut Oil, Ginger Extract, & Vitamin E, 100% Recyclable Bottles</p><p>$13.99 ($0.58 / Fl Oz)</p><a href="https://www.amazon.com/dp/B0B941W753?tag=eloabder-20&linkCode=osi&th=1&psc=1">View Product</a></div><div class="product"><a href="https://www.amazon.com/dp/B0CS29PK2J?tag=eloabder-20&linkCode=osi&th=1&psc=1"><img src="https://m.media-amazon.com/images/I/315FU9SHGsL._SL500_.jpg" alt="Product Image"></a><p>Monday Moisture Leave-in Conditioner 5 Oz</p><p>$5.41 ($1.08 / Fl Oz)</p><a href="https://www.amazon.com/dp/B0CS29PK2J?tag=eloabder-20&linkCode=osi&th=1&psc=1">View Product</a></div><div class="product"><a href="https://www.amazon.com/dp/B0B941XTDZ?tag=eloabder-20&linkCode=osi&th=1&psc=1"><img src="https://m.media-amazon.com/images/I/41eavjiNYyL._SL500_.jpg" alt="Product Image"></a><p>MONDAY HAIRCARE Moisture Shampoo + Conditioner Set for Dry, Coarse, Stressed, Coily & Curly Hair, Made from Coconut Oil, Rice Protein, Shea Butter, & Vitamin E, All-Natural, 12 Fl Oz (Pack of 2)</p><p>$13.99 ($0.58 / Fl Oz)</p><a href="https://www.amazon.com/dp/B0B941XTDZ?tag=eloabder-20&linkCode=osi&th=1&psc=1">View Product</a></div><div class="product"><a href="https://www.amazon.com/dp/B07N7PK9QK?tag=eloabder-20&linkCode=osi&th=1&psc=1"><img src="https://m.media-amazon.com/images/I/416K3ahcJsL._SL500_.jpg" alt="Product Image"></a><p>Mielle Organics Rosemary Mint Scalp & Hair Strengthening Oil for All Hair Types, 2 Ounce</p><p>$9.50 ($4.75 / Fl Oz)</p><a href="https://www.amazon.com/dp/B07N7PK9QK?tag=eloabder-20&linkCode=osi&th=1&psc=1">View Product</a></div><div class="product"><a href="https://www.amazon.com/dp/B005PV0FDG?tag=eloabder-20&linkCode=osi&th=1&psc=1"><img src="https://m.media-amazon.com/images/I/310l+q4ImxL._SL500_.jpg" alt="Product Image"></a><p>It's a 10 Haircare Miracle Leave-In product, 10 fl. oz.</p><p>$27.98 ($2.80 / Fl Oz)</p><a href="https://www.amazon.com/dp/B005PV0FDG?tag=eloabder-20&linkCode=osi&th=1&psc=1">View Product</a></div><div class="product"><a href="https://www.amazon.com/dp/B0C3K3XX95?tag=eloabder-20&linkCode=osi&th=1&psc=1"><img src="https://m.media-amazon.com/images/I/41+CLmIGVIL._SL500_.jpg" alt="Product Image"></a><p>MONDAY HAIRCARE Repair Shampoo and Conditioner Set 12oz for Dry to Damaged Hair, Made with Keratin, Coconut Oil, Shea Butter and Vitamin E</p><p>$13.99 ($0.58 / Fl Oz)</p><a href="https://www.amazon.com/dp/B0C3K3XX95?tag=eloabder-20&linkCode=osi&th=1&psc=1">View Product</a></div>
<div class="product"><a href="https://www.amazon.com/dp/B09F5L7756?tag=eloabder-20&linkCode=osi&th=1&psc=1"><img src="https://m.media-amazon.com/images/I/61qJVRNSjFL._SL500_.jpg" alt="Product Image"></a><p>Vaseline Intensive Care Cocoa Radiant For Glowing Skin 3 Count Body Gel Oil Body Oil Made with 100% Pure Cocoa Butter + Replenishing Oils 6.8oz</p><p>$19.44 ($0.95 / Fl Oz)</p><a href="https://www.amazon.com/dp/B09F5L7756?tag=eloabder-20&linkCode=osi&th=1&psc=1">View Product</a></div><div class="product"><a href="https://www.amazon.com/dp/B08T4FLJQZ?tag=eloabder-20&linkCode=osi&th=1&psc=1"><img src="https://m.media-amazon.com/images/I/317LIpGPZiL._SL500_.jpg" alt="Product Image"></a><p>Dove Scrub Brown Sugar & Coconut Butter For Silky Smooth Skin Body Scrub Exfoliates & Restores Skin's Natural Nutrients 10.5 oz</p><p>$6.97 ($0.66 / Ounce)</p><a href="https://www.amazon.com/dp/B08T4FLJQZ?tag=eloabder-20&linkCode=osi&th=1&psc=1">View Product</a></div><div class="product"><a href="https://www.amazon.com/dp/B0CNKZW8HL?tag=eloabder-20&linkCode=osi&th=1&psc=1"><img src="https://m.media-amazon.com/images/I/61vGHE3wEWL._SL500_.jpg" alt="Product Image"></a><p>Dove Men+Care Body Wash Sandalwood + Cardamom Oil to Rebuild Skin in the Shower with Plant-Based Cleansers and Moisturizers 26 oz</p><p>$9.97 ($0.38 / Fl Oz)</p><a href="https://www.amazon.com/dp/B0CNKZW8HL?tag=eloabder-20&linkCode=osi&th=1&psc=1">View Product</a></div><div class="product"><a href="https://www.amazon.com/dp/B089NCFBQZ?tag=eloabder-20&linkCode=osi&th=1&psc=1"><img src="https://m.media-amazon.com/images/I/41WGBM4YipL._SL500_.jpg" alt="Product Image"></a><p>Vaseline Illuminate Me Shimmering Body Oil Created for Melanin Rich Skin, Illuminates Skin with Finishing Touch of Shimmer for Glowing Skin 3.3 oz</p><p>$8.75 ($2.65 / Fl Oz)</p><a href="https://www.amazon.com/dp/B089NCFBQZ?tag=eloabder-20&linkCode=osi&th=1&psc=1">View Product</a></div><div class="product"><a href="https://www.amazon.com/dp/B0CNL19TQG?tag=eloabder-20&linkCode=osi&th=1&psc=1"><img src="https://m.media-amazon.com/images/I/61kqkkFXOkL._SL500_.jpg" alt="Product Image"></a><p>Dove Men+Care Body Wash Eucalyptus + Cedar Oil to Rebuild Skin in the Shower with Plant-Based Cleansers and Moisturizers 26 oz</p><p>$9.99 ($0.38 / Fl Oz)</p><a href="https://www.amazon.com/dp/B0CNL19TQG?tag=eloabder-20&linkCode=osi&th=1&psc=1">View Product</a></div><div class="product"><a href="https://www.amazon.com/dp/B07HMDGJCJ?tag=eloabder-20&linkCode=osi&th=1&psc=1"><img src="https://m.media-amazon.com/images/I/31TuC5EJeNL._SL500_.jpg" alt="Product Image"></a><p>SOL DE JANEIRO 4 Play Moisturizing Shower Cream Gel Body Wash 90mL</p><p>$10.00 ($3.33 / Fl Oz)</p><a href="https://www.amazon.com/dp/B07HMDGJCJ?tag=eloabder-20&linkCode=osi&th=1&psc=1">View Product</a></div>
<div class="product"><a href="https://www.amazon.com/dp/B00HVI8WYU?tag=eloabder-20&linkCode=osi&th=1&psc=1"><img src="https://m.media-amazon.com/images/I/31educzzSsL._SL500_.jpg" alt="Product Image"></a><p>e.l.f. Hydrating Face Primer, Makeup Primer For Flawless, Smooth Skin & Long-Lasting Makeup, Fills In Pores & Fine Lines, Vegan & Cruelty-free, Small</p><p>$8.00</p><a href="https://www.amazon.com/dp/B00HVI8WYU?tag=eloabder-20&linkCode=osi&th=1&psc=1">View Product</a></div><div class="product"><a href="https://www.amazon.com/dp/B088W7L534?tag=eloabder-20&linkCode=osi&th=1&psc=1"><img src="https://m.media-amazon.com/images/I/31A5rZUAKyL._SL500_.jpg" alt="Product Image"></a><p>e.l.f. Monochromatic Multi Stick, Luxuriously Creamy & Blendable Color, For Eyes, Lips & Cheeks, Dazzling Peony, 0.17 oz (5 g)</p><p>$5.00</p><a href="https://www.amazon.com/dp/B088W7L534?tag=eloabder-20&linkCode=osi&th=1&psc=1">View Product</a></div><div class="product"><a href="https://www.amazon.com/dp/B0CMJZ8G6Y?tag=eloabder-20&linkCode=osi&th=1&psc=1"><img src="https://m.media-amazon.com/images/I/31KdGu0F8vL._SL500_.jpg" alt="Product Image"></a><p>e.l.f. Glow Reviver Lip Oil, Nourishing Tinted Lip Oil For A High-shine Finish, Infused With Jojoba Oil, Vegan & Cruelty-free, Rose Envy</p><p>$8.00</p><a href="https://www.amazon.com/dp/B0CMJZ8G6Y?tag=eloabder-20&linkCode=osi&th=1&psc=1">View Product</a></div><div class="product"><a href="https://www.amazon.com/dp/B08H3JPH74?tag=eloabder-20&linkCode=osi&th=1&psc=1"><img src="https://m.media-amazon.com/images/I/31hf532TEHL._SL500_.jpg" alt="Product Image"></a><p>Maybelline Lash Sensational Sky High Washable Mascara Makeup, Volumizing, Lengthening, Defining, Curling, Multiplying, Buildable Formula, Blackest Black, 1 Count</p><p>$9.98</p><a href="https://www.amazon.com/dp/B08H3JPH74?tag=eloabder-20&linkCode=osi&th=1&psc=1">View Product</a></div>
<div class="product"><a href="https://www.amazon.com/dp/B09C8VNWBP?tag=eloabder-20&linkCode=osi&th=1&psc=1"><img src="https://m.media-amazon.com/images/I/31ObnTRpJ5L._SL500_.jpg" alt="Product Image"></a><p>Lattafa Yara for Women Eau de Parfum Spray, 3.40 Ounce / 100 ml</p><p>$22.77 ($6.70 / Fl Oz)</p><a href="https://www.amazon.com/dp/B09C8VNWBP?tag=eloabder-20&linkCode=osi&th=1&psc=1">View Product</a></div><div class="product"><a href="https://www.amazon.com/dp/B000E7WHCI?tag=eloabder-20&linkCode=osi&th=1&psc=1"><img src="https://m.media-amazon.com/images/I/31V1XkKkWXL._SL500_.jpg" alt="Product Image"></a><p>Vera Wang Eau de Parfum for Women - Delicate, Floral Scent - Notes of Iris, Lillies, & Sandalwood - Feminine & Subtle - 3.4 Fl Oz</p><p>$26.47 ($7.79 / Fl Oz)</p><a href="https://www.amazon.com/dp/B000E7WHCI?tag=eloabder-20&linkCode=osi&th=1&psc=1">View Product</a></div><div class="product"><a href="https://www.amazon.com/dp/B0B1HB719V?tag=eloabder-20&linkCode=osi&th=1&psc=1"><img src="https://m.media-amazon.com/images/I/31R9CfuokSL._SL500_.jpg" alt="Product Image"></a><p>Sol de Janeiro Cheirosa '68 Hair & Body Fragrance Mist 90mL/3.0 fl oz.</p><p>$24.00 ($8.00 / Fl Oz)</p><a href="https://www.amazon.com/dp/B0B1HB719V?tag=eloabder-20&linkCode=osi&th=1&psc=1">View Product</a></div><div class="product"><a href="https://www.amazon.com/dp/B01KYRUBT8?tag=eloabder-20&linkCode=osi&th=1&psc=1"><img src="https://m.media-amazon.com/images/I/41BYbHm20iL._SL500_.jpg" alt="Product Image"></a><p>Al-Rehab Choco Musk Eau de Parfum Spray for Women, 1.7 Ounce</p><p>$7.80 ($4.59 / Fl Oz)</p><a href="https://www.amazon.com/dp/B01KYRUBT8?tag=eloabder-20&linkCode=osi&th=1&psc=1">View Product</a></div><div class="product"><a href="https://www.amazon.com/dp/B07NJJZK3W?tag=eloabder-20&linkCode=osi&th=1&psc=1"><img src="https://m.media-amazon.com/images/I/41YNfQAjjLL._SL500_.jpg" alt="Product Image"></a><p>Swiss Arabian Layali Rouge - Luxury Products From Dubai - Lasting And Addictive Personal Perfume Oil Fragrance - A Seductive, Signature Aroma - The Luxurious Scent Of Arabia - 0.5 Oz</p><p>$23.48 ($46.96 / Fl Oz)</p><a href="https://www.amazon.com/dp/B07NJJZK3W?tag=eloabder-20&linkCode=osi&th=1&psc=1">View Product</a></div><div class="product"><a href="https://www.amazon.com/dp/B000JL7WQK?tag=eloabder-20&linkCode=osi&th=1&psc=1"><img src="https://m.media-amazon.com/images/I/41WJsYdkRbL._SL500_.jpg" alt="Product Image"></a><p>Vera Wang Princess Eau de Toilette Spray for Women, Vanilla, 3.4 Fl Ounce</p><p>$25.49 ($7.50 / Fl Oz)</p><a href="https://www.amazon.com/dp/B000JL7WQK?tag=eloabder-20&linkCode=osi&th=1&psc=1">View Product</a></div><div class="product"><a href="https://www.amazon.com/dp/B000C1Z5AW?tag=eloabder-20&linkCode=osi&th=1&psc=1"><img src="https://m.media-amazon.com/images/I/31pCnWTh3yL._SL500_.jpg" alt="Product Image"></a><p>Pleasures By Estee Lauder For Women. Eau De Parfum Spray 3.4 Ounces</p><p>$35.00 ($10.29 / Fl Oz)</p><a href="https://www.amazon.com/dp/B000C1Z5AW?tag=eloabder-20&linkCode=osi&th=1&psc=1">View Product</a></div><div class="product"><a href="https://www.amazon.com/dp/B000P22TIY?tag=eloabder-20&linkCode=osi&th=1&psc=1"><img src="https://m.media-amazon.com/images/I/31h9AoIGn3L._SL500_.jpg" alt="Product Image"></a><p>Nautica Voyage Eau De Toilette for Men - Fresh, Romantic, Fruity Scent Woody, Aquatic Notes of Apple, Water Lotus, Cedarwood, and Musk Ideal Day Wear 3.3 Fl Oz</p><p>$18.90 ($5.73 / Fl Oz)</p><a href="https://www.amazon.com/dp/B000P22TIY?tag=eloabder-20&linkCode=osi&th=1&psc=1">View Product</a></div><div class="product"><a href="https://www.amazon.com/dp/B00GZP041Y?tag=eloabder-20&linkCode=osi&th=1&psc=1"><img src="https://m.media-amazon.com/images/I/41-2Bb4gj+L._SL500_.jpg" alt="Product Image"></a><p>Versace Bright Crystal Absolu Eau de Perfume Spray, 3.0 Ounce</p><p>$52.67 ($17.56 / Fl Oz)</p><a href="https://www.amazon.com/dp/B00GZP041Y?tag=eloabder-20&linkCode=osi&th=1&psc=1">View Product</a></div>





<div class="product"><a href="https://www.amazon.com/dp/B0B2RM68G2?tag=eloabder-20&linkCode=osi&th=1&psc=1"><img src="https://m.media-amazon.com/images/I/41VafG53fjL._SL500_.jpg" alt="Product Image"></a><p>BIODANCE Bio-Collagen Real Deep Mask, Hydrating Overnight Hydrogel Mask, Pore Minimizing, Elasticity Improvement, 34g x4ea</p><p>$19.00 ($4.75 / Count)</p><a href="https://www.amazon.com/dp/B0B2RM68G2?tag=eloabder-20&linkCode=osi&th=1&psc=1">View Product</a></div><div class="product"><a href="https://www.amazon.com/dp/B00BAM7F8C?tag=eloabder-20&linkCode=osi&th=1&psc=1"><img src="https://m.media-amazon.com/images/I/51jsS9SDHeL._SL500_.jpg" alt="Product Image"></a><p>DERMAL 16 Combo Pack A Collagen Essencce Korean Face Mask - Hydrating & Soothing Facial Mask with Panthenol - Hypoallergenic Self Care Sheet Mask for All Skin Types - Natural Home Spa Treatment Masks</p><p>$11.99</p><a href="https://www.amazon.com/dp/B00BAM7F8C?tag=eloabder-20&linkCode=osi&th=1&psc=1">View Product</a></div><div class="product"><a href="https://www.amazon.com/dp/B07FPJHPX1?tag=eloabder-20&linkCode=osi&th=1&psc=1"><img src="https://m.media-amazon.com/images/I/51uNOnTpxTL._SL500_.jpg" alt="Product Image"></a><p>Celavi Essence Facial Sheet Face Mask Variety Set Classic Authentic Korean Moisturizing Skincare (12-Packs)</p><p>$9.40 ($0.78 / Count)</p><a href="https://www.amazon.com/dp/B07FPJHPX1?tag=eloabder-20&linkCode=osi&th=1&psc=1">View Product</a></div><div class="product"><a href="https://www.amazon.com/dp/B0722LVW3B?tag=eloabder-20&linkCode=osi&th=1&psc=1"><img src="https://m.media-amazon.com/images/I/51Vm0lozSIL._SL500_.jpg" alt="Product Image"></a><p>DERMAL 24 Combo Pack A Collagen Essence Korean Face Mask - Hydrating & Soothing Facial Mask with Panthenol - Hypoallergenic Self Care Sheet Mask for All Skin Types - Natural Home Spa Treatment Mask</p><p>$16.99 ($0.71 / Count)</p><a href="https://www.amazon.com/dp/B0722LVW3B?tag=eloabder-20&linkCode=osi&th=1&psc=1">View Product</a></div><div class="product"><a href="https://www.amazon.com/dp/B0D7LXSSS5?tag=eloabder-20&linkCode=osi&th=1&psc=1"><img src="https://m.media-amazon.com/images/I/41N5HKnGTtL._SL500_.jpg" alt="Product Image"></a><p>SOYUB Collagen Face Mask - Hydrating Overnight Collagen Face Mask Deep Collagen Anti Wrinkle Lifting Mask - Pure Collagen Films for Improve Elasticity Firming And Moisturizing (4pcs/1 Box)</p><p>$13.79 ($3.45 / Count)</p><a href="https://www.amazon.com/dp/B0D7LXSSS5?tag=eloabder-20&linkCode=osi&th=1&psc=1">View Product</a></div><div class="product"><a href="https://www.amazon.com/dp/B007CY2C76?tag=eloabder-20&linkCode=osi&th=1&psc=1"><img src="https://m.media-amazon.com/images/I/31-131ZWvEL._SL500_.jpg" alt="Product Image"></a><p>Freeman Dead Sea Minerals Anti-Stress Clay Facial Mask, Hydrating & Clarifying, Clears Pores, Face Mask With Lavender & Bergamot For Radiant Skin, For All Skin Types, 6 fl. oz./175 mL Tube, 1 Count</p><p>$3.86 ($0.64 / Ounce)</p><a href="https://www.amazon.com/dp/B007CY2C76?tag=eloabder-20&linkCode=osi&th=1&psc=1">View Product</a></div>



<div class="product"><a href="https://www.amazon.com/dp/B0CZXG68J4?tag=eloabder-20&linkCode=osi&th=1&psc=1"><img src="https://m.media-amazon.com/images/I/41Xkis0092L._SL500_.jpg" alt="Product Image"></a><p>CNP Honey Lip Butter (0.5 fl.oz / 15ml) - Propolis Lipcerin™, Hydrating Overnight Manuka Lip Balm & Mask, 12hrs Long-lasting Moisture, Gentle Exfoliation, Hygienic Twist Dispenser, Korean Skin Care</p><p>$17.80 ($35.60 / Fl Oz)</p><a href="https://www.amazon.com/dp/B0CZXG68J4?tag=eloabder-20&linkCode=osi&th=1&psc=1">View Product</a></div><div class="product"><a href="https://www.amazon.com/dp/B08GJH4RZV?tag=eloabder-20&linkCode=osi&th=1&psc=1"><img src="https://m.media-amazon.com/images/I/41PXqEpAI1L._SL500_.jpg" alt="Product Image"></a><p>2PCS Lip Mask Overnight, Honey&Sakura Day and Night Repair Sleeping Lip Balm, Fade Lip Lines Bee Balm, Hydrating &Prevention Dry and Crack Lip Scrubs Exfoliator</p><p>$6.49</p><a href="https://www.amazon.com/dp/B08GJH4RZV?tag=eloabder-20&linkCode=osi&th=1&psc=1">View Product</a></div><div class="product"><a href="https://www.amazon.com/dp/B07XXPHQZK?tag=eloabder-20&linkCode=osi&th=1&psc=1"><img src="https://m.media-amazon.com/images/I/31mJBoxFgQL._SL500_.jpg" alt="Product Image"></a><p>LANEIGE Lip Sleeping Mask Berry: Nourish, Hydrate, Vitamin C, Murumuru & Shea Butter, Antioxidants, Flaky, Dry Lips</p><p>$24.00 ($34.29 / Ounce)</p><a href="https://www.amazon.com/dp/B07XXPHQZK?tag=eloabder-20&linkCode=osi&th=1&psc=1">View Product</a></div><div class="product"><a href="https://www.amazon.com/dp/B07Y91BMSK?tag=eloabder-20&linkCode=osi&th=1&psc=1"><img src="https://m.media-amazon.com/images/I/51P5ul4ewsL._SL500_.jpg" alt="Product Image"></a><p>NIVEA Lip Care, Fruity Tinted Lip Balm Variety Pack, Includes Cherry, Strawberry, Blackberry and Watermelon Scents, 0.17 Oz, Pack of 4</p><p>$9.69</p><a href="https://www.amazon.com/dp/B07Y91BMSK?tag=eloabder-20&linkCode=osi&th=1&psc=1">View Product</a></div><div class="product"><a href="https://www.amazon.com/dp/B082JJ4D98?tag=eloabder-20&linkCode=osi&th=1&psc=1"><img src="https://m.media-amazon.com/images/I/41zIrQdHI5L._SL500_.jpg" alt="Product Image"></a><p>NIVEA Smoothness Lip Care, Lip Balm SPF 15, Mineral Oil Free Lip Moisturizer with Shea Butter, Jojoba Oil and Avocado Oil, 0.17 Oz, Pack of 4</p><p>$8.40</p><a href="https://www.amazon.com/dp/B082JJ4D98?tag=eloabder-20&linkCode=osi&th=1&psc=1">View Product</a></div><div class="product"><a href="https://www.amazon.com/dp/B07MBHRYTJ?tag=eloabder-20&linkCode=osi&th=1&psc=1"><img src="https://m.media-amazon.com/images/I/410u8zP2pDL._SL500_.jpg" alt="Product Image"></a><p>Palmer's Coconut Oil Formula Lip Balm Duo, All-Day Moisturization, Lip Balm Easter Basket Stuffers, Hydrates Dry, Cracked Lips (Pack of 2)</p><p>$3.10 ($1.94 / Ounce)</p><a href="https://www.amazon.com/dp/B07MBHRYTJ?tag=eloabder-20&linkCode=osi&th=1&psc=1">View Product</a></div><div class="product"><a href="https://www.amazon.com/dp/B07YG8YVQW?tag=eloabder-20&linkCode=osi&th=1&psc=1"><img src="https://m.media-amazon.com/images/I/41tKxZOfwPL._SL500_.jpg" alt="Product Image"></a><p>NIVEA Moisture Lip Care, Lip Balm Stick with Shea Butter, Jojoba Oil and Avocado Oil, 0.17 Oz, Pack of 4</p><p>$9.98</p><a href="https://www.amazon.com/dp/B07YG8YVQW?tag=eloabder-20&linkCode=osi&th=1&psc=1">View Product</a></div><div class="product"><a href="https://www.amazon.com/dp/B08C8WMPMR?tag=eloabder-20&linkCode=osi&th=1&psc=1"><img src="https://m.media-amazon.com/images/I/410NuIkftlL._SL500_.jpg" alt="Product Image"></a><p>eos Medicated Lip Balm - The Fixer | Lip Care to Repair and Protect Chapped and Dry Lips | Instant Cooling and Pain Relief with Natural Ingredients | 0.35 oz</p><p>$3.97 ($11.34 / Fl Oz)</p><a href="https://www.amazon.com/dp/B08C8WMPMR?tag=eloabder-20&linkCode=osi&th=1&psc=1">View Product</a></div>




<div class="product"><a href="https://www.amazon.com/dp/B002CMLS50?tag=eloabder-20&linkCode=osi&th=1&psc=1"><img src="https://m.media-amazon.com/images/I/314ruNgESmL._SL500_.jpg" alt="Product Image"></a><p>Moroccanoil Hydrating Styling Cream, 10.2 Fl. Oz.</p><p>$36.00 ($3.53 / Fl Oz)</p><a href="https://www.amazon.com/dp/B002CMLS50?tag=eloabder-20&linkCode=osi&th=1&psc=1">View Product</a></div><div class="product"><a href="https://www.amazon.com/dp/B0050N4DLE?tag=eloabder-20&linkCode=osi&th=1&psc=1"><img src="https://m.media-amazon.com/images/I/31-lmMmL35L._SL500_.jpg" alt="Product Image"></a><p>Garnier Fructis Style Pure Clean Styling Gel 6.8 Fl Oz, 1 Count, (Packaging May Vary)</p><p>$4.49 ($0.66 / Fl Oz)</p><a href="https://www.amazon.com/dp/B0050N4DLE?tag=eloabder-20&linkCode=osi&th=1&psc=1">View Product</a></div><div class="product"><a href="https://www.amazon.com/dp/B07KB39L6L?tag=eloabder-20&linkCode=osi&th=1&psc=1"><img src="https://m.media-amazon.com/images/I/51U76BCUc5L._SL500_.jpg" alt="Product Image"></a><p>Hair Dough Styling Clay For Men, Matte Finish Molding Hair Wax Paste Quiff, Strong Hold Without The Shine</p><p>$18.99 ($5.43 / Ounce)</p><a href="https://www.amazon.com/dp/B07KB39L6L?tag=eloabder-20&linkCode=osi&th=1&psc=1">View Product</a></div><div class="product"><a href="https://www.amazon.com/dp/B0914XZT2W?tag=eloabder-20&linkCode=osi&th=1&psc=1"><img src="https://m.media-amazon.com/images/I/417h8kM6cCL._SL500_.jpg" alt="Product Image"></a><p>Samnyte Hair Wax Stick, Wax Stick for Hair Slick Stick, Hair Wax Stick for Women Kids, Hair Gel Stick for Girls Hair Accessories for Women Fly away Hair Tamer, Hair Bun Maker for Kids Styling Cream</p><p>$7.99 ($2.96 / Fl Oz)</p><a href="https://www.amazon.com/dp/B0914XZT2W?tag=eloabder-20&linkCode=osi&th=1&psc=1">View Product</a></div>



<div class="product"><a href="https://www.amazon.com/dp/B00A8S6HM4?tag=eloabder-20&linkCode=osi&th=1&psc=1"><img src="https://m.media-amazon.com/images/I/31tIssP5CQL._SL500_.jpg" alt="Product Image"></a><p>Gold Bond Healing Hand Cream, 3 oz., With Aloe, Moisture That Lasts Through Handwashing</p><p>$3.97 ($1.32 / Ounce)</p><a href="https://www.amazon.com/dp/B00A8S6HM4?tag=eloabder-20&linkCode=osi&th=1&psc=1">View Product</a></div><div class="product"><a href="https://www.amazon.com/dp/B006UEOQ5K?tag=eloabder-20&linkCode=osi&th=1&psc=1"><img src="https://m.media-amazon.com/images/I/316StCvRHcL._SL500_.jpg" alt="Product Image"></a><p>L’Occitane Shea Butter Hand Cream 5.1 Oz: Nourishes Very Dry Hands, Protects Skin, With 20% Organic Shea Butter, Vegan, 1 Sold Every 3 Seconds*</p><p>$27.00</p><a href="https://www.amazon.com/dp/B006UEOQ5K?tag=eloabder-20&linkCode=osi&th=1&psc=1">View Product</a></div><div class="product"><a href="https://www.amazon.com/dp/B00EYOSA9G?tag=eloabder-20&linkCode=osi&th=1&psc=1"><img src="https://m.media-amazon.com/images/I/41bhc+gcG0L._SL500_.jpg" alt="Product Image"></a><p>La Roche-Posay Cicaplast Hand Cream, Instant Relief Moisturizing Dry Hands Shea Butter Lotion for Dry Cracked Hands, Non Greasy, Fragrance Free, 1.69 Fl Oz (Pack of 1)</p><p>$11.99 ($7.05 / Fl Oz)</p><a href="https://www.amazon.com/dp/B00EYOSA9G?tag=eloabder-20&linkCode=osi&th=1&psc=1">View Product</a></div><div class="product"><a href="https://www.amazon.com/dp/B00BN2UF54?tag=eloabder-20&linkCode=osi&th=1&psc=1"><img src="https://m.media-amazon.com/images/I/41JdUlyNn5L._SL500_.jpg" alt="Product Image"></a><p>CeraVe Therapeutic Hand Cream for Dry Cracked Hands With Hyaluronic Acid and Niacinamide | Fragrance Free 3 Ounce</p><p>$10.47 ($3.49 / Ounce)</p><a href="https://www.amazon.com/dp/B00BN2UF54?tag=eloabder-20&linkCode=osi&th=1&psc=1">View Product</a></div><div class="product"><a href="https://www.amazon.com/dp/B09QP658PT?tag=eloabder-20&linkCode=osi&th=1&psc=1"><img src="https://m.media-amazon.com/images/I/31W-klVFPhL._SL500_.jpg" alt="Product Image"></a><p>eos Shea Better Hand Cream - Vanilla Cashmere | Instant Hydration + Lasting Protection | 2.5 oz</p><p>$3.97 ($1.59 / Fl Oz)</p><a href="https://www.amazon.com/dp/B09QP658PT?tag=eloabder-20&linkCode=osi&th=1&psc=1">View Product</a></div><div class="product"><a href="https://www.amazon.com/dp/B00121UVU0?tag=eloabder-20&linkCode=osi&th=1&psc=1"><img src="https://m.media-amazon.com/images/I/41eeed+P5BL._SL500_.jpg" alt="Product Image"></a><p>O'Keeffe's Working Hands Hand Cream for Extremely Dry, Cracked Hands, 3.4 Ounce Jar, (Pack 1)</p><p>$8.48 ($2.49 / Ounce)</p><a href="https://www.amazon.com/dp/B00121UVU0?tag=eloabder-20&linkCode=osi&th=1&psc=1">View Product</a></div><div class="product"><a href="https://www.amazon.com/dp/B0148PKYXU?tag=eloabder-20&linkCode=osi&th=1&psc=1"><img src="https://m.media-amazon.com/images/I/41cwut0DGKL._SL500_.jpg" alt="Product Image"></a><p>O'Keeffe's Working Hands Hand Cream, Relieves and Repairs Extremely Dry Hands, 3 oz Tube, (Pack of 2)</p><p>$15.17 ($2.53 / Ounce)</p><a href="https://www.amazon.com/dp/B0148PKYXU?tag=eloabder-20&linkCode=osi&th=1&psc=1">View Product</a></div><div class="product"><a href="https://www.amazon.com/dp/B08Q1B7DVZ?tag=eloabder-20&linkCode=osi&th=1&psc=1"><img src="https://m.media-amazon.com/images/I/41KbVXj2k4L._SL500_.jpg" alt="Product Image"></a><p>Neutrogena Norwegian Formula Moisturizing Hand Cream Formulated with Glycerin for Dry, Rough Hands, Fragrance-Free Intensive Hand Lotion, 2 oz, Pack of 6</p><p>$32.94 ($2.74 / Ounce)</p><a href="https://www.amazon.com/dp/B08Q1B7DVZ?tag=eloabder-20&linkCode=osi&th=1&psc=1">View Product</a></div><div class="product"><a href="https://www.amazon.com/dp/B017WJ9HHS?tag=eloabder-20&linkCode=osi&th=1&psc=1"><img src="https://m.media-amazon.com/images/I/41m9V-aLjwL._SL500_.jpg" alt="Product Image"></a><p>Vaseline Intensive Care Healthy Hands + Stronger Nails Hand Cream 75Ml - Pack of 2</p><p>$6.00 ($1.20 / Fl Oz)</p><a href="https://www.amazon.com/dp/B017WJ9HHS?tag=eloabder-20&linkCode=osi&th=1&psc=1">View Product</a></div><div class="product"><a href="https://www.amazon.com/dp/B002PK0ROM?tag=eloabder-20&linkCode=osi&th=1&psc=1"><img src="https://m.media-amazon.com/images/I/51ACxQvzcbL._SL500_.jpg" alt="Product Image"></a><p>Burt's Bees Almond & Milk Hand Cream, 2 Oz (Package May Vary)</p><p>$8.84 ($4.42 / Ounce)</p><a href="https://www.amazon.com/dp/B002PK0ROM?tag=eloabder-20&linkCode=osi&th=1&psc=1">View Product</a></div>
<div class="product"><a href="https://www.amazon.com/dp/B08YZ7B2QC?tag=eloabder-20&linkCode=osi&th=1&psc=1"><img src="https://m.media-amazon.com/images/I/51oKaSNnAqL._SL500_.jpg" alt="Product Image"></a><p>Dr. Scholl's Dry, Cracked Skin, Ultra Hydrating Foot Mask, 3 Pairs Moisturizing Socks: Intensely Moisturizes Repairs and Softens Rough Dry Skin with Urea & Essential Oils for Dry Cracked Feet</p><p>$8.97 ($2.99 / Count)</p><a href="https://www.amazon.com/dp/B08YZ7B2QC?tag=eloabder-20&linkCode=osi&th=1&psc=1">View Product</a></div><div class="product"><a href="https://www.amazon.com/dp/B08YZBKZPB?tag=eloabder-20&linkCode=osi&th=1&psc=1"><img src="https://m.media-amazon.com/images/I/41ktbxpRfPL._SL500_.jpg" alt="Product Image"></a><p>Dr. Scholl's Dry, Cracked Foot Repair Ultra-Hydrating Foot Cream Moisturizer, 3.5 oz, Skin Care Foot Lotion with 25% Urea for Dry Cracked Feet, Heals and Moisturizes for Healthy Feet</p><p>$5.89 ($1.68 / Ounce)</p><a href="https://www.amazon.com/dp/B08YZBKZPB?tag=eloabder-20&linkCode=osi&th=1&psc=1">View Product</a></div><div class="product"><a href="https://www.amazon.com/dp/B0081C2I22?tag=eloabder-20&linkCode=osi&th=1&psc=1"><img src="https://m.media-amazon.com/images/I/41f3N9+RSFL._SL500_.jpg" alt="Product Image"></a><p>Palmer's Cocoa Butter Formula Foot Magic Moisturizing Foot Cream for Dry, Cracked Heels, Feet Moisturizer with Peppermint Oil & Vitamin E, 2.1 Ounces</p><p>$4.22 ($2.01 / Ounce)</p><a href="https://www.amazon.com/dp/B0081C2I22?tag=eloabder-20&linkCode=osi&th=1&psc=1">View Product</a></div><div class="product"><a href="https://www.amazon.com/dp/B0859JFWDT?tag=eloabder-20&linkCode=osi&th=1&psc=1"><img src="https://m.media-amazon.com/images/I/51JZjw73KSL._SL500_.jpg" alt="Product Image"></a><p>New York Biology Tea Tree Oil Foot Cream for Dry Cracked Feet, Athletes Foot, Nail Fungus, Jock Itch, Ringworm, Cracked Heels and Itchy Skin - Foot Cream - 8 oz</p><p>$9.99 ($1.25 / Ounce)</p><a href="https://www.amazon.com/dp/B0859JFWDT?tag=eloabder-20&linkCode=osi&th=1&psc=1">View Product</a></div><div class="product"><a href="https://www.amazon.com/dp/B0829DGWD5?tag=eloabder-20&linkCode=osi&th=1&psc=1"><img src="https://m.media-amazon.com/images/I/51T+i65E1rL._SL500_.jpg" alt="Product Image"></a><p>Tea Tree Oil Foot Soak with Epsom Salt - For Toenail Repair, Athletes Foot, Softens Calluses, Soothes Sore & Tired Feet, Nail Discoloration, odor Scent, Spa Pedicure Care - Made in USA 16 oz</p><p>$15.97 ($1.00 / Ounce)</p><a href="https://www.amazon.com/dp/B0829DGWD5?tag=eloabder-20&linkCode=osi&th=1&psc=1">View Product</a></div><div class="product"><a href="https://www.amazon.com/dp/B0B5FFBZ73?tag=eloabder-20&linkCode=osi&th=1&psc=1"><img src="https://m.media-amazon.com/images/I/41sofSvikeL._SL500_.jpg" alt="Product Image"></a><p>Aquaphor Repairing Foot Masks, Moisturizing Socks for Dry Feet, Hydrating Foot Care Treatment with Avocado Oil and Shea Butter, Pack of 6</p><p>$29.94 ($4.99 / Count)</p><a href="https://www.amazon.com/dp/B0B5FFBZ73?tag=eloabder-20&linkCode=osi&th=1&psc=1">View Product</a></div><div class="product"><a href="https://www.amazon.com/dp/B00VPVEVSK?tag=eloabder-20&linkCode=osi&th=1&psc=1"><img src="https://m.media-amazon.com/images/I/51WbGRy3xOL._SL500_.jpg" alt="Product Image"></a><p>Colossal Foot rasp Foot File and Callus Remover. Best Foot Care Pedicure Metal Surface Tool to Remove Hard Skin. Can be Used on Both Wet and Dry feet, High Grade Stainless Steel File</p><p>$9.99 ($9.99 / Count)</p><a href="https://www.amazon.com/dp/B00VPVEVSK?tag=eloabder-20&linkCode=osi&th=1&psc=1">View Product</a></div>


<div class="product"><a href="https://www.amazon.com/dp/B08GSTPT8Y?tag=eloabder-20&linkCode=osi&th=1&psc=1"><img src="https://m.media-amazon.com/images/I/41sX+hKcbML._SL500_.jpg" alt="Product Image"></a><p>AOA Studio Collection makeup Sponge Set Latex Free and High-definition Set of 6 makeup Wonder blender For Powder Cream and Liquid, Super Soft Wonder Beauty Cosmetic</p><p>$9.95 ($1.66 / Count)</p><a href="https://www.amazon.com/dp/B08GSTPT8Y?tag=eloabder-20&linkCode=osi&th=1&psc=1">View Product</a></div><div class="product"><a href="https://www.amazon.com/dp/B0CJFFR574?tag=eloabder-20&linkCode=osi&th=1&psc=1"><img src="https://m.media-amazon.com/images/I/41nkQ05yLcL._SL500_.jpg" alt="Product Image"></a><p>SUNGBOON EDITOR Deep Collagen Overnight Mask 37gx4ea | The real collagen 2,160,000ppb | Facial Hydrogel Masks with low molecular weight collagen for elasticity, firming, and moisturizing</p><p>$19.00 ($4.75 / Count)</p><a href="https://www.amazon.com/dp/B0CJFFR574?tag=eloabder-20&linkCode=osi&th=1&psc=1">View Product</a></div><div class="product"><a href="https://www.amazon.com/dp/B0B45LL4DD?tag=eloabder-20&linkCode=osi&th=1&psc=1"><img src="https://m.media-amazon.com/images/I/31ZNIWikbtL._SL500_.jpg" alt="Product Image"></a><p>Beauty of Joseon Revive Eye Serum with Retinal Niacinamide Correction for Puffy Eye Bags Fine Lines Dark Circles Wrinkles, Korean Skin Care 30ml, 1 fl.oz</p><p>$14.50 ($14.50 / Fl Oz)</p><a href="https://www.amazon.com/dp/B0B45LL4DD?tag=eloabder-20&linkCode=osi&th=1&psc=1">View Product</a></div><div class="product"><a href="https://www.amazon.com/dp/B0C4H1GPG1?tag=eloabder-20&linkCode=osi&th=1&psc=1"><img src="https://m.media-amazon.com/images/I/41jyzyKyY2L._SL500_.jpg" alt="Product Image"></a><p>BEAKEY Latex Free Blender Makeup Sponge for Blending, Pink Makeup Sponge Set, Soft Beauty Sponge, for Flawless Application of Liquid, Cream, and Powder Cosmetics, Pink Makeup Gifts</p><p>$6.99 ($1.40 / Count)</p><a href="https://www.amazon.com/dp/B0C4H1GPG1?tag=eloabder-20&linkCode=osi&th=1&psc=1">View Product</a></div><div class="product"><a href="https://www.amazon.com/dp/B00QPNVC0I?tag=eloabder-20&linkCode=osi&th=1&psc=1"><img src="https://m.media-amazon.com/images/I/31wV3gYUEpL._SL500_.jpg" alt="Product Image"></a><p>Real Techniques Miracle Complexion Sponge Set Duo, 2 Makeup Sponges For Liquid & Cream Makeup, Makeup Blender Sponge For Buildable Coverage, Foundation Sponge For Natural, Dewy Base, Latex-Free Foam</p><p>$7.69 ($3.84 / Count)</p><a href="https://www.amazon.com/dp/B00QPNVC0I?tag=eloabder-20&linkCode=osi&th=1&psc=1">View Product</a></div><div class="product"><a href="https://www.amazon.com/dp/B0CZYJYX4Q?tag=eloabder-20&linkCode=osi&th=1&psc=1"><img src="https://m.media-amazon.com/images/I/31hNatkE-9L._SL500_.jpg" alt="Product Image"></a><p>LANEIGE Lip Glowy Balm Mango: Hydrate, Glossy, Lightweight, Moisturize & Tint with Shea Butter</p><p>$19.00 ($54.29 / Ounce)</p><a href="https://www.amazon.com/dp/B0CZYJYX4Q?tag=eloabder-20&linkCode=osi&th=1&psc=1">View Product</a></div><div class="product"><a href="https://www.amazon.com/dp/B0CXQR14J3?tag=eloabder-20&linkCode=osi&th=1&psc=1"><img src="https://m.media-amazon.com/images/I/31RRaB6c+JL._SL500_.jpg" alt="Product Image"></a><p>e.l.f. Power Grip Dewy Setting Spray, Ultra Fine Mist Made With Hyaluronic Acid, Grips Makeup For A Hydrated, Dewy Finish, Vegan & Cruelty-Free</p><p>$10.00 ($3.70 / Fl Oz)</p><a href="https://www.amazon.com/dp/B0CXQR14J3?tag=eloabder-20&linkCode=osi&th=1&psc=1">View Product</a></div>
<div class="product"><a href="https://www.amazon.com/dp/B0057X7S7I?tag=eloabder-20&linkCode=osi&th=1&psc=1"><img src="https://m.media-amazon.com/images/I/31EGxy1hPjL._SL500_.jpg" alt="Product Image"></a><p>Rimmel Stay Glossy Lip Gloss - Non-Sticky and Lightweight Formula for Lip Color and Shine - 120 Non-Stop Glamour, .18oz</p><p>$3.97</p><a href="https://www.amazon.com/dp/B0057X7S7I?tag=eloabder-20&linkCode=osi&th=1&psc=1">View Product</a></div><div class="product"><a href="https://www.amazon.com/dp/B07MWTH3BY?tag=eloabder-20&linkCode=osi&th=1&psc=1"><img src="https://m.media-amazon.com/images/I/31xb-X48IBL._SL500_.jpg" alt="Product Image"></a><p>e.l.f. Monochromatic Multi Stick, Luxuriously Creamy & Blendable Color, For Eyes, Lips & Cheeks, Glistening Peach, 0.17 oz (5g)</p><p>$5.00</p><a href="https://www.amazon.com/dp/B07MWTH3BY?tag=eloabder-20&linkCode=osi&th=1&psc=1">View Product</a></div><div class="product"><a href="https://www.amazon.com/dp/B0CPFXMMBH?tag=eloabder-20&linkCode=osi&th=1&psc=1"><img src="https://m.media-amazon.com/images/I/21poCyHDdxL._SL500_.jpg" alt="Product Image"></a><p>e.l.f. Instant Lift Waterproof Brow Pencil, Long-Lasting Eyebrow Pencil For Grooming & Shaping Eyebrows, Vegan & Cruelty-free, Taupe</p><p>$3.00</p><a href="https://www.amazon.com/dp/B0CPFXMMBH?tag=eloabder-20&linkCode=osi&th=1&psc=1">View Product</a></div><div class="product"><a href="https://www.amazon.com/dp/B082YQ4QWW?tag=eloabder-20&linkCode=osi&th=1&psc=1"><img src="https://m.media-amazon.com/images/I/31S+aqgvx6L._SL500_.jpg" alt="Product Image"></a><p>wet n wild Mega Last High-Shine Lipstick Lip Color, Infused with Seed Oils For a Nourishing High-Shine, Buildable & Blendable Creamy Color, Cruelty-Free & Vegan - Pinky Ring</p><p>$2.28</p><a href="https://www.amazon.com/dp/B082YQ4QWW?tag=eloabder-20&linkCode=osi&th=1&psc=1">View Product</a></div><div class="product"><a href="https://www.amazon.com/dp/B0BDD7D34M?tag=eloabder-20&linkCode=osi&th=1&psc=1"><img src="https://m.media-amazon.com/images/I/51O5AVRXcUL._SL500_.jpg" alt="Product Image"></a><p>Maskiss 24k Gold Under Eye Patches (25 Pairs), eye mask, Collagen Skin Care Products, Eye Patches for Puffy Eyes, eye masks for dark circles and puffiness</p><p>$14.99 ($0.60 / Count)</p><a href="https://www.amazon.com/dp/B0BDD7D34M?tag=eloabder-20&linkCode=osi&th=1&psc=1">View Product</a></div><div class="product"><a href="https://www.amazon.com/dp/B004BCXEF6?tag=eloabder-20&linkCode=osi&th=1&psc=1"><img src="https://m.media-amazon.com/images/I/31t3gAw-N7L._SL500_.jpg" alt="Product Image"></a><p>L’Oreal Paris Makeup Voluminous Original Volume Building Waterproof Mascara, Carbon Black, 0.23 Fl Oz</p><p>$8.98</p><a href="https://www.amazon.com/dp/B004BCXEF6?tag=eloabder-20&linkCode=osi&th=1&psc=1">View Product</a></div>
<div class="product"><a href="https://www.amazon.com/dp/B0BSZ23FTF?tag=eloabder-20&linkCode=osi&th=1&psc=1"><img src="https://m.media-amazon.com/images/I/31GRN7P2p8L._SL500_.jpg" alt="Product Image"></a><p>Bubble Skincare Slam Dunk Face Moisturizer - Hydrating Face Cream for Dry Skin Made with Vitamin E + Aloe Vera Juice for a Glowing Complexion - Skin Care with Blue Light Protection (50ml)</p><p>$14.98 ($8.81 / Ounce)</p><a href="https://www.amazon.com/dp/B0BSZ23FTF?tag=eloabder-20&linkCode=osi&th=1&psc=1">View Product</a></div><div class="product"><a href="https://www.amazon.com/dp/B08T7DSZYD?tag=eloabder-20&linkCode=osi&th=1&psc=1"><img src="https://m.media-amazon.com/images/I/41WwUSxcyGL._SL500_.jpg" alt="Product Image"></a><p>e.l.f. SKIN Hydrated Ever After Skincare Mini Kit, Cleanser, Makeup Remover, Moisturiser & Eye Cream For Hydrating Skin, Airplane-Friendly Sizes</p><p>$19.99</p><a href="https://www.amazon.com/dp/B08T7DSZYD?tag=eloabder-20&linkCode=osi&th=1&psc=1">View Product</a></div><div class="product"><a href="https://www.amazon.com/dp/B0BSYX57T2?tag=eloabder-20&linkCode=osi&th=1&psc=1"><img src="https://m.media-amazon.com/images/I/31ssRlEo5QL._SL500_.jpg" alt="Product Image"></a><p>Bubble Skincare Bounce Back Balancing Facial Toner Mist - Hydrating Toner Spray + Pore Minimizer Made with Sea Water and Niacinamide to Help Improve Texture & Radiance (55ml)</p><p>$12.99 ($7.22 / Fl Oz)</p><a href="https://www.amazon.com/dp/B0BSYX57T2?tag=eloabder-20&linkCode=osi&th=1&psc=1">View Product</a></div><div class="product"><a href="https://www.amazon.com/dp/B000VPPUEA?tag=eloabder-20&linkCode=osi&th=1&psc=1"><img src="https://m.media-amazon.com/images/I/31e4JzjWhkL._SL500_.jpg" alt="Product Image"></a><p>Bio-Oil Skincare Body Oil, Vitamin E, Serum for Scars & Stretchmarks, Face & Body Moisturizer, 2 oz, All Skin Types</p><p>$11.12 ($5.56 / Fl Oz)</p><a href="https://www.amazon.com/dp/B000VPPUEA?tag=eloabder-20&linkCode=osi&th=1&psc=1">View Product</a></div><div class="product"><a href="https://www.amazon.com/dp/B0C2JPBNFX?tag=eloabder-20&linkCode=osi&th=1&psc=1"><img src="https://m.media-amazon.com/images/I/51LF1OXoo0L._SL500_.jpg" alt="Product Image"></a><p>Celavi K-Beauty Skincare Essence Facial Face Mask Korea Skin Care Moisturizing B Set 12 Pack</p><p>$9.99 ($0.83 / Count)</p><a href="https://www.amazon.com/dp/B0C2JPBNFX?tag=eloabder-20&linkCode=osi&th=1&psc=1">View Product</a></div><div class="product"><a href="https://www.amazon.com/dp/B0BSYJYQY2?tag=eloabder-20&linkCode=osi&th=1&psc=1"><img src="https://m.media-amazon.com/images/I/31aQkQwjJYL._SL500_.jpg" alt="Product Image"></a><p>Bubble Skincare Level Up Balancing Face Moisturizer - Hydrating Gel Moisturizer Formulated with Zinc PCA + Niacinamide for Improved Texture & Radiance - Skin Care for Oily or Combination Skin (50ml)</p><p>$14.99 ($8.87 / Fl Oz)</p><a href="https://www.amazon.com/dp/B0BSYJYQY2?tag=eloabder-20&linkCode=osi&th=1&psc=1">View Product</a></div><div class="product"><a href="https://www.amazon.com/dp/B0B826XRPH?tag=eloabder-20&linkCode=osi&th=1&psc=1"><img src="https://m.media-amazon.com/images/I/516nsOEA-mL._SL500_.jpg" alt="Product Image"></a><p>AURUZA Ice Face Roller and Gua Sha Set, Ice Roller for Face & Eye Puffiness Relief Beauty Facial Rollers Mold Icing Massage Skin Care Tools for Brighten Lubricate Shrink Pores Remove Fine Lines</p><p>$5.49</p><a href="https://www.amazon.com/dp/B0B826XRPH?tag=eloabder-20&linkCode=osi&th=1&psc=1">View Product</a></div><div class="product"><a href="https://www.amazon.com/dp/B0BS8Y2FLK?tag=eloabder-20&linkCode=osi&th=1&psc=1"><img src="https://m.media-amazon.com/images/I/41CX-bGjaRL._SL500_.jpg" alt="Product Image"></a><p>PEAUAMIE Under Eye Patches (30 Pairs) Gold Eye Mask and Hyaluronic Acid Eye Patches for puffy eyes,Rose Eye Masks for Dark Circles and Puffiness under eye skin care Smooth Wrinkles products</p><p>$9.99 ($0.33 / Count)</p><a href="https://www.amazon.com/dp/B0BS8Y2FLK?tag=eloabder-20&linkCode=osi&th=1&psc=1">View Product</a></div><div class="product"><a href="https://www.amazon.com/dp/B09NXS395V?tag=eloabder-20&linkCode=osi&th=1&psc=1"><img src="https://m.media-amazon.com/images/I/41ZHn0qwWwL._SL500_.jpg" alt="Product Image"></a><p>NAZANO Under Eye Patches - 60 Pcs - 24K Gold Eye Mask- Puffy Eyes & Dark Circles Treatments,Reduce Under Eye Bags and Smooth Wrinkles,Eye Skin Care Pads With Collagen,Hyaluronic Acid & Castor Oil</p><p>$8.99 ($0.30 / Count)</p><a href="https://www.amazon.com/dp/B09NXS395V?tag=eloabder-20&linkCode=osi&th=1&psc=1">View Product</a></div>
<div class="product"><a href="https://www.amazon.com/dp/B01N9SPQHQ?tag=eloabder-20&linkCode=osi&th=1&psc=1"><img src="https://m.media-amazon.com/images/I/41NHgWAaYAL._SL500_.jpg" alt="Product Image"></a><p>La Roche-Posay Toleriane Double Repair Face Moisturizer, Daily Moisturizer Face Cream with Ceramide and Niacinamide for All Skin Types, Oil Free, Fragrance Free</p><p>$23.99 ($7.10 / Fl Oz)</p><a href="https://www.amazon.com/dp/B01N9SPQHQ?tag=eloabder-20&linkCode=osi&th=1&psc=1">View Product</a></div><div class="product"><a href="https://www.amazon.com/dp/B00TTD9BRC?tag=eloabder-20&linkCode=osi&th=1&psc=1"><img src="https://m.media-amazon.com/images/I/41Kc6H7fboL._SL500_.jpg" alt="Product Image"></a><p>CeraVe Moisturizing Cream | Body and Face Moisturizer for Dry Skin | Body Cream with Hyaluronic Acid and Ceramides | Daily Moisturizer | Oil-Free | Fragrance Free | Non-Comedogenic | 19 Ounce</p><p>$17.78 ($0.94 / Ounce)</p><a href="https://www.amazon.com/dp/B00TTD9BRC?tag=eloabder-20&linkCode=osi&th=1&psc=1">View Product</a></div><div class="product"><a href="https://www.amazon.com/dp/B00NR1YQHM?tag=eloabder-20&linkCode=osi&th=1&psc=1"><img src="https://m.media-amazon.com/images/I/41yzZFTW63L._SL500_.jpg" alt="Product Image"></a><p>Neutrogena Hydro Boost Face Moisturizer with Hyaluronic Acid for Dry Skin, Oil-Free and Non-Comedogenic Water Gel Face Lotion, 1.7 oz</p><p>$13.31 ($7.83 / Ounce)</p><a href="https://www.amazon.com/dp/B00NR1YQHM?tag=eloabder-20&linkCode=osi&th=1&psc=1">View Product</a></div><div class="product"><a href="https://www.amazon.com/dp/B00HNSSPHC?tag=eloabder-20&linkCode=osi&th=1&psc=1"><img src="https://m.media-amazon.com/images/I/41rWFzQZdOL._SL500_.jpg" alt="Product Image"></a><p>Neutrogena Triple Age Repair Anti-Aging Daily Facial Moisturizer with SPF 25 Sunscreen & Vitamin C, Firming Anti-Wrinkle Face & Neck Cream for Dark Spots, Glycerin & Shea Butter, 1.7 oz</p><p>$19.56 ($11.51 / Ounce)</p><a href="https://www.amazon.com/dp/B00HNSSPHC?tag=eloabder-20&linkCode=osi&th=1&psc=1">View Product</a></div><div class="product"><a href="https://www.amazon.com/dp/B000YJ2SLG?tag=eloabder-20&linkCode=osi&th=1&psc=1"><img src="https://m.media-amazon.com/images/I/31J9bWXnQ+L._SL500_.jpg" alt="Product Image"></a><p>CeraVe Daily Moisturizing Lotion for Dry Skin | Body Lotion & Face Moisturizer with Hyaluronic Acid and Ceramides | Daily Moisturizer | Fragrance Free | Oil-Free | 12 Ounce</p><p>$13.68 ($1.14 / Fl Oz)</p><a href="https://www.amazon.com/dp/B000YJ2SLG?tag=eloabder-20&linkCode=osi&th=1&psc=1">View Product</a></div><div class="product"><a href="https://www.amazon.com/dp/B099N1LC4R?tag=eloabder-20&linkCode=osi&th=1&psc=1"><img src="https://m.media-amazon.com/images/I/41lZIG8wQNL._SL500_.jpg" alt="Product Image"></a><p>Cetaphil Face & Body Moisturizer, Hydrating Moisturizing Cream For Dry To Very Dry, Sensitive Skin, NEW 20 Oz, Fragrance Free, Non-Comedogenic, Non-Greasy (Packaging May Vary)</p><p>$15.97 ($0.80 / Ounce)</p><a href="https://www.amazon.com/dp/B099N1LC4R?tag=eloabder-20&linkCode=osi&th=1&psc=1">View Product</a></div><div class="product"><a href="https://www.amazon.com/dp/B01H20MA62?tag=eloabder-20&linkCode=osi&th=1&psc=1"><img src="https://m.media-amazon.com/images/I/41xuvNUpUML._SL500_.jpg" alt="Product Image"></a><p>Cetaphil Face & Body Moisturizer, Hydrating Moisturizing Cream for Dry to Very Dry, Sensitive Skin, NEW 16 Oz 2 Pack, Fragrance Free, Non-Comedogenic, Non-Greasy</p><p>$19.48 ($0.61 / Ounce)</p><a href="https://www.amazon.com/dp/B01H20MA62?tag=eloabder-20&linkCode=osi&th=1&psc=1">View Product</a></div><div class="product"><a href="https://www.amazon.com/dp/B01NCWV3KM?tag=eloabder-20&linkCode=osi&th=1&psc=1"><img src="https://m.media-amazon.com/images/I/41Q1ESUhSeL._SL500_.jpg" alt="Product Image"></a><p>La Roche-Posay Toleriane Double Repair UV SPF Moisturizer for Face, Daily Facial Moisturizer with Sunscreen SPF 30, Niacinamide and Glycerin, Oil Free, Moisturizing Sun Protection</p><p>$24.99 ($10.00 / Fl Oz)</p><a href="https://www.amazon.com/dp/B01NCWV3KM?tag=eloabder-20&linkCode=osi&th=1&psc=1">View Product</a></div>
<div class="product"><a href="https://www.amazon.com/dp/B07P5TMHD9?tag=eloabder-20&linkCode=osi&th=1&psc=1"><img src="https://m.media-amazon.com/images/I/51xr2lw0Y7L._SL500_.jpg" alt="Product Image"></a><p>Vitamin C Face Serum - Dark Spot Remover Facial Serum, Vit C Serum with Hyaluronic Acid, Ferulic Acid, & Vit E - Anti Aging and Skin Brightening Serum, Pure Vitamin C Serum Skin Care</p><p>$9.98</p><a href="https://www.amazon.com/dp/B07P5TMHD9?tag=eloabder-20&linkCode=osi&th=1&psc=1">View Product</a></div><div class="product"><a href="https://www.amazon.com/dp/B014PGEEO2?tag=eloabder-20&linkCode=osi&th=1&psc=1"><img src="https://m.media-amazon.com/images/I/51v+djIfQGL._SL500_.jpg" alt="Product Image"></a><p>Tree of Life Facial Serum Set for Face, Brightening, Firming, Hydrating, Dry Skin, Dermatologist Tested - Trio Power Skin Care Set, Vitamin C, Retinol and Hyaluronic Acid, 3 count of 1 Fl Oz</p><p>$19.99 ($6.66 / Fl Oz)</p><a href="https://www.amazon.com/dp/B014PGEEO2?tag=eloabder-20&linkCode=osi&th=1&psc=1">View Product</a></div><div class="product"><a href="https://www.amazon.com/dp/B08R994Q1L?tag=eloabder-20&linkCode=osi&th=1&psc=1"><img src="https://m.media-amazon.com/images/I/418KUv8uVkL._SL500_.jpg" alt="Product Image"></a><p>Good Molecules Niacinamide Serum - 10% Niacinamide Balancing B3 Facial Serum for Acne, Tone, Texture - Brightening and Hydrating Skincare for Face</p><p>$6.00</p><a href="https://www.amazon.com/dp/B08R994Q1L?tag=eloabder-20&linkCode=osi&th=1&psc=1">View Product</a></div><div class="product"><a href="https://www.amazon.com/dp/B07VWSN95S?tag=eloabder-20&linkCode=osi&th=1&psc=1"><img src="https://m.media-amazon.com/images/I/411Y0nzh9zL._SL500_.jpg" alt="Product Image"></a><p>CeraVe Retinol Serum for Post-Acne Marks and Skin Texture | Pore Refining, Resurfacing, Brightening Facial Serum with Retinol and Niacinamide | Fragrance Free, Paraben Free & Non-Comedogenic| 1 Oz</p><p>$18.68</p><a href="https://www.amazon.com/dp/B07VWSN95S?tag=eloabder-20&linkCode=osi&th=1&psc=1">View Product</a></div><div class="product"><a href="https://www.amazon.com/dp/B08L8B5JR2?tag=eloabder-20&linkCode=osi&th=1&psc=1"><img src="https://m.media-amazon.com/images/I/51Ee0RzYONL._SL500_.jpg" alt="Product Image"></a><p>Vibriance Super C Serum for Mature Skin, Made in USA, All-In-One Formula Hydrates, Firms, Lifts, Smooths, Targets Age Spots, Wrinkles, Vitamin C Serum; 1 fl oz</p><p>$32.90</p><a href="https://www.amazon.com/dp/B08L8B5JR2?tag=eloabder-20&linkCode=osi&th=1&psc=1">View Product</a></div><div class="product"><a href="https://www.amazon.com/dp/B0CLLV2T1P?tag=eloabder-20&linkCode=osi&th=1&psc=1"><img src="https://m.media-amazon.com/images/I/31ZBa-zgbjL._SL500_.jpg" alt="Product Image"></a><p>Anua 10% Niacinamide+ 4% Tranexamic Acid Serum, Ceramide, Hyaluronic Acid, Vitamin B12 natural color, for Sensitive skin, Korean Glass Skin, Fragrance-Free (30ml /1.01 fl.oz.)</p><p>$19.00 ($18.81 / Fl Oz)</p><a href="https://www.amazon.com/dp/B0CLLV2T1P?tag=eloabder-20&linkCode=osi&th=1&psc=1">View Product</a></div><div class="product"><a href="https://www.amazon.com/dp/B08TM8DLFJ?tag=eloabder-20&linkCode=osi&th=1&psc=1"><img src="https://m.media-amazon.com/images/I/41g0Mg7pRIL._SL500_.jpg" alt="Product Image"></a><p>Good Molecules Hyaluronic Acid Serum - Hydrating, Non-greasy formula to Moisturize, Plump - 1% HA, Anti-aging, Water-Based Skincare for Face</p><p>$6.00 ($6.00 / Fl Oz)</p><a href="https://www.amazon.com/dp/B08TM8DLFJ?tag=eloabder-20&linkCode=osi&th=1&psc=1">View Product</a></div><div class="product"><a href="https://www.amazon.com/dp/B01B5G45R6?tag=eloabder-20&linkCode=osi&th=1&psc=1"><img src="https://m.media-amazon.com/images/I/51JgyVg967L._SL500_.jpg" alt="Product Image"></a><p>artnaturals Anti-Aging-Set with Vitamin-C Retinol and Hyaluronic-Acid - (3 x 1 Fl Oz / 30ml) Serum for Anti Wrinkle and Dark Circle Remover – All Natural and Moisturizing</p><p>$24.95 ($8.32 / Fl Oz)</p><a href="https://www.amazon.com/dp/B01B5G45R6?tag=eloabder-20&linkCode=osi&th=1&psc=1">View Product</a></div><div class="product"><a href="https://www.amazon.com/dp/B086VKZZZY?tag=eloabder-20&linkCode=osi&th=1&psc=1"><img src="https://m.media-amazon.com/images/I/31l7jUL7jOL._SL500_.jpg" alt="Product Image"></a><p>Beauty of Joseon Glow Serum Propolis and Niacinamide Hydrating Facial Soothing Moisturizer for Irritated Uneven Skin Tone, Korean Skin Care 30ml, 1 fl.oz</p><p>$13.60 ($13.47 / Fl Oz)</p><a href="https://www.amazon.com/dp/B086VKZZZY?tag=eloabder-20&linkCode=osi&th=1&psc=1">View Product</a></div>
<div class="product"><a href="https://www.amazon.com/dp/B0CYGT3CR4?tag=eloabder-20&linkCode=osi&th=1&psc=1"><img src="https://m.media-amazon.com/images/I/51LbfzrqiUL._SL500_.jpg" alt="Product Image"></a><p>KONEUK 14 Pack Sheet Face Masks Skincare for All Skin Types, Hydrating Face Masks Suitable for Sensitive Skin, Bulk Facial Mask Set for Women Skin Care, Face Mask Gifts Set for Face Spa</p><p>$8.99 ($0.64 / Count)</p><a href="https://www.amazon.com/dp/B0CYGT3CR4?tag=eloabder-20&linkCode=osi&th=1&psc=1">View Product</a></div><div class="product"><a href="https://www.amazon.com/dp/B01N37AK8V?tag=eloabder-20&linkCode=osi&th=1&psc=1"><img src="https://m.media-amazon.com/images/I/41zyExDkGCL._SL500_.jpg" alt="Product Image"></a><p>Ebanel 10 Pack Collagen Face Mask, Instant Brightening & Hydrating Face Sheet Mask with Aloe Vera, Hyaluronic Acid, Vitamin C and E, Chamomile, Anti Aging Face Mask with Hydrolyzed Collagen, Peptide</p><p>$13.99 ($1.40 / Count)</p><a href="https://www.amazon.com/dp/B01N37AK8V?tag=eloabder-20&linkCode=osi&th=1&psc=1">View Product</a></div><div class="product"><a href="https://www.amazon.com/dp/B07C3NBJ33?tag=eloabder-20&linkCode=osi&th=1&psc=1"><img src="https://m.media-amazon.com/images/I/51DMM9KU+AL._SL500_.jpg" alt="Product Image"></a><p>GLAM UP Premium Facial Sheet Mask 12 Combo (Pack of 12) | Clean Face Masks Skincare, Hydrating Face Masks, Moisturizing, Soothing, Beauty Mask For All Skin Type Variety Beauty Mask Set</p><p>$13.20 ($1.10 / Count)</p><a href="https://www.amazon.com/dp/B07C3NBJ33?tag=eloabder-20&linkCode=osi&th=1&psc=1">View Product</a></div><div class="product"><a href="https://www.amazon.com/dp/B0B5XTMJMJ?tag=eloabder-20&linkCode=osi&th=1&psc=1"><img src="https://m.media-amazon.com/images/I/61voysA0eEL._SL500_.jpg" alt="Product Image"></a><p>Meleell Collagen Sheet Face Masks Skincare Bulk Pack,Hydrating Spa Face Mask For Sensitive Skin,Anti Aging Facial Masks Sets For Women/Teen Girls(40 Combo Pack)</p><p>$25.99 ($0.65 / Count)</p><a href="https://www.amazon.com/dp/B0B5XTMJMJ?tag=eloabder-20&linkCode=osi&th=1&psc=1">View Product</a></div><div class="product"><a href="https://www.amazon.com/dp/B0CR6NHHVL?tag=eloabder-20&linkCode=osi&th=1&psc=1"><img src="https://m.media-amazon.com/images/I/514yWBJNkFL._SL500_.jpg" alt="Product Image"></a><p>Kaely 10 Pack Variety Sheet Masks,Spa Face Masks for Kids Skin Care,Facial Mask Skincare Set Korean,Moisturize,Brighten,Nourish for All Skin Types,Birthday Gifts for Women Men Boys Girls,Set01</p><p>$8.99 ($0.90 / Count)</p><a href="https://www.amazon.com/dp/B0CR6NHHVL?tag=eloabder-20&linkCode=osi&th=1&psc=1">View Product</a></div><div class="product"><a href="https://www.amazon.com/dp/B086V843R8?tag=eloabder-20&linkCode=osi&th=1&psc=1"><img src="https://m.media-amazon.com/images/I/410evC+SQHL._SL500_.jpg" alt="Product Image"></a><p>ANAI RUI Turmeric Clay Mask - Green Tea Clay Mask - Dead Sea Minerals Mud Mask, Spa Facial Mask Set, Face Mask Gift Set 2.5 oz each</p><p>$22.99</p><a href="https://www.amazon.com/dp/B086V843R8?tag=eloabder-20&linkCode=osi&th=1&psc=1">View Product</a></div><div class="product"><a href="https://www.amazon.com/dp/B07JMTMHGS?tag=eloabder-20&linkCode=osi&th=1&psc=1"><img src="https://m.media-amazon.com/images/I/41PeKCZ7NtL._SL500_.jpg" alt="Product Image"></a><p>LAPCOS Aloe Sheet Mask, Daily Face Mask with Cucumber and Aloe Gel to Calm and Moisturize Skin, Korean Beauty Favorite, 5-Pack</p><p>$20.00 ($4.00 / count)</p><a href="https://www.amazon.com/dp/B07JMTMHGS?tag=eloabder-20&linkCode=osi&th=1&psc=1">View Product</a></div><div class="product"><a href="https://www.amazon.com/dp/B0CMQKTJDQ?tag=eloabder-20&linkCode=osi&th=1&psc=1"><img src="https://m.media-amazon.com/images/I/51oosdS4y8L._SL500_.jpg" alt="Product Image"></a><p>VESPRO 100 Pack Collagen Essence Sheet Facial Masks, Bulk Face Masks Skincare, Hydrating Face Masks for All Skin Types, Moisturizing and Soothing, Natural Skin Care Spa Face Mask</p><p>$45.99 ($0.46 / Count)</p><a href="https://www.amazon.com/dp/B0CMQKTJDQ?tag=eloabder-20&linkCode=osi&th=1&psc=1">View Product</a></div><div class="product"><a href="https://www.amazon.com/dp/B0B41LVMJ3?tag=eloabder-20&linkCode=osi&th=1&psc=1"><img src="https://m.media-amazon.com/images/I/51xduFirI6L._SL500_.jpg" alt="Product Image"></a><p>#OOTD Collagen Hydrating Sheet Masks for Face Korean Anti Aging Mask Sheet for Dry Skin & Sensitive Skin, EVE Vegan, Not Tested on Animals, No Parabens, No Sulfates, Hyaluronic Acid, Witch Hazel 10EA</p><p>$18.00 ($1.80 / Count)</p><a href="https://www.amazon.com/dp/B0B41LVMJ3?tag=eloabder-20&linkCode=osi&th=1&psc=1">View Product</a></div>
<div class="product"><a href="https://www.amazon.com/dp/B01N34XW93?tag=eloabder-20&linkCode=osi&th=1&psc=1"><img src="https://m.media-amazon.com/images/I/31OMOTCxlmL._SL500_.jpg" alt="Product Image"></a><p>La Roche-Posay Toleriane Purifying Foaming Facial Cleanser, Oil Free Face Wash for Oily Skin and for Sensitive Skin with Niacinamide, Pore Cleanser Won’t Dry Out Skin, Unscented</p><p>$17.99 ($1.33 / Fl Oz)</p><a href="https://www.amazon.com/dp/B01N34XW93?tag=eloabder-20&linkCode=osi&th=1&psc=1">View Product</a></div><div class="product"><a href="https://www.amazon.com/dp/B01MSSDEPK?tag=eloabder-20&linkCode=osi&th=1&psc=1"><img src="https://m.media-amazon.com/images/I/41YuSwjJUIL._SL500_.jpg" alt="Product Image"></a><p>CeraVe Hydrating Facial Cleanser | Moisturizing Face Wash For Dry Skin | Hyaluronic Acid + Ceramides + Glycerin | Hydrating Cleanser For Normal To Dry Skin | National Eczema Assosiation Certified</p><p>$15.48 ($0.97 / Fl Oz)</p><a href="https://www.amazon.com/dp/B01MSSDEPK?tag=eloabder-20&linkCode=osi&th=1&psc=1">View Product</a></div><div class="product"><a href="https://www.amazon.com/dp/B01N7T7JKJ?tag=eloabder-20&linkCode=osi&th=1&psc=1"><img src="https://m.media-amazon.com/images/I/31VXK3y1KYL._SL500_.jpg" alt="Product Image"></a><p>La Roche-Posay Toleriane Hydrating Gentle Face Cleanser, Daily Facial Cleanser with Niacinamide and Ceramides for Sensitive Skin, Moisturizing Face Wash for Normal to Dry Skin, Fragrance Free</p><p>$17.99 ($1.33 / Fl Oz)</p><a href="https://www.amazon.com/dp/B01N7T7JKJ?tag=eloabder-20&linkCode=osi&th=1&psc=1">View Product</a></div><div class="product"><a href="https://www.amazon.com/dp/B01N1LL62W?tag=eloabder-20&linkCode=osi&th=1&psc=1"><img src="https://m.media-amazon.com/images/I/41kwN8dWWzL._SL500_.jpg" alt="Product Image"></a><p>CeraVe Foaming Facial Cleanser | Daily Face Wash for Oily Skin with Hyaluronic Acid, Ceramides, and Niacinamide| Fragrance Free | 16 Fluid Ounce</p><p>$15.19 ($0.95 / Fl Oz)</p><a href="https://www.amazon.com/dp/B01N1LL62W?tag=eloabder-20&linkCode=osi&th=1&psc=1">View Product</a></div><div class="product"><a href="https://www.amazon.com/dp/B00U1YCRD8?tag=eloabder-20&linkCode=osi&th=1&psc=1"><img src="https://m.media-amazon.com/images/I/31LVb8KvKwL._SL500_.jpg" alt="Product Image"></a><p>CeraVe SA Cleanser | Salicylic Acid Cleanser with Hyaluronic Acid, Niacinamide & Ceramides| BHA Exfoliant for Face | Fragrance Free Non-Comedogenic | 8 Ounce</p><p>$12.37 ($1.55 / Ounce)</p><a href="https://www.amazon.com/dp/B00U1YCRD8?tag=eloabder-20&linkCode=osi&th=1&psc=1">View Product</a></div><div class="product"><a href="https://www.amazon.com/dp/B0BVV8BNYJ?tag=eloabder-20&linkCode=osi&th=1&psc=1"><img src="https://m.media-amazon.com/images/I/31tSZvBReoL._SL500_.jpg" alt="Product Image"></a><p>ANUA Heartleaf Quercetinol Pore Deep Cleansing Foam, Facial Cleanser, for Double Cleansing, BHA, Hyaluronic Acid, Glycerin, Face Wash, Blackhead Remover, Korean Skincare (150ml/5.07 fl.oz.)</p><p>$13.00 ($2.56 / Fl Oz)</p><a href="https://www.amazon.com/dp/B0BVV8BNYJ?tag=eloabder-20&linkCode=osi&th=1&psc=1">View Product</a></div><div class="product"><a href="https://www.amazon.com/dp/B00QY1XZ4W?tag=eloabder-20&linkCode=osi&th=1&psc=1"><img src="https://m.media-amazon.com/images/I/319pG+OQZxL._SL500_.jpg" alt="Product Image"></a><p>Vanicream Gentle Facial Cleanser with Pump Dispenser - 8 fl oz - Formulated Without Common Irritants for Those with Sensitive Skin</p><p>$8.86 ($1.11 / Fl Oz)</p><a href="https://www.amazon.com/dp/B00QY1XZ4W?tag=eloabder-20&linkCode=osi&th=1&psc=1">View Product</a></div><div class="product"><a href="https://www.amazon.com/dp/B016NRXO06?tag=eloabder-20&linkCode=osi&th=1&psc=1"><img src="https://m.media-amazon.com/images/I/31jSFIvh2TS._SL500_.jpg" alt="Product Image"></a><p>COSRX Low pH Good Morning Gel Cleanser, Daily Mild Face Cleanser for Sensitive Skin with BHA & Tea-Tree Oil, PH Balancing, Korean Skincare (5.07fl.oz/150ml)</p><p>$11.49 ($2.27 / Fl Oz)</p><a href="https://www.amazon.com/dp/B016NRXO06?tag=eloabder-20&linkCode=osi&th=1&psc=1">View Product</a></div><div class="product"><a href="https://www.amazon.com/dp/B09Y4HHY1P?tag=eloabder-20&linkCode=osi&th=1&psc=1"><img src="https://m.media-amazon.com/images/I/41Crw80Q3yL._SL500_.jpg" alt="Product Image"></a><p>Cetaphil Face Wash, Daily Facial Cleanser for Sensitive, Combination to Oily Skin, NEW 16 oz, Fragrance Free, Gentle Foaming, Soap Free, Hypoallergenic (Packaging May Vary)</p><p>$11.97 ($0.75 / Fl Oz)</p><a href="https://www.amazon.com/dp/B09Y4HHY1P?tag=eloabder-20&linkCode=osi&th=1&psc=1">View Product</a></div><div class="product"><a href="https://www.amazon.com/dp/B0BN2PX8V3?tag=eloabder-20&linkCode=osi&th=1&psc=1"><img src="https://m.media-amazon.com/images/I/31n4TECLwuL._SL500_.jpg" alt="Product Image"></a><p>ANUA Heartleaf Pore Control Cleansing Oil, Oil Cleanser for Face, Makeup Blackhead Remover, Korean Skin Care 6.76 fl oz(200ml) (original)</p><p>$17.69 ($2.64 / Fl Oz)</p><a href="https://www.amazon.com/dp/B0BN2PX8V3?tag=eloabder-20&linkCode=osi&th=1&psc=1">View Product</a></div>
<div class="product"><a href="https://www.amazon.com/dp/B08CMS8P67?tag=eloabder-20&linkCode=osi&th=1&psc=1"><img src="https://m.media-amazon.com/images/I/31LVyuSsJEL._SL500_.jpg" alt="Product Image"></a><p>Anua Heartleaf 77 Soothing Toner I pH 5.5 Trouble Care, Calming Skin, Refreshing, Hydrating, Purifying, Cruelty Free, Vegan,(250ml / 8.45 fl.oz.)</p><p>$19.69 ($2.33 / Fl Oz)</p><a href="https://www.amazon.com/dp/B08CMS8P67?tag=eloabder-20&linkCode=osi&th=1&psc=1">View Product</a></div><div class="product"><a href="https://www.amazon.com/dp/B09LKXR62L?tag=eloabder-20&linkCode=osi&th=1&psc=1"><img src="https://m.media-amazon.com/images/I/31D6ydy59dL._SL500_.jpg" alt="Product Image"></a><p>CeraVe Hydrating Toner for Face Non-Alcoholic with Hyaluronic Acid, Niacinamide, and Ceramides for Sensitive Dry Skin, Fragrance-Free Non Comedogenic, Full Size, 6.8 Fl Oz</p><p>$9.86 ($1.45 / Ounce)</p><a href="https://www.amazon.com/dp/B09LKXR62L?tag=eloabder-20&linkCode=osi&th=1&psc=1">View Product</a></div><div class="product"><a href="https://www.amazon.com/dp/B0CG1H8YRS?tag=eloabder-20&linkCode=osi&th=1&psc=1"><img src="https://m.media-amazon.com/images/I/31OZES5j9LL._SL500_.jpg" alt="Product Image"></a><p>TIRTIR Milk Skin Rice Toner | Deep Moisturizing, Instant Glow, 2% Niacinamide, Rice Bran Extract, Ceramide, Panthenol, Cruelty-Free, Fungal Acne Friendly, Vegan, 5.07 fl.oz.</p><p>$24.99 ($4.93 / Fl Oz)</p><a href="https://www.amazon.com/dp/B0CG1H8YRS?tag=eloabder-20&linkCode=osi&th=1&psc=1">View Product</a></div><div class="product"><a href="https://www.amazon.com/dp/B007HD570Q?tag=eloabder-20&linkCode=osi&th=1&psc=1"><img src="https://m.media-amazon.com/images/I/31uC8ENEVqL._SL500_.jpg" alt="Product Image"></a><p>Thayers Alcohol-Free, Hydrating Rose Petal Witch Hazel Facial Toner with Aloe Vera Formula, Vegan, Dermatologist Tested and Recommended, 12 Oz</p><p>$10.53 ($0.88 / Fl Oz)</p><a href="https://www.amazon.com/dp/B007HD570Q?tag=eloabder-20&linkCode=osi&th=1&psc=1">View Product</a></div><div class="product"><a href="https://www.amazon.com/dp/B01LZK411L?tag=eloabder-20&linkCode=osi&th=1&psc=1"><img src="https://m.media-amazon.com/images/I/31la+He5vRL._SL500_.jpg" alt="Product Image"></a><p>ACWELL Licorice pH Balancing Korean Toner for Cleansing 5.07 fl.oz. - Alcohol-Free PH5.5 Hydrating Facial Astringent - Skin Clarifying & Hydration Boosting Toner</p><p>$16.00 ($3.14 / Fl Oz)</p><a href="https://www.amazon.com/dp/B01LZK411L?tag=eloabder-20&linkCode=osi&th=1&psc=1">View Product</a></div><div class="product"><a href="https://www.amazon.com/dp/B07BYJF7L7?tag=eloabder-20&linkCode=osi&th=1&psc=1"><img src="https://m.media-amazon.com/images/I/31+G3Xc+J7L._SL500_.jpg" alt="Product Image"></a><p>SOME BY MI AHA BHA PHA 30 Days Miracle Toner - 5.07Oz, 150ml - Made from Tea Tree Water for Sensitive Skin - Mild Exfoliating Daily Face Toner - Skin Wastes, Sebum and Oiliness Care - Korean Skin Care</p><p>$12.00 ($2.37 / Fl Oz)</p><a href="https://www.amazon.com/dp/B07BYJF7L7?tag=eloabder-20&linkCode=osi&th=1&psc=1">View Product</a></div><div class="product"><a href="https://www.amazon.com/dp/B00LO2RO7K?tag=eloabder-20&linkCode=osi&th=1&psc=1"><img src="https://m.media-amazon.com/images/I/31Wb52+KYzL._SL500_.jpg" alt="Product Image"></a><p>La Roche-Posay Effaclar Clarifying Solution Acne Toner with Salicylic Acid and Glycolic Acid, Pore Refining Oily Skin Toner, Gentle Exfoliant to Unclog Pores and Remove Dead Skin Cells</p><p>$16.99 ($2.51 / Fl Oz)</p><a href="https://www.amazon.com/dp/B00LO2RO7K?tag=eloabder-20&linkCode=osi&th=1&psc=1">View Product</a></div><div class="product"><a href="https://www.amazon.com/dp/B008EPPIQ4?tag=eloabder-20&linkCode=osi&th=1&psc=1"><img src="https://m.media-amazon.com/images/I/31-lQL0AkZL._SL500_.jpg" alt="Product Image"></a><p>Paula's Choice Skin Balancing Pore-Reducing Toner for Combination and Oily Skin, Minimizes Large Pores, 6.4 Fluid Ounce Bottle</p><p>$26.00 ($4.06 / Fl Oz)</p><a href="https://www.amazon.com/dp/B008EPPIQ4?tag=eloabder-20&linkCode=osi&th=1&psc=1">View Product</a></div><div class="product"><a href="https://www.amazon.com/dp/B073P6BPF5?tag=eloabder-20&linkCode=osi&th=1&psc=1"><img src="https://m.media-amazon.com/images/I/31hqlVDLizL._SL500_.jpg" alt="Product Image"></a><p>COSRX AHA/BHA Clarifying Treatment Toner, 5.07 fl.oz / 150ml | Exfoliating Facial Spray | Korean Skin Care, Hydrating, Mild Exfoliation, Vegan, Animal Testing Free, Paraben Free</p><p>$10.75 ($2.11 / Fl Oz)</p><a href="https://www.amazon.com/dp/B073P6BPF5?tag=eloabder-20&linkCode=osi&th=1&psc=1">View Product</a></div>
<div class="product"><a href="https://www.amazon.com/dp/B07C5SS6YD?tag=eloabder-20&linkCode=osi&th=1&psc=1"><img src="https://m.media-amazon.com/images/I/31tzIszvgAL._SL500_.jpg" alt="Product Image"></a><p>Paula's Choice Skin Perfecting 2% BHA Liquid Salicylic Acid Exfoliant, Gentle Facial Exfoliator for Blackheads, Large Pores, Wrinkles & Fine Lines, Travel Size, 1 Fluid Ounce</p><p>$14.00</p><a href="https://www.amazon.com/dp/B07C5SS6YD?tag=eloabder-20&linkCode=osi&th=1&psc=1">View Product</a></div><div class="product"><a href="https://www.amazon.com/dp/B07VW3YSWH?tag=eloabder-20&linkCode=osi&th=1&psc=1"><img src="https://m.media-amazon.com/images/I/410j9ZFktHL._SL500_.jpg" alt="Product Image"></a><p>Tree Hut Vitamin C Shea Sugar Scrub, 18 oz, Ultra Hydrating and Exfoliating Scrub for Nourishing Essential Body Care</p><p>$8.94 ($0.50 / Ounce)</p><a href="https://www.amazon.com/dp/B07VW3YSWH?tag=eloabder-20&linkCode=osi&th=1&psc=1">View Product</a></div><div class="product"><a href="https://www.amazon.com/dp/B07NHZP4FW?tag=eloabder-20&linkCode=osi&th=1&psc=1"><img src="https://m.media-amazon.com/images/I/41znKaYV17L._SL500_.jpg" alt="Product Image"></a><p>Seraphic Skincare (Original) Premium Exfoliating Mitt for Body (2pc) – 100% Vegan Viscose Traditional Body Scrub Glove Kessa Korean Washcloth – Body Exfoliator for Self-Tan Removal & Keratosis Pilaris</p><p>$12.99 ($6.50 / Count)</p><a href="https://www.amazon.com/dp/B07NHZP4FW?tag=eloabder-20&linkCode=osi&th=1&psc=1">View Product</a></div><div class="product"><a href="https://www.amazon.com/dp/B001VMJSCW?tag=eloabder-20&linkCode=osi&th=1&psc=1"><img src="https://m.media-amazon.com/images/I/31N7x4-aJAL._SL500_.jpg" alt="Product Image"></a><p>Dermalogica Daily Microfoliant, Face Exfoliator Scrub Powder with Salicylic Acid and Papaya Enzyme, Achieve Brighter, Smoother Skin Daily, 0.45 Oz</p><p>$19.00 ($42.22 / Ounce)</p><a href="https://www.amazon.com/dp/B001VMJSCW?tag=eloabder-20&linkCode=osi&th=1&psc=1">View Product</a></div><div class="product"><a href="https://www.amazon.com/dp/B09Q88TVGJ?tag=eloabder-20&linkCode=osi&th=1&psc=1"><img src="https://m.media-amazon.com/images/I/31jQFJt0t7L._SL500_.jpg" alt="Product Image"></a><p>tingl Face and Body Exfoliator Pads - Anti Aging Acne Treatment with Glycolic Acid, Lactic Acid, and Salicylic Acid - Pore Minimizer, Oil Cleanser, Blackhead Remover and Skin Exfoliator in One</p><p>$38.00 ($38.00 / Count)</p><a href="https://www.amazon.com/dp/B09Q88TVGJ?tag=eloabder-20&linkCode=osi&th=1&psc=1">View Product</a></div><div class="product"><a href="https://www.amazon.com/dp/B0BNWXFH3P?tag=eloabder-20&linkCode=osi&th=1&psc=1"><img src="https://m.media-amazon.com/images/I/51HkdST1FCL._SL500_.jpg" alt="Product Image"></a><p>Dermasuri Deep Exfoliating Glove for Shower - Exfoliating Mitt Body Scrubber - Skin Exfoliator & Dead Skin Remover - Keratosis Pilaris Scrub - Spray Tan Remover - Korean Skincare for Body (2 Pack)</p><p>$19.99 ($10.00 / Count)</p><a href="https://www.amazon.com/dp/B0BNWXFH3P?tag=eloabder-20&linkCode=osi&th=1&psc=1">View Product</a></div><div class="product"><a href="https://www.amazon.com/dp/B076DSRB6B?tag=eloabder-20&linkCode=osi&th=1&psc=1"><img src="https://m.media-amazon.com/images/I/51lTK55c5UL._SL500_.jpg" alt="Product Image"></a><p>Himalayan Salt Scrub Face Foot & Body Exfoliator Infused with Collagen and Stem Cell Natural Exfoliating Salt Body Scrub for Toning Cellulite Skin Care by M3 Naturals</p><p>$25.81 ($2.15 / Ounce)</p><a href="https://www.amazon.com/dp/B076DSRB6B?tag=eloabder-20&linkCode=osi&th=1&psc=1">View Product</a></div><div class="product"><a href="https://www.amazon.com/dp/B004GEV9JW?tag=eloabder-20&linkCode=osi&th=1&psc=1"><img src="https://m.media-amazon.com/images/I/41MgyDfHXfL._SL500_.jpg" alt="Product Image"></a><p>Buf-Puf Gentle Facial Sponge, Dermatologist Developed, Removes Deep Down Dirt & Makeup That Causes Breakouts and Blackheads, Reusable, Exfoliating, 1 Count</p><p>$8.71</p><a href="https://www.amazon.com/dp/B004GEV9JW?tag=eloabder-20&linkCode=osi&th=1&psc=1">View Product</a></div><div class="product"><a href="https://www.amazon.com/dp/B0000632EN?tag=eloabder-20&linkCode=osi&th=1&psc=1"><img src="https://m.media-amazon.com/images/I/314AH1Zo0lL._SL500_.jpg" alt="Product Image"></a><p>Aveeno Positively Radiant Exfoliating Facial Scrub, Brightening Face Scrub with Soy Extract to Visibly Improve Skin Tone and Texture, Oil-Free, Soap-Free, Hypoallergenic Formula, 5 FL OZ</p><p>$7.97 ($1.59 / Ounce)</p><a href="https://www.amazon.com/dp/B0000632EN?tag=eloabder-20&linkCode=osi&th=1&psc=1">View Product</a></div>
<div class="product"><a href="https://www.amazon.com/dp/B005IHT94S?tag=eloabder-20&linkCode=osi&th=1&psc=1"><img src="https://m.media-amazon.com/images/I/31YAXVCRMAL._SL500_.jpg" alt="Product Image"></a><p>Neutrogena Ultra Sheer Dry-Touch Water Resistant and Non-Greasy Sunscreen Lotion with Broad Spectrum SPF 70, 3 Fl Oz (Pack of 1)</p><p>$9.88 ($3.29 / Fl Oz)</p><a href="https://www.amazon.com/dp/B005IHT94S?tag=eloabder-20&linkCode=osi&th=1&psc=1">View Product</a></div><div class="product"><a href="https://www.amazon.com/dp/B078BC1NJ6?tag=eloabder-20&linkCode=osi&th=1&psc=1"><img src="https://m.media-amazon.com/images/I/51V4LMN2zEL._SL500_.jpg" alt="Product Image"></a><p>Coppertone Sport Sunscreen Spray SPF 50, Water Resistant Spray Sunscreen, Broad Spectrum SPF 50 Sunscreen, Bulk Sunscreen Pack, 5.5 Oz Bottle, Pack of 3</p><p>$20.63 ($1.25 / Ounce)</p><a href="https://www.amazon.com/dp/B078BC1NJ6?tag=eloabder-20&linkCode=osi&th=1&psc=1">View Product</a></div><div class="product"><a href="https://www.amazon.com/dp/B01MQXX9US?tag=eloabder-20&linkCode=osi&th=1&psc=1"><img src="https://m.media-amazon.com/images/I/41Zi7BP15NL._SL500_.jpg" alt="Product Image"></a><p>Banana Boat Sport Ultra SPF 50 Sunscreen Spray Twin Pack | Banana Boat Sunscreen Spray SPF 50, Spray On Sunscreen, Water Resistant Sunscreen, Oxybenzone Free Sunscreen Pack, 6oz each</p><p>$13.97 ($1.16 / Ounce)</p><a href="https://www.amazon.com/dp/B01MQXX9US?tag=eloabder-20&linkCode=osi&th=1&psc=1">View Product</a></div><div class="product"><a href="https://www.amazon.com/dp/B00AEN4QZ8?tag=eloabder-20&linkCode=osi&th=1&psc=1"><img src="https://m.media-amazon.com/images/I/31QMrCJPoeL._SL500_.jpg" alt="Product Image"></a><p>Neutrogena Beach Defense Water-Resistant Face & Body SPF 70 Sunscreen Lotion with Broad Spectrum UVA/UVB Protection, Oil-Free Fast-Absorbing Sunscreen Lotion, Oxybenzone-Free, 6.7 oz</p><p>$9.60 ($1.43 / Fl Oz)</p><a href="https://www.amazon.com/dp/B00AEN4QZ8?tag=eloabder-20&linkCode=osi&th=1&psc=1">View Product</a></div><div class="product"><a href="https://www.amazon.com/dp/B076GZX3KL?tag=eloabder-20&linkCode=osi&th=1&psc=1"><img src="https://m.media-amazon.com/images/I/41BQoEZMuTL._SL500_.jpg" alt="Product Image"></a><p>Neutrogena Sunscreen Spray, Ultra Sheer ® Body Mist, Broad Spectrum SPF 70, Non-Greasy Water Resistant Body Sunscreen Mist, Non-Comedogenic, 5 oz (Pack of 3)</p><p>$22.60 ($1.51 / Ounce)</p><a href="https://www.amazon.com/dp/B076GZX3KL?tag=eloabder-20&linkCode=osi&th=1&psc=1">View Product</a></div><div class="product"><a href="https://www.amazon.com/dp/B004D2DR0Q?tag=eloabder-20&linkCode=osi&th=1&psc=1"><img src="https://m.media-amazon.com/images/I/41QwzCWNnFL._SL500_.jpg" alt="Product Image"></a><p>Neutrogena Ultra Sheer Dry-Touch Water Resistant and Non-Greasy Sunscreen Lotion with Broad Spectrum SPF 45, TSA-Compliant travel Size, 3 Fl Oz, Pack of 2, 6 Fl Oz</p><p>$13.99 ($2.33 / Fl Oz)</p><a href="https://www.amazon.com/dp/B004D2DR0Q?tag=eloabder-20&linkCode=osi&th=1&psc=1">View Product</a></div><div class="product"><a href="https://www.amazon.com/dp/B002CML1VG?tag=eloabder-20&linkCode=osi&th=1&psc=1"><img src="https://m.media-amazon.com/images/I/41ufC4L5QQL._SL500_.jpg" alt="Product Image"></a><p>La Roche-Posay Anthelios Melt-In Milk Sunscreen SPF 60 | Sunscreen For Body & Face | Broad Spectrum SPF + Antioxidants | Oil Free Sunscreen Lotion | Lightweight & Fast Absorbing | Oxybenzone Free</p><p>$37.99 ($7.60 / Fl Oz)</p><a href="https://www.amazon.com/dp/B002CML1VG?tag=eloabder-20&linkCode=osi&th=1&psc=1">View Product</a></div><div class="product"><a href="https://www.amazon.com/dp/B00B81XR1Y?tag=eloabder-20&linkCode=osi&th=1&psc=1"><img src="https://m.media-amazon.com/images/I/41NtDXr-dML._SL500_.jpg" alt="Product Image"></a><p>Banana Boat Sport Ultra SPF 30 Sunscreen Spray Twin Pack | Banana Boat Sunscreen Spray SPF 30, Spray On Sunscreen, Water Resistant Sunscreen, Oxybenzone Free Sunscreen Pack, 6oz each</p><p>$13.47 ($1.12 / Ounce)</p><a href="https://www.amazon.com/dp/B00B81XR1Y?tag=eloabder-20&linkCode=osi&th=1&psc=1">View Product</a></div><div class="product"><a href="https://www.amazon.com/dp/B07X1YDGSF?tag=eloabder-20&linkCode=osi&th=1&psc=1"><img src="https://m.media-amazon.com/images/I/31PSmI7nKIL._SL500_.jpg" alt="Product Image"></a><p>Neutrogena Beach Defense Sunscreen Spray SPF 50 Water-Resistant Body Spray with Broad Spectrum , PABA-Free, Oxybenzone-Free & Fast-Drying, Superior Sun Protection, 6.5 oz, Transparent</p><p>$9.88 ($1.52 / Ounce)</p><a href="https://www.amazon.com/dp/B07X1YDGSF?tag=eloabder-20&linkCode=osi&th=1&psc=1">View Product</a></div>
<div class="product"><a href="https://www.amazon.com/dp/B00JJPMXDO?tag=eloabder-20&linkCode=osi&th=1&psc=1"><img src="https://m.media-amazon.com/images/I/41xUbY21ojL._SL500_.jpg" alt="Product Image"></a><p>CeraVe Eye Repair Cream | Under Eye Cream For Puffiness And Bags Under Eyes | Hyaluronic Acid + Niacinamide + Marine Botanical Complex | Hydrating Eye Cream | Oil Free & Opthalmologist Tested</p><p>$13.43 ($26.86 / Ounce)</p><a href="https://www.amazon.com/dp/B00JJPMXDO?tag=eloabder-20&linkCode=osi&th=1&psc=1">View Product</a></div><div class="product"><a href="https://www.amazon.com/dp/B0B3GCCRVH?tag=eloabder-20&linkCode=osi&th=1&psc=1"><img src="https://m.media-amazon.com/images/I/41EdCdrw-AL._SL500_.jpg" alt="Product Image"></a><p>CeraVe Skin Renewing Eye Cream For Wrinkles | Under Eye Cream With Peptides + Caffeine + Niacinamide | Anti Aging Eye Cream For Wrinkles & Crows Feet | Paraben Free & Opthalmologist Tested</p><p>$18.49 ($36.98 / Ounce)</p><a href="https://www.amazon.com/dp/B0B3GCCRVH?tag=eloabder-20&linkCode=osi&th=1&psc=1">View Product</a></div><div class="product"><a href="https://www.amazon.com/dp/B00005333I?tag=eloabder-20&linkCode=osi&th=1&psc=1"><img src="https://m.media-amazon.com/images/I/31webfO63dL._SL500_.jpg" alt="Product Image"></a><p>L'Oreal Paris Dermo-Expertise Eye Defense Eye Cream with Caffeine and Hyaluronic Acid 0.5 oz</p><p>$12.27 ($24.54 / Ounce)</p><a href="https://www.amazon.com/dp/B00005333I?tag=eloabder-20&linkCode=osi&th=1&psc=1">View Product</a></div><div class="product"><a href="https://www.amazon.com/dp/B0CZJ8N83D?tag=eloabder-20&linkCode=osi&th=1&psc=1"><img src="https://m.media-amazon.com/images/I/31fQO3OHiML._SL500_.jpg" alt="Product Image"></a><p>PRIME PROMETICS PrimeEyes Hydrate Under Eye Cream for Mature Women – Hydrating Eye Cream for Dark Circles and Wrinkle Repair – Soft, Glowing & Healthy Under Eyes</p><p>$62.00</p><a href="https://www.amazon.com/dp/B0CZJ8N83D?tag=eloabder-20&linkCode=osi&th=1&psc=1">View Product</a></div><div class="product"><a href="https://www.amazon.com/dp/B0009RFB76?tag=eloabder-20&linkCode=osi&th=1&psc=1"><img src="https://m.media-amazon.com/images/I/31M2iQDNDOL._SL500_.jpg" alt="Product Image"></a><p>RoC Retinol Correxion Under Eye Cream for Dark Circles & Puffiness, Daily Wrinkle Cream, Anti Aging Line Smoothing Skin Care Treatment for Women and Men, 0.5 oz (Packaging May Vary)</p><p>$19.77 ($39.54 / Fl Oz)</p><a href="https://www.amazon.com/dp/B0009RFB76?tag=eloabder-20&linkCode=osi&th=1&psc=1">View Product</a></div><div class="product"><a href="https://www.amazon.com/dp/B0D3TG6MN3?tag=eloabder-20&linkCode=osi&th=1&psc=1"><img src="https://m.media-amazon.com/images/I/21-DQIJf5xL._SL500_.jpg" alt="Product Image"></a><p>Dr.Melaxin Eyephalt Eyebag Cream for Puffiness, Dark Circles&Fine Lines | EGF Anti-Aging Under Eye Moisturizer with Niacinamide&Ceramide 0.33 fl.oz.</p><p>$59.00 ($178.79 / Fl Oz)</p><a href="https://www.amazon.com/dp/B0D3TG6MN3?tag=eloabder-20&linkCode=osi&th=1&psc=1">View Product</a></div><div class="product"><a href="https://www.amazon.com/dp/B07CKJRJXB?tag=eloabder-20&linkCode=osi&th=1&psc=1"><img src="https://m.media-amazon.com/images/I/31pJCzbhXrL._SL500_.jpg" alt="Product Image"></a><p>No7 Lift & Luminate Triple Action Eye Cream - Anti-Aging Under Eye Cream for Dark Circles, Puffiness & Wrinkles - Formulated with Vitamin C to Brighten and Refresh Tired Eyes (0.5 Fl Oz)</p><p>$15.99</p><a href="https://www.amazon.com/dp/B07CKJRJXB?tag=eloabder-20&linkCode=osi&th=1&psc=1">View Product</a></div>
<div class="product"><a href="https://www.amazon.com/dp/B0BBSP2JNQ?tag=eloabder-20&linkCode=osi&th=1&psc=1"><img src="https://m.media-amazon.com/images/I/51qb7tiAJgL._SL500_.jpg" alt="Product Image"></a><p>SimplyVital Face Moisturizer Collagen Cream - Anti Aging Neck and Décolleté - Made in USA Day & Night Face Cream - Moisturizing, Lifting & Recovery – 1.7oz</p><p>$22.89 ($13.46 / Fl Oz)</p><a href="https://www.amazon.com/dp/B0BBSP2JNQ?tag=eloabder-20&linkCode=osi&th=1&psc=1">View Product</a></div><div class="product"><a href="https://www.amazon.com/dp/B008EKY8VK?tag=eloabder-20&linkCode=osi&th=1&psc=1"><img src="https://m.media-amazon.com/images/I/419EZkaOOIL._SL500_.jpg" alt="Product Image"></a><p>L'Oreal Paris Revitalift Triple Power Anti-Aging Face Moisturizer, Pro Retinol, Hyaluronic Acid & Vitamin C to Reduce Wrinkles, Firm & Brighten Skin, 1.7 Oz</p><p>$17.86 ($10.51 / Ounce)</p><a href="https://www.amazon.com/dp/B008EKY8VK?tag=eloabder-20&linkCode=osi&th=1&psc=1">View Product</a></div><div class="product"><a href="https://www.amazon.com/dp/B00HNSSPDG?tag=eloabder-20&linkCode=osi&th=1&psc=1"><img src="https://m.media-amazon.com/images/I/41zARcUorbL._SL500_.jpg" alt="Product Image"></a><p>Neutrogena Triple Age Repair Anti-Aging Night Cream with Vitamin C; Fights Wrinkles & Evens Tone, Firming Anti-Wrinkle Face & Neck Cream; Glycerin & Shea Butter, 1.7 oz</p><p>$19.19 ($11.29 / Ounce)</p><a href="https://www.amazon.com/dp/B00HNSSPDG?tag=eloabder-20&linkCode=osi&th=1&psc=1">View Product</a></div><div class="product"><a href="https://www.amazon.com/dp/B0C9H6PD9B?tag=eloabder-20&linkCode=osi&th=1&psc=1"><img src="https://m.media-amazon.com/images/I/51MQp9qtYZL._SL500_.jpg" alt="Product Image"></a><p>Collagen Face Moisturizer with Airless Pump - Collagen Botanical Stem Cells Cream for Skin with Retinol, Niacinamide, Hyaluronic Acid - Anti-Aging Day & Night Cream - Made in USA (1.7 Oz)</p><p>$14.99 ($8.82 / Ounce)</p><a href="https://www.amazon.com/dp/B0C9H6PD9B?tag=eloabder-20&linkCode=osi&th=1&psc=1">View Product</a></div><div class="product"><a href="https://www.amazon.com/dp/B01ES349CY?tag=eloabder-20&linkCode=osi&th=1&psc=1"><img src="https://m.media-amazon.com/images/I/51C9olHbYgL._SL500_.jpg" alt="Product Image"></a><p>LilyAna Naturals Retinol Cream - Made in USA, Anti Aging Moisturizer for Face and Neck,Wrinkle, Retinol Complex - 1.7oz</p><p>$18.16 ($10.68 / Ounce)</p><a href="https://www.amazon.com/dp/B01ES349CY?tag=eloabder-20&linkCode=osi&th=1&psc=1">View Product</a></div><div class="product"><a href="https://www.amazon.com/dp/B00QSHEN0M?tag=eloabder-20&linkCode=osi&th=1&psc=1"><img src="https://m.media-amazon.com/images/I/41XiN2SLyrL._SL500_.jpg" alt="Product Image"></a><p>Burt's Bees Renewal Firming Face Cream, Anti-Aging Retinol Alternative, Moisturizing Natural Origin Skin Care, 1.8 Ounce (Packaging May Vary)</p><p>$9.75 ($5.42 / Ounce)</p><a href="https://www.amazon.com/dp/B00QSHEN0M?tag=eloabder-20&linkCode=osi&th=1&psc=1">View Product</a></div><div class="product"><a href="https://www.amazon.com/dp/B0744JV661?tag=eloabder-20&linkCode=osi&th=1&psc=1"><img src="https://m.media-amazon.com/images/I/41uJ0OhvRuL._SL500_.jpg" alt="Product Image"></a><p>RoC Retinol Correxion Max Daily Hydration Anti-Aging Face Moisturizer with Hyaluronic Acid, Oil Free Skin Care Cream for Fine Lines, Dark Spots, Post-Acne Scars, 1.7 Ounces (Packaging May Vary)</p><p>$21.53 ($12.66 / Ounce)</p><a href="https://www.amazon.com/dp/B0744JV661?tag=eloabder-20&linkCode=osi&th=1&psc=1">View Product</a></div><div class="product"><a href="https://www.amazon.com/dp/B004D2C57M?tag=eloabder-20&linkCode=osi&th=1&psc=1"><img src="https://m.media-amazon.com/images/I/4106jzuxtsL._SL500_.jpg" alt="Product Image"></a><p>Neutrogena Retinol Face Moisturizer, Rapid Wrinkle Repair with SPF 30 Sunscreen, Daily Anti-Aging Face Cream with Retinol & Hyaluronic Acid to Fight Fine Lines, Wrinkles, & Dark Spots, 1 fl. oz</p><p>$17.14</p><a href="https://www.amazon.com/dp/B004D2C57M?tag=eloabder-20&linkCode=osi&th=1&psc=1">View Product</a></div><div class="product"><a href="https://www.amazon.com/dp/B0B5TBVX6C?tag=eloabder-20&linkCode=osi&th=1&psc=1"><img src="https://m.media-amazon.com/images/I/51nRJsctWHL._SL500_.jpg" alt="Product Image"></a><p>Retinol Cream for Face - Facial Moisturizer with Collagen and Hyaluronic Acid, Anti-Wrinkle Reduce Fine Lines Vitamin C+E Natural-Ingredient Day Night Anti-Aging For Women Men</p><p>$14.99 ($8.82 / Fl Oz)</p><a href="https://www.amazon.com/dp/B0B5TBVX6C?tag=eloabder-20&linkCode=osi&th=1&psc=1">View Product</a></div>
<div class="product"><a href="https://www.amazon.com/dp/B00DG8F02Q?tag=eloabder-20&linkCode=osi&th=1&psc=1"><img src="https://m.media-amazon.com/images/I/31+WLRw2Y6L._SL500_.jpg" alt="Product Image"></a><p>NIVEA Shea Nourish Body Lotion, 48-Hour Moisturizing Shea Butter Lotion for Dry Skin with Deep Nourishing Serum, 16.9 Fl Oz Pump Bottle</p><p>$6.29 ($0.37 / Fl Oz)</p><a href="https://www.amazon.com/dp/B00DG8F02Q?tag=eloabder-20&linkCode=osi&th=1&psc=1">View Product</a></div><div class="product"><a href="https://www.amazon.com/dp/B076G2XGY3?tag=eloabder-20&linkCode=osi&th=1&psc=1"><img src="https://m.media-amazon.com/images/I/41jIXvha20L._SL500_.jpg" alt="Product Image"></a><p>NIVEA Essentially Enriched Body Lotion for Dry Skin, Pack of 2, 16.9 Fl Oz Pump Bottles</p><p>$10.98 ($0.32 / Fl Oz)</p><a href="https://www.amazon.com/dp/B076G2XGY3?tag=eloabder-20&linkCode=osi&th=1&psc=1">View Product</a></div><div class="product"><a href="https://www.amazon.com/dp/B00DG8EZKO?tag=eloabder-20&linkCode=osi&th=1&psc=1"><img src="https://m.media-amazon.com/images/I/31DT3ghuyXL._SL500_.jpg" alt="Product Image"></a><p>NIVEA Intense Healing Body Lotion for Dry Skin, 72-Hour Moisturizing Lotion with Deep Nourishing Serum and Provitamin B5, 16.9 Fl Oz Pump Bottle</p><p>$6.29 ($0.37 / Fl Oz)</p><a href="https://www.amazon.com/dp/B00DG8EZKO?tag=eloabder-20&linkCode=osi&th=1&psc=1">View Product</a></div><div class="product"><a href="https://www.amazon.com/dp/B08KT5HM98?tag=eloabder-20&linkCode=osi&th=1&psc=1"><img src="https://m.media-amazon.com/images/I/311EVJ1x7tL._SL500_.jpg" alt="Product Image"></a><p>eos Shea Better Body Lotion- Coconut Waters, 24-Hour Moisture Skin Care, Lightweight & Non-Greasy, Made with Natural Shea, Vegan, 16 fl oz</p><p>$8.98 ($0.56 / Fl Oz)</p><a href="https://www.amazon.com/dp/B08KT5HM98?tag=eloabder-20&linkCode=osi&th=1&psc=1">View Product</a></div><div class="product"><a href="https://www.amazon.com/dp/B0034F9K36?tag=eloabder-20&linkCode=osi&th=1&psc=1"><img src="https://m.media-amazon.com/images/I/319i3EFVPvL._SL500_.jpg" alt="Product Image"></a><p>Jergens Ultra Healing Dry Skin Moisturizer, Body and Hand Lotion for Dry Skin, for Quick Absorption into Extra Dry Skin, with HYDRALUCENCE blend, Vitamins C, E, and B5, 32 Ounce</p><p>$8.17 ($0.26 / Fl Oz)</p><a href="https://www.amazon.com/dp/B0034F9K36?tag=eloabder-20&linkCode=osi&th=1&psc=1">View Product</a></div><div class="product"><a href="https://www.amazon.com/dp/B003JT8PKQ?tag=eloabder-20&linkCode=osi&th=1&psc=1"><img src="https://m.media-amazon.com/images/I/31TFisQDpKL._SL500_.jpg" alt="Product Image"></a><p>Lubriderm Daily Moisture Lotion + Pro-Ceramide with Shea Butter & Glycerin Helps Moisturize Dry Skin, Hydrating Face, Hand & Body Lotion is Lightly Scented & Non-Greasy, 24 fl. oz</p><p>$10.12 ($0.42 / Fl Oz)</p><a href="https://www.amazon.com/dp/B003JT8PKQ?tag=eloabder-20&linkCode=osi&th=1&psc=1">View Product</a></div><div class="product"><a href="https://www.amazon.com/dp/B07RK4HST7?tag=eloabder-20&linkCode=osi&th=1&psc=1"><img src="https://m.media-amazon.com/images/I/412DGoW35mL._SL500_.jpg" alt="Product Image"></a><p>CeraVe Daily Moisturizing Lotion for Dry Skin | Body Lotion & Face Moisturizer with Hyaluronic Acid and Ceramides | Daily Moisturizer | Fragrance Free | Oil-Free | 19 Ounce</p><p>$18.50 ($0.97 / Fl Oz)</p><a href="https://www.amazon.com/dp/B07RK4HST7?tag=eloabder-20&linkCode=osi&th=1&psc=1">View Product</a></div><div class="product"><a href="https://www.amazon.com/dp/B0D484X4RL?tag=eloabder-20&linkCode=osi&th=1&psc=1"><img src="https://m.media-amazon.com/images/I/31rZLOx+KEL._SL500_.jpg" alt="Product Image"></a><p>Native Body Lotion Contains Naturally Derived Plant-Based Moisturizers for Women and Men | Restores Dry Skin, Coconut & Vanilla, 16.5 fl oz</p><p>$13.97 ($0.85 / Fl Oz)</p><a href="https://www.amazon.com/dp/B0D484X4RL?tag=eloabder-20&linkCode=osi&th=1&psc=1">View Product</a></div><div class="product"><a href="https://www.amazon.com/dp/B073CXZ8KR?tag=eloabder-20&linkCode=osi&th=1&psc=1"><img src="https://m.media-amazon.com/images/I/31r1ImnqoOL._SL500_.jpg" alt="Product Image"></a><p>Nivea Oil Infused Cherry Blossom and Jojoba Oil Body Lotion, Non-Greasy Cherry Blossom Scented Lotion Moisturizes for 24+ Hours, 16.9 Fl Oz Pump Bottle</p><p>$6.29 ($0.37 / Fl Oz)</p><a href="https://www.amazon.com/dp/B073CXZ8KR?tag=eloabder-20&linkCode=osi&th=1&psc=1">View Product</a></div><div class="product"><a href="https://www.amazon.com/dp/B09HHBKK15?tag=eloabder-20&linkCode=osi&th=1&psc=1"><img src="https://m.media-amazon.com/images/I/31gFI+hSGmL._SL500_.jpg" alt="Product Image"></a><p>Amazon Basics Cocoa Butter Body Lotion, Lightly scented, 20.3 fl oz</p><p>$4.89 ($0.24 / Fl Oz)</p><a href="https://www.amazon.com/dp/B09HHBKK15?tag=eloabder-20&linkCode=osi&th=1&psc=1">View Product</a></div>
<div class="product"><a href="https://www.amazon.com/dp/B0BVBZPX9B?tag=eloabder-20&linkCode=osi&th=1&psc=1"><img src="https://m.media-amazon.com/images/I/61Y09jlKZkL._SL500_.jpg" alt="Product Image"></a><p>Dove Deep Moisture Body Wash 30.6 Fl Oz Pack of 3 with Pump, Luxurious Hydration for Dry Skin, Cleanser with 24hr Renewing MicroMoisture</p><p>$23.22 ($0.25 / Fl Oz)</p><a href="https://www.amazon.com/dp/B0BVBZPX9B?tag=eloabder-20&linkCode=osi&th=1&psc=1">View Product</a></div><div class="product"><a href="https://www.amazon.com/dp/B0BT1VXDGD?tag=eloabder-20&linkCode=osi&th=1&psc=1"><img src="https://m.media-amazon.com/images/I/217eAv7yKyL._SL500_.jpg" alt="Product Image"></a><p>Method Body Wash, Pure Peace, Paraben and Phthalate Free, Biodegradable Formula, 28 oz (Pack of 1)</p><p>$11.48 ($0.41 / Fl Oz)</p><a href="https://www.amazon.com/dp/B0BT1VXDGD?tag=eloabder-20&linkCode=osi&th=1&psc=1">View Product</a></div><div class="product"><a href="https://www.amazon.com/dp/B0BVBYQGTW?tag=eloabder-20&linkCode=osi&th=1&psc=1"><img src="https://m.media-amazon.com/images/I/61En44WjwPL._SL500_.jpg" alt="Product Image"></a><p>Dove Body Wash with Pump Sensitive Skin 3 Count Hypoallergenic, Paraben-Free, Sulfate-Free, Cruelty-Free, Moisturizing Skin Cleanser Effectively Washes Away Bacteria While Nourishing Skin 30.6 oz</p><p>$23.22 ($0.25 / Fl Oz)</p><a href="https://www.amazon.com/dp/B0BVBYQGTW?tag=eloabder-20&linkCode=osi&th=1&psc=1">View Product</a></div><div class="product"><a href="https://www.amazon.com/dp/B0CGY5BLBW?tag=eloabder-20&linkCode=osi&th=1&psc=1"><img src="https://m.media-amazon.com/images/I/61X7MjVU6uL._SL500_.jpg" alt="Product Image"></a><p>Dove Exfoliating Body Wash Glow Recharge Energizes & illuminates skin 3% brightening serum with vitamin C 18.5 oz</p><p>$9.79 ($0.53 / Fl Oz)</p><a href="https://www.amazon.com/dp/B0CGY5BLBW?tag=eloabder-20&linkCode=osi&th=1&psc=1">View Product</a></div><div class="product"><a href="https://www.amazon.com/dp/B082QB23YG?tag=eloabder-20&linkCode=osi&th=1&psc=1"><img src="https://m.media-amazon.com/images/I/31QPAuuaLwL._SL500_.jpg" alt="Product Image"></a><p>NIVEA Refreshing White Peach and Jasmine Body Wash, Scented Body Wash with Nourishing Serum, Plant-Derived Oils, Essential Skin Lipids and Vitamins, 20 Fl Oz Bottle</p><p>$4.89 ($0.24 / Fl Oz)</p><a href="https://www.amazon.com/dp/B082QB23YG?tag=eloabder-20&linkCode=osi&th=1&psc=1">View Product</a></div><div class="product"><a href="https://www.amazon.com/dp/B0BHH1LBX2?tag=eloabder-20&linkCode=osi&th=1&psc=1"><img src="https://m.media-amazon.com/images/I/41aG-jLyOqL._SL500_.jpg" alt="Product Image"></a><p>Olay Ultra Rich Moisture Body Wash for Women, Deeply Nourishes, Vitamin B3 Complex, Clinically Proven, Shea Butter Scent, 22 fl oz (Pack of 4)</p><p>$27.96 ($0.32 / Fl Oz)</p><a href="https://www.amazon.com/dp/B0BHH1LBX2?tag=eloabder-20&linkCode=osi&th=1&psc=1">View Product</a></div><div class="product"><a href="https://www.amazon.com/dp/B07FD24RTR?tag=eloabder-20&linkCode=osi&th=1&psc=1"><img src="https://m.media-amazon.com/images/I/31klAgInvXL._SL500_.jpg" alt="Product Image"></a><p>Aveeno Stress Relief Body Wash with Soothing Oat for Sensitive Skin, Lavender Body Wash to help you feel Calm and Relaxed, Sulfate-Free, 33 FL OZ</p><p>$13.48 ($0.41 / Fl Oz)</p><a href="https://www.amazon.com/dp/B07FD24RTR?tag=eloabder-20&linkCode=osi&th=1&psc=1">View Product</a></div><div class="product"><a href="https://www.amazon.com/dp/B082QC2MCX?tag=eloabder-20&linkCode=osi&th=1&psc=1"><img src="https://m.media-amazon.com/images/I/31ohT5XH1TS._SL500_.jpg" alt="Product Image"></a><p>NIVEA Shea Butter Nourishing Body Wash, Moisturizing Body Wash with Nourishing Serum, Plant-Derived Oils, Essential Skin Lipids and Vitamins, 20 Fl Oz Bottle</p><p>$5.29 ($0.26 / Fl Oz)</p><a href="https://www.amazon.com/dp/B082QC2MCX?tag=eloabder-20&linkCode=osi&th=1&psc=1">View Product</a></div><div class="product"><a href="https://www.amazon.com/dp/B0BVBYDTZ6?tag=eloabder-20&linkCode=osi&th=1&psc=1"><img src="https://m.media-amazon.com/images/I/61UbJzK8yIL._SL500_.jpg" alt="Product Image"></a><p>Dove Body Wash with Pump Refreshing Cucumber and Green Tea 3 Count Refreshes Skin Cleanser That Effectively Washes Away Bacteria While Nourishing Your Skin 30.6 oz</p><p>$29.91 ($0.33 / Fl Oz)</p><a href="https://www.amazon.com/dp/B0BVBYDTZ6?tag=eloabder-20&linkCode=osi&th=1&psc=1">View Product</a></div><div class="product"><a href="https://www.amazon.com/dp/B082QBPDJC?tag=eloabder-20&linkCode=osi&th=1&psc=1"><img src="https://m.media-amazon.com/images/I/31tC4JDwHQL._SL500_.jpg" alt="Product Image"></a><p>NIVEA Coconut and Almond Milk Pampering Body Wash, Moisturizing Body Wash with Nourishing Serum, Plant-Derived Oils, Essential Skin Lipids and Vitamins, 20 Fl Oz Bottle</p><p>$4.99 ($0.25 / Fl Oz)</p><a href="https://www.amazon.com/dp/B082QBPDJC?tag=eloabder-20&linkCode=osi&th=1&psc=1">View Product</a></div>
<div class="product"><a href="https://www.amazon.com/dp/B07N7MWX72?tag=eloabder-20&linkCode=osi&th=1&psc=1"><img src="https://m.media-amazon.com/images/I/414aNTDFuRL._SL500_.jpg" alt="Product Image"></a><p>Mielle Organics Rosemary Mint Strengthening Shampoo Infused with Biotin, Cleanses and Helps Strengthen Weak and Brittle Hair, 12 Ounces</p><p>$9.97 ($0.83 / Fl Oz)</p><a href="https://www.amazon.com/dp/B07N7MWX72?tag=eloabder-20&linkCode=osi&th=1&psc=1">View Product</a></div><div class="product"><a href="https://www.amazon.com/dp/B01N97PCBH?tag=eloabder-20&linkCode=osi&th=1&psc=1"><img src="https://m.media-amazon.com/images/I/41KYNMCTIPL._SL500_.jpg" alt="Product Image"></a><p>Garnier Fructis Pure Clean Purifying Shampoo, Silicone-Free, 12.5 Fl Oz, 1 Count (Packaging May Vary)</p><p>$3.97 ($0.32 / Fl Oz)</p><a href="https://www.amazon.com/dp/B01N97PCBH?tag=eloabder-20&linkCode=osi&th=1&psc=1">View Product</a></div><div class="product"><a href="https://www.amazon.com/dp/B07D37PQGL?tag=eloabder-20&linkCode=osi&th=1&psc=1"><img src="https://m.media-amazon.com/images/I/31+tZhs5TNL._SL500_.jpg" alt="Product Image"></a><p>Olaplex No. 4 Bond Maintenance Shampoo, Repairs, Strengthens, & Nourishes All Hair Types, Adds Shine & Leaves Hair Feeling Soft, 8.5 fl oz</p><p>$30.00 ($3.53 / Fl Oz)</p><a href="https://www.amazon.com/dp/B07D37PQGL?tag=eloabder-20&linkCode=osi&th=1&psc=1">View Product</a></div><div class="product"><a href="https://www.amazon.com/dp/B084LHV2M1?tag=eloabder-20&linkCode=osi&th=1&psc=1"><img src="https://m.media-amazon.com/images/I/4174ry43L0L._SL500_.jpg" alt="Product Image"></a><p>Herbal Essences Hello hydration shampoo shampooing for hair 29.2 FL OZ</p><p>$7.97 ($0.27 / Fl Oz)</p><a href="https://www.amazon.com/dp/B084LHV2M1?tag=eloabder-20&linkCode=osi&th=1&psc=1">View Product</a></div><div class="product"><a href="https://www.amazon.com/dp/B08SSM21R4?tag=eloabder-20&linkCode=osi&th=1&psc=1"><img src="https://m.media-amazon.com/images/I/31WbRm+ZKEL._SL500_.jpg" alt="Product Image"></a><p>Redken All Soft Shampoo | Deeply Moisturizes and Hydrates | Softens, Smooths, and Adds Shine | Safe for Color-Treated Hair | Nourishing Shampoo for Dry Hair | With Argan Oil</p><p>$26.00 ($2.57 / Fl Oz)</p><a href="https://www.amazon.com/dp/B08SSM21R4?tag=eloabder-20&linkCode=osi&th=1&psc=1">View Product</a></div><div class="product"><a href="https://www.amazon.com/dp/B0D4SBLLRJ?tag=eloabder-20&linkCode=osi&th=1&psc=1"><img src="https://m.media-amazon.com/images/I/41uWwx+mKwL._SL500_.jpg" alt="Product Image"></a><p>Olaplex Wash and Shine Kit</p><p>$57.00</p><a href="https://www.amazon.com/dp/B0D4SBLLRJ?tag=eloabder-20&linkCode=osi&th=1&psc=1">View Product</a></div><div class="product"><a href="https://www.amazon.com/dp/B086S4Q7JH?tag=eloabder-20&linkCode=osi&th=1&psc=1"><img src="https://m.media-amazon.com/images/I/51i3YLQncNL._SL500_.jpg" alt="Product Image"></a><p>Herbal Essences Shampoo and Conditioner Set, Vitamin E, Rose Hips and Jojoba Extract, Smooth Collection, Bundle</p><p>$13.81 ($0.24 / Fl Oz)</p><a href="https://www.amazon.com/dp/B086S4Q7JH?tag=eloabder-20&linkCode=osi&th=1&psc=1">View Product</a></div><div class="product"><a href="https://www.amazon.com/dp/B01ENCBOA0?tag=eloabder-20&linkCode=osi&th=1&psc=1"><img src="https://m.media-amazon.com/images/I/41wcbs9bSAL._SL500_.jpg" alt="Product Image"></a><p>Rosemary and Biotin Shampoo for Thinning Hair - Vegan Volumizing Shampoo for Fine Hair with Argan and Tea Tree Oil - Paraben Silicone and Sulfate Free Shampoo for Dry Damaged Weak and Thin Hair Care</p><p>$12.95 ($1.62 / Fl Oz)</p><a href="https://www.amazon.com/dp/B01ENCBOA0?tag=eloabder-20&linkCode=osi&th=1&psc=1">View Product</a></div><div class="product"><a href="https://www.amazon.com/dp/B07NQ69L7P?tag=eloabder-20&linkCode=osi&th=1&psc=1"><img src="https://m.media-amazon.com/images/I/51c83KZZLJL._SL500_.jpg" alt="Product Image"></a><p>Herbal Essences Argan Oil of Morocco Shampoo & Conditioner Set, Repair & Smooth, Kew Endorsed, Fizzy Citrus Scent, Paraben-Free, Safe for Color-Treated Hair, pH-Balanced, 20.2 Fl Oz Each, 2 Pack</p><p>$24.99</p><a href="https://www.amazon.com/dp/B07NQ69L7P?tag=eloabder-20&linkCode=osi&th=1&psc=1">View Product</a></div>
<div class="product"><a href="https://www.amazon.com/dp/B0891BBRHW?tag=eloabder-20&linkCode=osi&th=1&psc=1"><img src="https://m.media-amazon.com/images/I/31ndDwe7VSL._SL500_.jpg" alt="Product Image"></a><p>Pureology Hydrate Moisturizing Conditioner | Softens and Deeply Hydrates Dry Hair | For Medium to Thick Color Treated or Natural Hair | Sulfate Free Conditioner | Vegan</p><p>$37.00 ($4.11 / Fl Oz)</p><a href="https://www.amazon.com/dp/B0891BBRHW?tag=eloabder-20&linkCode=osi&th=1&psc=1">View Product</a></div><div class="product"><a href="https://www.amazon.com/dp/B07D37SBHF?tag=eloabder-20&linkCode=osi&th=1&psc=1"><img src="https://m.media-amazon.com/images/I/31ivDW-ouZL._SL500_.jpg" alt="Product Image"></a><p>Olaplex No. 5 Bond Maintenance Conditioner, Repairs, Strengthens, & Nourishes All Hair Types, Leaving Hair Feeling Soft & Adds Shine, 8.5 fl oz"</p><p>$30.00 ($3.53 / Fl Oz)</p><a href="https://www.amazon.com/dp/B07D37SBHF?tag=eloabder-20&linkCode=osi&th=1&psc=1">View Product</a></div><div class="product"><a href="https://www.amazon.com/dp/B07CLD17F5?tag=eloabder-20&linkCode=osi&th=1&psc=1"><img src="https://m.media-amazon.com/images/I/61hTHQjDOkL._SL500_.jpg" alt="Product Image"></a><p>Dove Ultra Care Conditioner Coconut & Hydration for Dry Hair Conditioner with Coconut Oil, Jojoba Oil & Sweet Almond Oil 25.4 oz</p><p>$7.49 ($0.29 / Fl Oz)</p><a href="https://www.amazon.com/dp/B07CLD17F5?tag=eloabder-20&linkCode=osi&th=1&psc=1">View Product</a></div><div class="product"><a href="https://www.amazon.com/dp/B0752CBW5T?tag=eloabder-20&linkCode=osi&th=1&psc=1"><img src="https://m.media-amazon.com/images/I/31-KMa7LAlS._SL500_.jpg" alt="Product Image"></a><p>L'Oreal Paris Elvive Total Repair 5 Repairing Conditioner for Damaged Hair Conditioner with Protein and Ceramide for Strong Silky Shiny Healthy Renewed Hair 28 Fl Oz</p><p>$8.49 ($0.30 / Fl Oz)</p><a href="https://www.amazon.com/dp/B0752CBW5T?tag=eloabder-20&linkCode=osi&th=1&psc=1">View Product</a></div><div class="product"><a href="https://www.amazon.com/dp/B00L01DEII?tag=eloabder-20&linkCode=osi&th=1&psc=1"><img src="https://m.media-amazon.com/images/I/31EJqWmmSNL._SL500_.jpg" alt="Product Image"></a><p>Biolage Ultra Hydra Source Conditioning Balm | Deep Hydrating Conditioner | Renews Hair's Moisture | For Very Dry Hair | Silicone-Free | Vegan | Salon Conditioner | 33.8 Fl. Oz</p><p>$42.00 ($1.24 / Fl Oz)</p><a href="https://www.amazon.com/dp/B00L01DEII?tag=eloabder-20&linkCode=osi&th=1&psc=1">View Product</a></div><div class="product"><a href="https://www.amazon.com/dp/B08SSCQH77?tag=eloabder-20&linkCode=osi&th=1&psc=1"><img src="https://m.media-amazon.com/images/I/31P8RgJeqwL._SL500_.jpg" alt="Product Image"></a><p>Redken All Soft Conditioner | For Dry / Brittle Hair | Moisturizes & Provides Intense Softness | With Argan Oil | 10.1 Fl Oz</p><p>$26.00 ($2.57 / Fl Oz)</p><a href="https://www.amazon.com/dp/B08SSCQH77?tag=eloabder-20&linkCode=osi&th=1&psc=1">View Product</a></div><div class="product"><a href="https://www.amazon.com/dp/B074VLNPSG?tag=eloabder-20&linkCode=osi&th=1&psc=1"><img src="https://m.media-amazon.com/images/I/319FOowuSkL._SL500_.jpg" alt="Product Image"></a><p>Garnier Fructis Grow Strong Conditioner, 33.8 Fl Oz, 1 Count (Packaging May Vary)</p><p>$8.49 ($0.25 / Fl Oz)</p><a href="https://www.amazon.com/dp/B074VLNPSG?tag=eloabder-20&linkCode=osi&th=1&psc=1">View Product</a></div><div class="product"><a href="https://www.amazon.com/dp/B00JAI4FGI?tag=eloabder-20&linkCode=osi&th=1&psc=1"><img src="https://m.media-amazon.com/images/I/212rXWGPu1L._SL500_.jpg" alt="Product Image"></a><p>Biolage Color Last Conditioner | Helps Protect Hair & Maintain Vibrant Color | For Color-Treated and Natural Hair | Paraben & Silicone-Free | Vegan | Cruelty Free | Color Protecting Salon Conditioner</p><p>$24.00 ($1.78 / Fl Oz)</p><a href="https://www.amazon.com/dp/B00JAI4FGI?tag=eloabder-20&linkCode=osi&th=1&psc=1">View Product</a></div>
<div class="product"><a href="https://www.amazon.com/dp/B00I32AN4K?tag=eloabder-20&linkCode=osi&th=1&psc=1"><img src="https://m.media-amazon.com/images/I/51KpmxinYYL._SL500_.jpg" alt="Product Image"></a><p>Arvazallia Hydrating Argan Oil Hair Mask and Deep Conditioner for Dry or Damaged Hair - 8.45 Oz</p><p>$12.95 ($1.53 / Fl Oz)</p><a href="https://www.amazon.com/dp/B00I32AN4K?tag=eloabder-20&linkCode=osi&th=1&psc=1">View Product</a></div><div class="product"><a href="https://www.amazon.com/dp/B07H3GBSC3?tag=eloabder-20&linkCode=osi&th=1&psc=1"><img src="https://m.media-amazon.com/images/I/41I862UzKRL._SL500_.jpg" alt="Product Image"></a><p>amika soulfood nourishing Mask, 8 Fl oz</p><p>$34.00 ($4.25 / Fl Oz)</p><a href="https://www.amazon.com/dp/B07H3GBSC3?tag=eloabder-20&linkCode=osi&th=1&psc=1">View Product</a></div><div class="product"><a href="https://www.amazon.com/dp/B075L6BL61?tag=eloabder-20&linkCode=osi&th=1&psc=1"><img src="https://m.media-amazon.com/images/I/41zCFV7oGTL._SL500_.jpg" alt="Product Image"></a><p>Karseell Collagen Hair Treatment Deep Repair Conditioning Argan Oil Collagen Hair Mask Essence for Dry Damaged Hair All Hair Types 16.90 oz 500ml</p><p>$23.33 ($1.38 / Fl Oz)</p><a href="https://www.amazon.com/dp/B075L6BL61?tag=eloabder-20&linkCode=osi&th=1&psc=1">View Product</a></div><div class="product"><a href="https://www.amazon.com/dp/B0BQ54DQNM?tag=eloabder-20&linkCode=osi&th=1&psc=1"><img src="https://m.media-amazon.com/images/I/41uhtWPJeuL._SL500_.jpg" alt="Product Image"></a><p>Eva NYC Therapy Session Hair Mask, Deep Conditioning Hair Mask Infused with Argan Oil and Plant Protein, 16.9 fl oz</p><p>$19.00 ($1.12 / Fl Oz)</p><a href="https://www.amazon.com/dp/B0BQ54DQNM?tag=eloabder-20&linkCode=osi&th=1&psc=1">View Product</a></div><div class="product"><a href="https://www.amazon.com/dp/B01I2ZQJSG?tag=eloabder-20&linkCode=osi&th=1&psc=1"><img src="https://m.media-amazon.com/images/I/41ctrFUeQAL._SL500_.jpg" alt="Product Image"></a><p>Elizavecca cer-100 collagen coating hair protein treatment 100ml</p><p>$7.40 ($2.19 / Fl Oz)</p><a href="https://www.amazon.com/dp/B01I2ZQJSG?tag=eloabder-20&linkCode=osi&th=1&psc=1">View Product</a></div><div class="product"><a href="https://www.amazon.com/dp/B07N7NBYSP?tag=eloabder-20&linkCode=osi&th=1&psc=1"><img src="https://m.media-amazon.com/images/I/515lD0OXQ+L._SL500_.jpg" alt="Product Image"></a><p>Mielle Organics Rosemary Mint Strengthening Hair Masque, Essential Oil & Biotin Deep Treatment, Miracle Repair for Dry, Damaged, & Frizzy Hair, 12 Ounces</p><p>$9.97 ($0.83 / Ounce)</p><a href="https://www.amazon.com/dp/B07N7NBYSP?tag=eloabder-20&linkCode=osi&th=1&psc=1">View Product</a></div><div class="product"><a href="https://www.amazon.com/dp/B002N5MKMG?tag=eloabder-20&linkCode=osi&th=1&psc=1"><img src="https://m.media-amazon.com/images/I/41NxqnExYnL._SL500_.jpg" alt="Product Image"></a><p>Moroccanoil Intense Hydrating Mask, 8.5 Fl. Oz.</p><p>$42.00 ($4.94 / Fl Oz)</p><a href="https://www.amazon.com/dp/B002N5MKMG?tag=eloabder-20&linkCode=osi&th=1&psc=1">View Product</a></div><div class="product"><a href="https://www.amazon.com/dp/B07M7PP9KX?tag=eloabder-20&linkCode=osi&th=1&psc=1"><img src="https://m.media-amazon.com/images/I/41Mpv3wIxEL._SL500_.jpg" alt="Product Image"></a><p>Marc Anthony Grow Long Hair Anti-Breakage Mask, 10.4 OZ</p><p>$8.99 ($0.90 / Fl Oz)</p><a href="https://www.amazon.com/dp/B07M7PP9KX?tag=eloabder-20&linkCode=osi&th=1&psc=1">View Product</a></div><div class="product"><a href="https://www.amazon.com/dp/B09HR5KSR8?tag=eloabder-20&linkCode=osi&th=1&psc=1"><img src="https://m.media-amazon.com/images/I/51aIw6AhsXL._SL500_.jpg" alt="Product Image"></a><p>K18 Mini Leave-In Molecular Hair Mask, Repairs Dry or Damaged Hair, Reverse Hair Damage from Bleach, Color, Chemical Services & Heat, 0.51 Fl Oz</p><p>$29.00 ($56.86 / Fl Oz)</p><a href="https://www.amazon.com/dp/B09HR5KSR8?tag=eloabder-20&linkCode=osi&th=1&psc=1">View Product</a></div>
<div class="product"><a href="https://www.amazon.com/dp/B004J1MNII?tag=eloabder-20&linkCode=osi&th=1&psc=1"><img src="https://m.media-amazon.com/images/I/31nFgivW0gL._SL500_.jpg" alt="Product Image"></a><p>Moroccanoil Hydrating Styling Cream, Travel Size, 2.53 Fl Oz</p><p>$16.00 ($6.40 / Fl Oz)</p><a href="https://www.amazon.com/dp/B004J1MNII?tag=eloabder-20&linkCode=osi&th=1&psc=1">View Product</a></div><div class="product"><a href="https://www.amazon.com/dp/B00G187CP6?tag=eloabder-20&linkCode=osi&th=1&psc=1"><img src="https://m.media-amazon.com/images/I/31belqXvyyL._SL500_.jpg" alt="Product Image"></a><p>COLOR WOW One Minute Transformation – Instant frizz fix| Nourishing styling cream smooths, tames + defrizzes on the spot| Avocado oil + Omega 3’s hydrate, repair for silkier, smoother texture</p><p>$24.00</p><a href="https://www.amazon.com/dp/B00G187CP6?tag=eloabder-20&linkCode=osi&th=1&psc=1">View Product</a></div><div class="product"><a href="https://www.amazon.com/dp/B073CWSQ51?tag=eloabder-20&linkCode=osi&th=1&psc=1"><img src="https://m.media-amazon.com/images/I/41lIHxirIkL._SL500_.jpg" alt="Product Image"></a><p>COLOR WOW Dream Coat Supernatural Spray, 6.7 Fl Oz – Keep Your Hair Frizz-Free and Shiny No Matter the Weather with Award-Winning Anti-Humidity Treatment</p><p>$28.00 ($4.18 / Fl Oz)</p><a href="https://www.amazon.com/dp/B073CWSQ51?tag=eloabder-20&linkCode=osi&th=1&psc=1">View Product</a></div><div class="product"><a href="https://www.amazon.com/dp/B075RGHQVF?tag=eloabder-20&linkCode=osi&th=1&psc=1"><img src="https://m.media-amazon.com/images/I/21TgD3HaqbL._SL500_.jpg" alt="Product Image"></a><p>American Crew Men's Fiber Cream, Like Hair Gel with Medium Hold & Natural Shine, 3.3 Fl Oz</p><p>$9.94 ($3.01 / Ounce)</p><a href="https://www.amazon.com/dp/B075RGHQVF?tag=eloabder-20&linkCode=osi&th=1&psc=1">View Product</a></div><div class="product"><a href="https://www.amazon.com/dp/B0BLWTQ7JC?tag=eloabder-20&linkCode=osi&th=1&psc=1"><img src="https://m.media-amazon.com/images/I/31jMkcol7VL._SL500_.jpg" alt="Product Image"></a><p>DAE Cactus Fruit 3-In-1 Styling Cream - Smooth Styles, Prep Shiny Blowouts, Defines Curls (5 oz.)</p><p>$30.00 ($6.00 / Ounce)</p><a href="https://www.amazon.com/dp/B0BLWTQ7JC?tag=eloabder-20&linkCode=osi&th=1&psc=1">View Product</a></div><div class="product"><a href="https://www.amazon.com/dp/B00H3DOSPU?tag=eloabder-20&linkCode=osi&th=1&psc=1"><img src="https://m.media-amazon.com/images/I/317clPmAyiL._SL500_.jpg" alt="Product Image"></a><p>Biolage Styling Gelée | Firm Hold That Adds Body, Shine & Control | For All Hair Types | Paraben-Free | Vegan | 16.9 fl. oz. | 16.9 Fl. Oz</p><p>$24.00 ($1.42 / Fl Oz)</p><a href="https://www.amazon.com/dp/B00H3DOSPU?tag=eloabder-20&linkCode=osi&th=1&psc=1">View Product</a></div><div class="product"><a href="https://www.amazon.com/dp/B08SNSSTPZ?tag=eloabder-20&linkCode=osi&th=1&psc=1"><img src="https://m.media-amazon.com/images/I/31KrkpMat6L._SL500_.jpg" alt="Product Image"></a><p>L3 Level 3 Styling Powder - Natural Look Mens Powder - Easy to Apply with No Oil or Greasy Residue (Small - 30 Grams)</p><p>$9.99 ($9.51 / Fl Oz)</p><a href="https://www.amazon.com/dp/B08SNSSTPZ?tag=eloabder-20&linkCode=osi&th=1&psc=1">View Product</a></div><div class="product"><a href="https://www.amazon.com/dp/B09MZS3D3K?tag=eloabder-20&linkCode=osi&th=1&psc=1"><img src="https://m.media-amazon.com/images/I/31CADZzpR7L._SL500_.jpg" alt="Product Image"></a><p>Marc Anthony Biotin Styling Hair Cream, Instantly Thick - Biotin & Vitamin E Hair Thickening Cream, Lightweight Hold for Thicker & Fuller Hair - Volumizing Hair Product for Thin, Flat Hair</p><p>$8.99 ($1.82 / Ounce)</p><a href="https://www.amazon.com/dp/B09MZS3D3K?tag=eloabder-20&linkCode=osi&th=1&psc=1">View Product</a></div><div class="product"><a href="https://www.amazon.com/dp/B0009OMNQQ?tag=eloabder-20&linkCode=osi&th=1&psc=1"><img src="https://m.media-amazon.com/images/I/21BMUFOie3L._SL500_.jpg" alt="Product Image"></a><p>Paul Mitchell Extra-Body Sculpting Foam, Thickens + Builds Body, For Fine Hair, 6.7 oz.</p><p>$16.50 ($2.46 / Fl Oz)</p><a href="https://www.amazon.com/dp/B0009OMNQQ?tag=eloabder-20&linkCode=osi&th=1&psc=1">View Product</a></div>
<div class="product"><a href="https://www.amazon.com/dp/B09LXMXSMN?tag=eloabder-20&linkCode=osi&th=1&psc=1"><img src="https://m.media-amazon.com/images/I/51Sly6w-y7L._SL500_.jpg" alt="Product Image"></a><p>Revlon ColorSilk Beautiful Color Permanent Hair Color, Long-Lasting High-Definition Color, Shine & Silky Softness with 100% Gray Coverage, Ammonia Free, 41 Medium Brown, 3 Pack</p><p>$11.91 ($0.90 / Fl Oz)</p><a href="https://www.amazon.com/dp/B09LXMXSMN?tag=eloabder-20&linkCode=osi&th=1&psc=1">View Product</a></div><div class="product"><a href="https://www.amazon.com/dp/B004INIW1Y?tag=eloabder-20&linkCode=osi&th=1&psc=1"><img src="https://m.media-amazon.com/images/I/51QXVxOgEkL._SL500_.jpg" alt="Product Image"></a><p>L'Oreal Paris Excellence Creme Permanent Hair Color, 4 Dark Brown, 100 percent Gray Coverage Hair Dye, Pack of 1</p><p>$10.97</p><a href="https://www.amazon.com/dp/B004INIW1Y?tag=eloabder-20&linkCode=osi&th=1&psc=1">View Product</a></div><div class="product"><a href="https://www.amazon.com/dp/B00TUM6QUC?tag=eloabder-20&linkCode=osi&th=1&psc=1"><img src="https://m.media-amazon.com/images/I/511vRRkzayL._SL500_.jpg" alt="Product Image"></a><p>Schwarzkopf Keratin Color Permanent Hair Color, 6.0 Delicate Praline, 1 Application - Salon Inspired Permanent Hair Dye, for up to 80% Less Breakage vs Untreated Hair and up to 100% Gray Coverage</p><p>$11.97</p><a href="https://www.amazon.com/dp/B00TUM6QUC?tag=eloabder-20&linkCode=osi&th=1&psc=1">View Product</a></div><div class="product"><a href="https://www.amazon.com/dp/B00006JN4M?tag=eloabder-20&linkCode=osi&th=1&psc=1"><img src="https://m.media-amazon.com/images/I/41YBT6aEgWL._SL500_.jpg" alt="Product Image"></a><p>L'Oreal Paris Superior Preference Fade-Defying + Shine Permanent Hair Color, 6 Light Brown, Pack of 1, Hair Dye</p><p>$11.97</p><a href="https://www.amazon.com/dp/B00006JN4M?tag=eloabder-20&linkCode=osi&th=1&psc=1">View Product</a></div><div class="product"><a href="https://www.amazon.com/dp/B07HXH48TF?tag=eloabder-20&linkCode=osi&th=1&psc=1"><img src="https://m.media-amazon.com/images/I/51VP1hHWq9L._SL500_.jpg" alt="Product Image"></a><p>Garnier Hair Color Nutrisse Nourishing Creme, 50 Medium Natural Brown (Truffle) Permanent Hair Dye, 2 Count (Packaging May Vary)</p><p>$16.98 ($8.49 / Count)</p><a href="https://www.amazon.com/dp/B07HXH48TF?tag=eloabder-20&linkCode=osi&th=1&psc=1">View Product</a></div><div class="product"><a href="https://www.amazon.com/dp/B001UMV18M?tag=eloabder-20&linkCode=osi&th=1&psc=1"><img src="https://m.media-amazon.com/images/I/51h21IlxAhL._SL500_.jpg" alt="Product Image"></a><p>Garnier Hair Color Nutrisse Nourishing Creme, 415 Soft Mahogany Brown (Raspberry Truffle) Permanent Hair Dye, 1 Count (Packaging May Vary)</p><p>$8.47</p><a href="https://www.amazon.com/dp/B001UMV18M?tag=eloabder-20&linkCode=osi&th=1&psc=1">View Product</a></div><div class="product"><a href="https://www.amazon.com/dp/B0B3KWJ242?tag=eloabder-20&linkCode=osi&th=1&psc=1"><img src="https://m.media-amazon.com/images/I/41fqsQmb0VL._SL500_.jpg" alt="Product Image"></a><p>COLORCHARM Demi Permanent Hair Color, 3N Medium Neutral Brown 2 oz</p><p>$9.99 ($5.00 / Fl Oz)</p><a href="https://www.amazon.com/dp/B0B3KWJ242?tag=eloabder-20&linkCode=osi&th=1&psc=1">View Product</a></div>
<div class="product"><a href="https://www.amazon.com/dp/B01ACPW1SG?tag=eloabder-20&linkCode=osi&th=1&psc=1"><img src="https://m.media-amazon.com/images/I/41aIRzbHxNL._SL500_.jpg" alt="Product Image"></a><p>CoverGirl & Olay Simply Ageless 3-in-1 Liquid Foundation, Matte Finish, Hyaluronic & Vitamin C Formula, Cruelty Free, Classic Ivory, 1 Count</p><p>$10.49</p><a href="https://www.amazon.com/dp/B01ACPW1SG?tag=eloabder-20&linkCode=osi&th=1&psc=1">View Product</a></div><div class="product"><a href="https://www.amazon.com/dp/B07MWSP8SG?tag=eloabder-20&linkCode=osi&th=1&psc=1"><img src="https://m.media-amazon.com/images/I/31B37fmqI7L._SL500_.jpg" alt="Product Image"></a><p>e.l.f. Flawless Finish Foundation, Improves Uneven Skin Tone, Lightweight, Medium Coverage & Semi-Matte, Vegan & Cruelty-Free, Beige 0.67 Fl Oz</p><p>$6.00</p><a href="https://www.amazon.com/dp/B07MWSP8SG?tag=eloabder-20&linkCode=osi&th=1&psc=1">View Product</a></div><div class="product"><a href="https://www.amazon.com/dp/B00PFCSUNC?tag=eloabder-20&linkCode=osi&th=1&psc=1"><img src="https://m.media-amazon.com/images/I/41FK6ukLnvL._SL500_.jpg" alt="Product Image"></a><p>Maybelline Fit Me Matte + Poreless Liquid Oil-Free Foundation Makeup, Natural Ivory, 1 Count (Packaging May Vary)</p><p>$7.10</p><a href="https://www.amazon.com/dp/B00PFCSUNC?tag=eloabder-20&linkCode=osi&th=1&psc=1">View Product</a></div><div class="product"><a href="https://www.amazon.com/dp/B0BCGZMTSY?tag=eloabder-20&linkCode=osi&th=1&psc=1"><img src="https://m.media-amazon.com/images/I/31Qa6QbmaiL._SL500_.jpg" alt="Product Image"></a><p>L'Oreal Paris True Match Super-Blendable Foundation, Medium Coverage Liquid Foundation Makeup, N3, Light Medium, 1 Fl Oz</p><p>$9.97</p><a href="https://www.amazon.com/dp/B0BCGZMTSY?tag=eloabder-20&linkCode=osi&th=1&psc=1">View Product</a></div><div class="product"><a href="https://www.amazon.com/dp/B000IEMGGE?tag=eloabder-20&linkCode=osi&th=1&psc=1"><img src="https://m.media-amazon.com/images/I/41RtSkNmHSL._SL500_.jpg" alt="Product Image"></a><p>LAURA GELLER NEW YORK Award-Winning Baked Balance-n-Brighten Color Correcting Powder Foundation - Fair - Buildable Light to Medium Coverage - Demi-Matte Natural Finish</p><p>$22.13</p><a href="https://www.amazon.com/dp/B000IEMGGE?tag=eloabder-20&linkCode=osi&th=1&psc=1">View Product</a></div><div class="product"><a href="https://www.amazon.com/dp/B01LMMZY6O?tag=eloabder-20&linkCode=osi&th=1&psc=1"><img src="https://m.media-amazon.com/images/I/41WWjJXCsFL._SL500_.jpg" alt="Product Image"></a><p>IT Cosmetics Your Skin But Better CC+ Cream, Medium (W) - Color Correcting Cream, Full-Coverage Foundation, Hydrating Serum & SPF 50+ Sunscreen - Natural Finish - 1.08 fl oz</p><p>$47.00 ($43.52 / Fl Oz)</p><a href="https://www.amazon.com/dp/B01LMMZY6O?tag=eloabder-20&linkCode=osi&th=1&psc=1">View Product</a></div><div class="product"><a href="https://www.amazon.com/dp/B07CVFY5PQ?tag=eloabder-20&linkCode=osi&th=1&psc=1"><img src="https://m.media-amazon.com/images/I/416VSGy4SKL._SL500_.jpg" alt="Product Image"></a><p>MagicMinerals AirBrush Foundation by Jerome Alexander – 2pc Set with Airbrush Foundation and Kabuki Brush - Spray Makeup with Anti-aging Ingredients for Smooth Radiant Skin - Medium</p><p>$19.99 ($11.11 / Fl Oz)</p><a href="https://www.amazon.com/dp/B07CVFY5PQ?tag=eloabder-20&linkCode=osi&th=1&psc=1">View Product</a></div><div class="product"><a href="https://www.amazon.com/dp/B0039UTUZE?tag=eloabder-20&linkCode=osi&th=1&psc=1"><img src="https://m.media-amazon.com/images/I/41eXDpZ835L._SL500_.jpg" alt="Product Image"></a><p>Revlon Liquid Foundation, ColorStay Face Makeup for Combination & Oily Skin, SPF 15, Medium-Full Coverage with Matte Finish, Natural Beige ((220), 1.0 oz</p><p>$9.70</p><a href="https://www.amazon.com/dp/B0039UTUZE?tag=eloabder-20&linkCode=osi&th=1&psc=1">View Product</a></div><div class="product"><a href="https://www.amazon.com/dp/B00I52QPAE?tag=eloabder-20&linkCode=osi&th=1&psc=1"><img src="https://m.media-amazon.com/images/I/317EDqzSg+L._SL500_.jpg" alt="Product Image"></a><p>Revlon Liquid Foundation, Age Defying 3XFace Makeup, Anti-Aging and Firming Formula, SPF 30, Longwear Medium Buildable Coverage with Natural Finish, 035 Natural Beige, 1 Fl Oz</p><p>$13.48</p><a href="https://www.amazon.com/dp/B00I52QPAE?tag=eloabder-20&linkCode=osi&th=1&psc=1">View Product</a></div><div class="product"><a href="https://www.amazon.com/dp/B07H621Q3H?tag=eloabder-20&linkCode=osi&th=1&psc=1"><img src="https://m.media-amazon.com/images/I/31JtVpLZ4FL._SL500_.jpg" alt="Product Image"></a><p>L'Oreal Paris Makeup Infallible Up to 32 Hour Fresh Wear Lightweight Foundation, 420 True Beige, 1 Fl Oz, Packaging May Vary</p><p>$11.98</p><a href="https://www.amazon.com/dp/B07H621Q3H?tag=eloabder-20&linkCode=osi&th=1&psc=1">View Product</a></div>
<div class="product"><a href="https://www.amazon.com/dp/B07Q9V4KMJ?tag=eloabder-20&linkCode=osi&th=1&psc=1"><img src="https://m.media-amazon.com/images/I/31pro1JWTCL._SL500_.jpg" alt="Product Image"></a><p>Maybelline Instant Age Rewind Eraser Dark Circles Treatment Multi-Use Concealer, 115, 1 Count (Packaging May Vary)</p><p>$8.42</p><a href="https://www.amazon.com/dp/B07Q9V4KMJ?tag=eloabder-20&linkCode=osi&th=1&psc=1">View Product</a></div><div class="product"><a href="https://www.amazon.com/dp/B07ZR14WBZ?tag=eloabder-20&linkCode=osi&th=1&psc=1"><img src="https://m.media-amazon.com/images/I/313ljymBVaL._SL500_.jpg" alt="Product Image"></a><p>e.l.f. Hydrating Camo Concealer, Lightweight, Full Coverage, Long Lasting, Conceals, Corrects, Covers, Hydrates, Highlights, Light Sand, Satin Finish, 25 Shades, All-Day Wear, 0.20 Fl Oz</p><p>$7.00</p><a href="https://www.amazon.com/dp/B07ZR14WBZ?tag=eloabder-20&linkCode=osi&th=1&psc=1">View Product</a></div><div class="product"><a href="https://www.amazon.com/dp/B0046VJV36?tag=eloabder-20&linkCode=osi&th=1&psc=1"><img src="https://m.media-amazon.com/images/I/31-ZFCLgLcL._SL500_.jpg" alt="Product Image"></a><p>Maybelline New York Fit Me Liquid Concealer Makeup, Natural Coverage, Lightweight, Conceals, Covers Oil-Free, Fair, 1 Count (Packaging May Vary)</p><p>$6.31</p><a href="https://www.amazon.com/dp/B0046VJV36?tag=eloabder-20&linkCode=osi&th=1&psc=1">View Product</a></div><div class="product"><a href="https://www.amazon.com/dp/B07ZR1CQHS?tag=eloabder-20&linkCode=osi&th=1&psc=1"><img src="https://m.media-amazon.com/images/I/31s0zWRX+4L._SL500_.jpg" alt="Product Image"></a><p>e.l.f. 16HR Camo Concealer, Full Coverage, Highly Pigmented Concealer With Matte Finish, Crease-proof, Vegan & Cruelty-Free, Light Ivory, 0.203 Fl Oz</p><p>$7.00</p><a href="https://www.amazon.com/dp/B07ZR1CQHS?tag=eloabder-20&linkCode=osi&th=1&psc=1">View Product</a></div><div class="product"><a href="https://www.amazon.com/dp/B009WI05BU?tag=eloabder-20&linkCode=osi&th=1&psc=1"><img src="https://m.media-amazon.com/images/I/312BFbzGKlL._SL500_.jpg" alt="Product Image"></a><p>L.A. Girl Pro Concealer, Fawn, 0.28 Oz (LAX-GC983-A)</p><p>$4.99</p><a href="https://www.amazon.com/dp/B009WI05BU?tag=eloabder-20&linkCode=osi&th=1&psc=1">View Product</a></div><div class="product"><a href="https://www.amazon.com/dp/B0814SLHQH?tag=eloabder-20&linkCode=osi&th=1&psc=1"><img src="https://m.media-amazon.com/images/I/312GW4aGnRL._SL500_.jpg" alt="Product Image"></a><p>Neutrogena Healthy Skin Radiant Brightening Cream Concealer with Peptides & Vitamin E Antioxidant,Lightweight Perfecting Concealer,Non-Comedogenic,Bisque Light/Medium 02 neutral undertones,0.24 oz</p><p>$5.62</p><a href="https://www.amazon.com/dp/B0814SLHQH?tag=eloabder-20&linkCode=osi&th=1&psc=1">View Product</a></div><div class="product"><a href="https://www.amazon.com/dp/B06XQWS1N9?tag=eloabder-20&linkCode=osi&th=1&psc=1"><img src="https://m.media-amazon.com/images/I/31rKumTg1GL._SL500_.jpg" alt="Product Image"></a><p>COVERGIRL Smoothers Concealer, Medium 715, 0.14 ounce (packaging may vary)</p><p>$7.28</p><a href="https://www.amazon.com/dp/B06XQWS1N9?tag=eloabder-20&linkCode=osi&th=1&psc=1">View Product</a></div><div class="product"><a href="https://www.amazon.com/dp/B07GWH2GDP?tag=eloabder-20&linkCode=osi&th=1&psc=1"><img src="https://m.media-amazon.com/images/I/41U+lbOEtuL._SL500_.jpg" alt="Product Image"></a><p>IT Cosmetics Bye Bye Under Eye Full Coverage Concealer - for Dark Circles, Fine Lines, Redness & Discoloration – Waterproof - Anti-Aging - Natural Finish – 0.4 fl oz</p><p>$17.40 ($43.50 / Fl Oz)</p><a href="https://www.amazon.com/dp/B07GWH2GDP?tag=eloabder-20&linkCode=osi&th=1&psc=1">View Product</a></div><div class="product"><a href="https://www.amazon.com/dp/B07H67H5LH?tag=eloabder-20&linkCode=osi&th=1&psc=1"><img src="https://m.media-amazon.com/images/I/31bWoYCj-nL._SL500_.jpg" alt="Product Image"></a><p>L'Oreal Paris Makeup Infallible Full Wear Waterproof Matte Concealer, Full Coverage, Ivory, 0.33 fl. oz.</p><p>$10.82</p><a href="https://www.amazon.com/dp/B07H67H5LH?tag=eloabder-20&linkCode=osi&th=1&psc=1">View Product</a></div><div class="product"><a href="https://www.amazon.com/dp/B0B51NLJWQ?tag=eloabder-20&linkCode=osi&th=1&psc=1"><img src="https://m.media-amazon.com/images/I/31GXqccxM0L._SL500_.jpg" alt="Product Image"></a><p>Fièra Luxury Concealer with Anti-Aging - All Day Coverage for Dark Circles, Fine Lines, Wrinkles & Spots - Neutral Beige, 0.5 Ounce</p><p>$27.00</p><a href="https://www.amazon.com/dp/B0B51NLJWQ?tag=eloabder-20&linkCode=osi&th=1&psc=1">View Product</a></div>
<div class="product"><a href="https://www.amazon.com/dp/B092JQ23N5?tag=eloabder-20&linkCode=osi&th=1&psc=1"><img src="https://m.media-amazon.com/images/I/51OUufwItlL._SL500_.jpg" alt="Product Image"></a><p>URBAN DECAY 24/7 Longwear Eyeshadow Single (Sin - Champagne Shimmer), High-Pigment Eye Shadow Compact, Smooth & Blendable Colors, Crease-free, Vegan - 0.06 oz</p><p>$22.00</p><a href="https://www.amazon.com/dp/B092JQ23N5?tag=eloabder-20&linkCode=osi&th=1&psc=1">View Product</a></div><div class="product"><a href="https://www.amazon.com/dp/B01IW02HX2?tag=eloabder-20&linkCode=osi&th=1&psc=1"><img src="https://m.media-amazon.com/images/I/510F-WOAL4L._SL500_.jpg" alt="Product Image"></a><p>NYX PROFESSIONAL MAKEUP Ultimate Shadow Palette, Eyeshadow Palette - Warm Neutrals</p><p>$12.40</p><a href="https://www.amazon.com/dp/B01IW02HX2?tag=eloabder-20&linkCode=osi&th=1&psc=1">View Product</a></div><div class="product"><a href="https://www.amazon.com/dp/B085WR3YDT?tag=eloabder-20&linkCode=osi&th=1&psc=1"><img src="https://m.media-amazon.com/images/I/41cuO8PyoTL._SL500_.jpg" alt="Product Image"></a><p>wet n wild Color Icon Cream Eyeshadow Multi-Stick, Moisturizing, Nourishing Velvety Cream-to-Powder Buildable & Blendable Formula, Cruelty-Free & Vegan - Champagne Room</p><p>$3.28</p><a href="https://www.amazon.com/dp/B085WR3YDT?tag=eloabder-20&linkCode=osi&th=1&psc=1">View Product</a></div><div class="product"><a href="https://www.amazon.com/dp/B00L5SMFJU?tag=eloabder-20&linkCode=osi&th=1&psc=1"><img src="https://m.media-amazon.com/images/I/41-WaM3A3tL._SL500_.jpg" alt="Product Image"></a><p>Covergirl Eye Enhancers Eye Shadow Palette, Natural Nudes, 0.19 Ounce</p><p>$4.97</p><a href="https://www.amazon.com/dp/B00L5SMFJU?tag=eloabder-20&linkCode=osi&th=1&psc=1">View Product</a></div><div class="product"><a href="https://www.amazon.com/dp/B01LW1983J?tag=eloabder-20&linkCode=osi&th=1&psc=1"><img src="https://m.media-amazon.com/images/I/51EsPf59XBL._SL500_.jpg" alt="Product Image"></a><p>Julep Eyeshadow 101 Crème to Powder Waterproof Eyeshadow Stick, Champagne Shimmer</p><p>$18.00</p><a href="https://www.amazon.com/dp/B01LW1983J?tag=eloabder-20&linkCode=osi&th=1&psc=1">View Product</a></div><div class="product"><a href="https://www.amazon.com/dp/B00UKP1M2K?tag=eloabder-20&linkCode=osi&th=1&psc=1"><img src="https://m.media-amazon.com/images/I/41hSsvPHKxL._SL500_.jpg" alt="Product Image"></a><p>Maybelline The Blushed Nudes Eyeshadow Palette Makeup, 12 Pigmented Matte & Shimmer Shades, Blendable Powder, 1 Count</p><p>$9.32</p><a href="https://www.amazon.com/dp/B00UKP1M2K?tag=eloabder-20&linkCode=osi&th=1&psc=1">View Product</a></div><div class="product"><a href="https://www.amazon.com/dp/B073ZBGLJF?tag=eloabder-20&linkCode=osi&th=1&psc=1"><img src="https://m.media-amazon.com/images/I/41go9Ug8AOL._SL500_.jpg" alt="Product Image"></a><p>BestLand 2 Pack 12 Colors Makeup Nude Colors Eyeshadow Palette Natural Nude Matte Shimmer Glitter Pigment Eye Shadow Pallete Set Waterproof Smokey Professional Beauty Makeup Kit (2 PCS)</p><p>$9.99</p><a href="https://www.amazon.com/dp/B073ZBGLJF?tag=eloabder-20&linkCode=osi&th=1&psc=1">View Product</a></div><div class="product"><a href="https://www.amazon.com/dp/B08RS6WNX7?tag=eloabder-20&linkCode=osi&th=1&psc=1"><img src="https://m.media-amazon.com/images/I/51qCii788PL._SL500_.jpg" alt="Product Image"></a><p>wet n wild Color Icon 5-Pan Palette Brown Walking On Eggshells</p><p>$3.19</p><a href="https://www.amazon.com/dp/B08RS6WNX7?tag=eloabder-20&linkCode=osi&th=1&psc=1">View Product</a></div><div class="product"><a href="https://www.amazon.com/dp/B0CV5ZTFCR?tag=eloabder-20&linkCode=osi&th=1&psc=1"><img src="https://m.media-amazon.com/images/I/21inptU-eJL._SL500_.jpg" alt="Product Image"></a><p>Covergirl Clean Eye Color, French Violet, Eyeshadow Sticks, Ultra Creamy Formula, Lightweight, Buildable Formula, Lasts All Day, Smudge-Proof, 0.05oz</p><p>$8.98</p><a href="https://www.amazon.com/dp/B0CV5ZTFCR?tag=eloabder-20&linkCode=osi&th=1&psc=1">View Product</a></div><div class="product"><a href="https://www.amazon.com/dp/B0CXF99TNQ?tag=eloabder-20&linkCode=osi&th=1&psc=1"><img src="https://m.media-amazon.com/images/I/31kCYsLvwwL._SL500_.jpg" alt="Product Image"></a><p>L'Oreal Paris Makeup Paradise Le Shadow Stick Eyeshadow, Blendable, Smudge-Resistant, Cream Eyeshadow, 120 Magnetic Mauve (Shimmering Lavender Mauve), 0.05 Oz</p><p>$9.98</p><a href="https://www.amazon.com/dp/B0CXF99TNQ?tag=eloabder-20&linkCode=osi&th=1&psc=1">View Product</a></div>
<div class="product"><a href="https://www.amazon.com/dp/B0BG7MWNNN?tag=eloabder-20&linkCode=osi&th=1&psc=1"><img src="https://m.media-amazon.com/images/I/41E8W4N+FkL._SL500_.jpg" alt="Product Image"></a><p>Prime Prometics PrimeLash Mascara for Older Women – Volumizing, Incredible Length in 2 Coats – Long-Stay, Zero Clumps, Hypoallergenic (Brown)</p><p>$28.00</p><a href="https://www.amazon.com/dp/B0BG7MWNNN?tag=eloabder-20&linkCode=osi&th=1&psc=1">View Product</a></div><div class="product"><a href="https://www.amazon.com/dp/B00T0C9XRK?tag=eloabder-20&linkCode=osi&th=1&psc=1"><img src="https://m.media-amazon.com/images/I/41IP2ZEXFNL._SL500_.jpg" alt="Product Image"></a><p>essence | Lash Princess False Lash Effect Mascara | Volumizing & Lengthening | Cruelty Free & Paraben Free</p><p>$4.99 ($12.17 / Fl Oz )</p><a href="https://www.amazon.com/dp/B00T0C9XRK?tag=eloabder-20&linkCode=osi&th=1&psc=1">View Product</a></div><div class="product"><a href="https://www.amazon.com/dp/B01DPA6OHO?tag=eloabder-20&linkCode=osi&th=1&psc=1"><img src="https://m.media-amazon.com/images/I/31xGLWu4IKL._SL500_.jpg" alt="Product Image"></a><p>L'Oreal Paris Makeup Voluminous Lash Boosting Conditioning Primer Mascara, White Primer, 0.24 fl; oz.</p><p>$8.98</p><a href="https://www.amazon.com/dp/B01DPA6OHO?tag=eloabder-20&linkCode=osi&th=1&psc=1">View Product</a></div><div class="product"><a href="https://www.amazon.com/dp/B004BD107O?tag=eloabder-20&linkCode=osi&th=1&psc=1"><img src="https://m.media-amazon.com/images/I/31OWqsdljyL._SL500_.jpg" alt="Product Image"></a><p>L'Oreal Paris Makeup Telescopic Original Lengthening Mascara, Blackest Black, 0.27 Fl Oz (1 Count)</p><p>$10.99</p><a href="https://www.amazon.com/dp/B004BD107O?tag=eloabder-20&linkCode=osi&th=1&psc=1">View Product</a></div><div class="product"><a href="https://www.amazon.com/dp/B06XF2TR11?tag=eloabder-20&linkCode=osi&th=1&psc=1"><img src="https://m.media-amazon.com/images/I/31B6RR270IL._SL500_.jpg" alt="Product Image"></a><p>L'Oreal Paris Voluminous Makeup Lash Paradise Mascara, Voluptuous Volume, Intense Length, Feathery Soft Full Lashes, No Flaking, No Smudging, No Clumping, Blackest Black, 1 Count</p><p>$9.97</p><a href="https://www.amazon.com/dp/B06XF2TR11?tag=eloabder-20&linkCode=osi&th=1&psc=1">View Product</a></div><div class="product"><a href="https://www.amazon.com/dp/B00PFCT2R0?tag=eloabder-20&linkCode=osi&th=1&psc=1"><img src="https://m.media-amazon.com/images/I/31RyE6ZtDIL._SL500_.jpg" alt="Product Image"></a><p>Maybelline Lash Sensational Washable Mascara, Lengthening and Volumizing for a Full Fan Effect, Blackest Black, 1 Count</p><p>$9.09</p><a href="https://www.amazon.com/dp/B00PFCT2R0?tag=eloabder-20&linkCode=osi&th=1&psc=1">View Product</a></div><div class="product"><a href="https://www.amazon.com/dp/B08TPCHYLW?tag=eloabder-20&linkCode=osi&th=1&psc=1"><img src="https://m.media-amazon.com/images/I/31EWIaihEwL._SL500_.jpg" alt="Product Image"></a><p>Lancôme Lash Idôle Lash-Lifting & Volumizing Mascara - Black Mascara for Instant Volume, Length & Lift - Smudge Proof & Up To 24H Wear - Black</p><p>$30.00 ($111.11 / Fl Oz)</p><a href="https://www.amazon.com/dp/B08TPCHYLW?tag=eloabder-20&linkCode=osi&th=1&psc=1">View Product</a></div><div class="product"><a href="https://www.amazon.com/dp/B08M96YZN1?tag=eloabder-20&linkCode=osi&th=1&psc=1"><img src="https://m.media-amazon.com/images/I/31ByMmFi-qL._SL500_.jpg" alt="Product Image"></a><p>CoverGirl Lash Blast Clean Volume Mascara, Vegan Formula, Volumizing, Smudge-Proof, Cruelty Free, Very Black, 1 Count</p><p>$9.37</p><a href="https://www.amazon.com/dp/B08M96YZN1?tag=eloabder-20&linkCode=osi&th=1&psc=1">View Product</a></div>
<div class="product"><a href="https://www.amazon.com/dp/B0C9TXLWLY?tag=eloabder-20&linkCode=osi&th=1&psc=1"><img src="https://m.media-amazon.com/images/I/31-5KVw5KDL._SL500_.jpg" alt="Product Image"></a><p>PRIME PROMETICS PrimeEyes Glide Eyeliner for Mature Women – Water-Resistant, Long-Stay and Mess-Proof – Gel Cream Texture, Discreet Sharpener and Effective Smudger (Black)</p><p>$28.00 ($28.00 / Count)</p><a href="https://www.amazon.com/dp/B0C9TXLWLY?tag=eloabder-20&linkCode=osi&th=1&psc=1">View Product</a></div><div class="product"><a href="https://www.amazon.com/dp/B07MWSXPT1?tag=eloabder-20&linkCode=osi&th=1&psc=1"><img src="https://m.media-amazon.com/images/I/315xthaPi6L._SL500_.jpg" alt="Product Image"></a><p>e.l.f. No Budge Retractable Eyeliner, Creamy, Ultra-Pigmented & Waterproof, Creates Bold & Defined Lines, Vegan & Cruelty-Free, Black 0.006 Oz</p><p>$4.00</p><a href="https://www.amazon.com/dp/B07MWSXPT1?tag=eloabder-20&linkCode=osi&th=1&psc=1">View Product</a></div><div class="product"><a href="https://www.amazon.com/dp/B074Y8LM6T?tag=eloabder-20&linkCode=osi&th=1&psc=1"><img src="https://m.media-amazon.com/images/I/316blXt1KxL._SL500_.jpg" alt="Product Image"></a><p>NYX PROFESSIONAL MAKEUP Epic Ink Liner, Waterproof Liquid Eyeliner - Black, Vegan Formula</p><p>$8.06</p><a href="https://www.amazon.com/dp/B074Y8LM6T?tag=eloabder-20&linkCode=osi&th=1&psc=1">View Product</a></div><div class="product"><a href="https://www.amazon.com/dp/B01J1A3TFW?tag=eloabder-20&linkCode=osi&th=1&psc=1"><img src="https://m.media-amazon.com/images/I/51z42sdOArL._SL500_.jpg" alt="Product Image"></a><p>Revlon Pencil Eyeliner, ColorStay Eye Makeup with Built-in Sharpener, Waterproof, Smudge-proof, Longwearing with Ultra-Fine Tip, 201 Black, 2 count (Pack of 1)</p><p>$11.38</p><a href="https://www.amazon.com/dp/B01J1A3TFW?tag=eloabder-20&linkCode=osi&th=1&psc=1">View Product</a></div><div class="product"><a href="https://www.amazon.com/dp/B07W8JJ61X?tag=eloabder-20&linkCode=osi&th=1&psc=1"><img src="https://m.media-amazon.com/images/I/31wj5vRROwL._SL500_.jpg" alt="Product Image"></a><p>Maybelline Hyper Easy Liquid Pen No-Skip Eyeliner, Satin Finish, Waterproof Formula, Pitch Black, 0.018 Fl Oz</p><p>$8.38</p><a href="https://www.amazon.com/dp/B07W8JJ61X?tag=eloabder-20&linkCode=osi&th=1&psc=1">View Product</a></div><div class="product"><a href="https://www.amazon.com/dp/B005G9E9FW?tag=eloabder-20&linkCode=osi&th=1&psc=1"><img src="https://m.media-amazon.com/images/I/51poZdEojrL._SL500_.jpg" alt="Product Image"></a><p>NYX PROFESSIONAL MAKEUP Vivid Rich Mechanical Eye Pencil, Vivid Rich Mechanical, Creamy Retractable Eyeliner - Smokin Topaz, Brown Eyeliner</p><p>$6.00</p><a href="https://www.amazon.com/dp/B005G9E9FW?tag=eloabder-20&linkCode=osi&th=1&psc=1">View Product</a></div><div class="product"><a href="https://www.amazon.com/dp/B07NX61ZHN?tag=eloabder-20&linkCode=osi&th=1&psc=1"><img src="https://m.media-amazon.com/images/I/31kQNTwJazL._SL500_.jpg" alt="Product Image"></a><p>Rimmel London exaggerate auto waterproof eye definer in blackest black, 2 Count</p><p>$6.97</p><a href="https://www.amazon.com/dp/B07NX61ZHN?tag=eloabder-20&linkCode=osi&th=1&psc=1">View Product</a></div><div class="product"><a href="https://www.amazon.com/dp/B0BQWT8R9K?tag=eloabder-20&linkCode=osi&th=1&psc=1"><img src="https://m.media-amazon.com/images/I/31F1asQuosL._SL500_.jpg" alt="Product Image"></a><p>wet n wild Breakup Proof Liquid Eyeliner - Ultra-Fine Brush, Waterproof, Long-Lasting - Cruelty-Free & Vegan - Ultra Black</p><p>$4.04</p><a href="https://www.amazon.com/dp/B0BQWT8R9K?tag=eloabder-20&linkCode=osi&th=1&psc=1">View Product</a></div><div class="product"><a href="https://www.amazon.com/dp/B082YPRCMM?tag=eloabder-20&linkCode=osi&th=1&psc=1"><img src="https://m.media-amazon.com/images/I/317ubI9GTBL._SL500_.jpg" alt="Product Image"></a><p>wet n wild Mega Last Breakup Proof Eyeliner, Quick Drying, Waterproof, 16-Hour Wear - Cruelty-Free & Vegan - Blackest Black</p><p>$2.28</p><a href="https://www.amazon.com/dp/B082YPRCMM?tag=eloabder-20&linkCode=osi&th=1&psc=1">View Product</a></div><div class="product"><a href="https://www.amazon.com/dp/B07GX832KD?tag=eloabder-20&linkCode=osi&th=1&psc=1"><img src="https://m.media-amazon.com/images/I/315wR2F58-L._SL500_.jpg" alt="Product Image"></a><p>Maybelline TattooStudio Long-Lasting Sharpenable Eyeliner Pencil, Glide on Smooth Gel Pigments with 36 Hour Wear, Waterproof, Deep Onyx, 1 Count</p><p>$6.66</p><a href="https://www.amazon.com/dp/B07GX832KD?tag=eloabder-20&linkCode=osi&th=1&psc=1">View Product</a></div>
<div class="product"><a href="https://www.amazon.com/dp/B09T8DQ1SG?tag=eloabder-20&linkCode=osi&th=1&psc=1"><img src="https://m.media-amazon.com/images/I/41gpuwrIhOL._SL500_.jpg" alt="Product Image"></a><p>Maybelline Super Stay Vinyl Ink Longwear No-Budge Liquid Lipcolor Makeup, Highly Pigmented Color and Instant Shine, Royal, Deep Wine Red Lipstick, 0.14 fl oz, 1 Count</p><p>$9.82</p><a href="https://www.amazon.com/dp/B09T8DQ1SG?tag=eloabder-20&linkCode=osi&th=1&psc=1">View Product</a></div><div class="product"><a href="https://www.amazon.com/dp/B004BCTEF0?tag=eloabder-20&linkCode=osi&th=1&psc=1"><img src="https://m.media-amazon.com/images/I/31G9f-P8tML._SL500_.jpg" alt="Product Image"></a><p>L’Oréal Paris Colour Riche Original Creamy, Hydrating Satin Lipstick with Argan Oil and Vitamin E, Saucy Mauve , 1 Count</p><p>$6.71</p><a href="https://www.amazon.com/dp/B004BCTEF0?tag=eloabder-20&linkCode=osi&th=1&psc=1">View Product</a></div><div class="product"><a href="https://www.amazon.com/dp/B08H4FSGDX?tag=eloabder-20&linkCode=osi&th=1&psc=1"><img src="https://m.media-amazon.com/images/I/31OAiyoloML._SL500_.jpg" alt="Product Image"></a><p>Maybelline Super Stay Matte Ink Liquid Lipstick Makeup, Long Lasting High Impact Color, Up to 16H Wear, Exhilarator, Ruby Red, 1 Count</p><p>$9.18</p><a href="https://www.amazon.com/dp/B08H4FSGDX?tag=eloabder-20&linkCode=osi&th=1&psc=1">View Product</a></div><div class="product"><a href="https://www.amazon.com/dp/B07XTTDTWR?tag=eloabder-20&linkCode=osi&th=1&psc=1"><img src="https://m.media-amazon.com/images/I/31M4QldCq3L._SL500_.jpg" alt="Product Image"></a><p>REVLON Lipstick, Super Lustrous Lipstick, Creamy Formula For Soft, Fuller-Looking Lips, Moisturized Feel in Nudes & Browns, Bare It All (755) 0.15 oz</p><p>$6.48</p><a href="https://www.amazon.com/dp/B07XTTDTWR?tag=eloabder-20&linkCode=osi&th=1&psc=1">View Product</a></div><div class="product"><a href="https://www.amazon.com/dp/B079KFP7NT?tag=eloabder-20&linkCode=osi&th=1&psc=1"><img src="https://m.media-amazon.com/images/I/41Ih8G0FSmL._SL500_.jpg" alt="Product Image"></a><p>wet n wild Silk Finish Lipstick, Hydrating Rich Buildable Lip Color, Formulated with Vitamins A,E, & Macadamia for Ultimate Hydration, Cruelty-Free & Vegan - Raging Red</p><p>$1.29</p><a href="https://www.amazon.com/dp/B079KFP7NT?tag=eloabder-20&linkCode=osi&th=1&psc=1">View Product</a></div><div class="product"><a href="https://www.amazon.com/dp/B002F3R44K?tag=eloabder-20&linkCode=osi&th=1&psc=1"><img src="https://m.media-amazon.com/images/I/41-gXIE96GL._SL500_.jpg" alt="Product Image"></a><p>Revlon Lipstick, Super Lustrous Lipstick, Creamy Formula For Soft, Fuller-Looking Lips, Moisturized Feel in Pinks, Pink In The Afternoon (415) 0.15 oz</p><p>$6.48</p><a href="https://www.amazon.com/dp/B002F3R44K?tag=eloabder-20&linkCode=osi&th=1&psc=1">View Product</a></div><div class="product"><a href="https://www.amazon.com/dp/B001LFER98?tag=eloabder-20&linkCode=osi&th=1&psc=1"><img src="https://m.media-amazon.com/images/I/41wezVKuIoL._SL500_.jpg" alt="Product Image"></a><p>REVLON Lipstick, Super Lustrous Lipstick, Creamy Formula For Soft, Fuller-Looking Lips, Moisturized Feel in Reds & Corals, Peach Me (628) 0.15 oz</p><p>$4.99</p><a href="https://www.amazon.com/dp/B001LFER98?tag=eloabder-20&linkCode=osi&th=1&psc=1">View Product</a></div><div class="product"><a href="https://www.amazon.com/dp/B082YQ2978?tag=eloabder-20&linkCode=osi&th=1&psc=1"><img src="https://m.media-amazon.com/images/I/31QsMhXUSeL._SL500_.jpg" alt="Product Image"></a><p>wet n wild Mega Last High-Shine Lipstick Lip Color, Infused with Seed Oils For a Nourishing High-Shine, Buildable & Blendable Creamy Color, Cruelty-Free & Vegan - Mad for Mauve</p><p>$2.28</p><a href="https://www.amazon.com/dp/B082YQ2978?tag=eloabder-20&linkCode=osi&th=1&psc=1">View Product</a></div>
<div class="product"><a href="https://www.amazon.com/dp/B09SP2XHKT?tag=eloabder-20&linkCode=osi&th=1&psc=1"><img src="https://m.media-amazon.com/images/I/31KGrScgA8L._SL500_.jpg" alt="Product Image"></a><p>NYX PROFESSIONAL MAKEUP Butter Gloss, Non-Sticky Lip Gloss - Sugar Glass (Clear)</p><p>$5.99</p><a href="https://www.amazon.com/dp/B09SP2XHKT?tag=eloabder-20&linkCode=osi&th=1&psc=1">View Product</a></div><div class="product"><a href="https://www.amazon.com/dp/B08GSTZ7ZW?tag=eloabder-20&linkCode=osi&th=1&psc=1"><img src="https://m.media-amazon.com/images/I/41nPuTtXVgL._SL500_.jpg" alt="Product Image"></a><p>Ruby Kisses Broadway Vita-Lip Clear Lip Gloss - Moisturizing, Hydrating, Nourishing with Mint, Rosehip, Coconut, Mango, Argan, Honey & Shea</p><p>$7.99 ($2.12 / Ounce)</p><a href="https://www.amazon.com/dp/B08GSTZ7ZW?tag=eloabder-20&linkCode=osi&th=1&psc=1">View Product</a></div><div class="product"><a href="https://www.amazon.com/dp/B015RPE14S?tag=eloabder-20&linkCode=osi&th=1&psc=1"><img src="https://m.media-amazon.com/images/I/31FRC3fz7EL._SL500_.jpg" alt="Product Image"></a><p>L.A. Colors High Shine Shea Butter Lip Gloss, Clear, 0.14 Ounce</p><p>$1.98</p><a href="https://www.amazon.com/dp/B015RPE14S?tag=eloabder-20&linkCode=osi&th=1&psc=1">View Product</a></div><div class="product"><a href="https://www.amazon.com/dp/B00Q26VWZI?tag=eloabder-20&linkCode=osi&th=1&psc=1"><img src="https://m.media-amazon.com/images/I/31Bqig96T0L._SL500_.jpg" alt="Product Image"></a><p>Rimmel Stay Glossy Lip Gloss - Non-Sticky and Lightweight Formula for Lip Color and Shine - 130 Blushing Belgraves, .18oz</p><p>$4.32</p><a href="https://www.amazon.com/dp/B00Q26VWZI?tag=eloabder-20&linkCode=osi&th=1&psc=1">View Product</a></div><div class="product"><a href="https://www.amazon.com/dp/B0C1MH8R2M?tag=eloabder-20&linkCode=osi&th=1&psc=1"><img src="https://m.media-amazon.com/images/I/31adT7DtBYL._SL500_.jpg" alt="Product Image"></a><p>Maybelline New York Lifter Gloss Hydrating Lip Gloss with Hyaluronic Acid, Gummy Bear, Sheer Light Pink, 1 Count</p><p>$8.98</p><a href="https://www.amazon.com/dp/B0C1MH8R2M?tag=eloabder-20&linkCode=osi&th=1&psc=1">View Product</a></div><div class="product"><a href="https://www.amazon.com/dp/B01N1ZC8JZ?tag=eloabder-20&linkCode=osi&th=1&psc=1"><img src="https://m.media-amazon.com/images/I/41fsaqWz6SL._SL500_.jpg" alt="Product Image"></a><p>Broadway Vita-Lip Clear Lip Gloss 0.47oz/14ml (5PCS Mint & Coconut & Rosehip & Mango Butter & Argan Oil) (5 PCS SET)</p><p>$5.99</p><a href="https://www.amazon.com/dp/B01N1ZC8JZ?tag=eloabder-20&linkCode=osi&th=1&psc=1">View Product</a></div><div class="product"><a href="https://www.amazon.com/dp/B07DY2QRF6?tag=eloabder-20&linkCode=osi&th=1&psc=1"><img src="https://m.media-amazon.com/images/I/31qXrVfhvCL._SL500_.jpg" alt="Product Image"></a><p>LANEIGE Lip Glowy Balm Berry: Hydrate, Glossy, Lightweight, Moisturize & Tint with Shea Butter</p><p>$19.00 ($54.29 / Ounce)</p><a href="https://www.amazon.com/dp/B07DY2QRF6?tag=eloabder-20&linkCode=osi&th=1&psc=1">View Product</a></div><div class="product"><a href="https://www.amazon.com/dp/B09DMGWJKY?tag=eloabder-20&linkCode=osi&th=1&psc=1"><img src="https://m.media-amazon.com/images/I/41nIFmIKHRL._SL500_.jpg" alt="Product Image"></a><p>Broadway Vita-Lip Clear Lip Gloss Moisturizing Hydrating Nourishing Long Lasting High Shine Glossy Lip Care Gloss 0.47oz/14ml (10 PCS SET)</p><p>$9.99</p><a href="https://www.amazon.com/dp/B09DMGWJKY?tag=eloabder-20&linkCode=osi&th=1&psc=1">View Product</a></div><div class="product"><a href="https://www.amazon.com/dp/B0BSR85M24?tag=eloabder-20&linkCode=osi&th=1&psc=1"><img src="https://m.media-amazon.com/images/I/31eKHNoE3KL._SL500_.jpg" alt="Product Image"></a><p>e.l.f. Lip Lacquer, Nourishing, Non-Sticky Ultra-Shine Lip Gloss With Sheer Color, Infused With Vitamins A & E, Vegan & Cruelty-Free, Whisper Pink</p><p>$3.00</p><a href="https://www.amazon.com/dp/B0BSR85M24?tag=eloabder-20&linkCode=osi&th=1&psc=1">View Product</a></div><div class="product"><a href="https://www.amazon.com/dp/B081C6PXZJ?tag=eloabder-20&linkCode=osi&th=1&psc=1"><img src="https://m.media-amazon.com/images/I/51+emO79aqL._SL500_.jpg" alt="Product Image"></a><p>NICKA K NEW YORK VARIETY SET OF 5 NK Hydrating Lip Gel - Vitamin E (Clear, Rosehip Oil, Bubble Gum, Cherry, Strawberry)</p><p>$5.43</p><a href="https://www.amazon.com/dp/B081C6PXZJ?tag=eloabder-20&linkCode=osi&th=1&psc=1">View Product</a></div>
<div class="product"><a href="https://www.amazon.com/dp/B07PNCB73M?tag=eloabder-20&linkCode=osi&th=1&psc=1"><img src="https://m.media-amazon.com/images/I/41+KYSFOLML._SL500_.jpg" alt="Product Image"></a><p>Milani Baked Blush - Petal Primavera (0.12 Ounce) Cruelty-Free Powder Blush - Shape, Contour & Highlight Face for a Shimmery or Matte Finish</p><p>$8.97</p><a href="https://www.amazon.com/dp/B07PNCB73M?tag=eloabder-20&linkCode=osi&th=1&psc=1">View Product</a></div><div class="product"><a href="https://www.amazon.com/dp/B0CZ5HLDK9?tag=eloabder-20&linkCode=osi&th=1&psc=1"><img src="https://m.media-amazon.com/images/I/41rZu1cS8QL._SL500_.jpg" alt="Product Image"></a><p>NYX PROFESSIONAL MAKEUP Buttermelt Powder Blush, Fade and Transfer-Resistant Blush, Up to 12HR Make Up Wear, Vegan Formula - For The Butta</p><p>$9.97</p><a href="https://www.amazon.com/dp/B0CZ5HLDK9?tag=eloabder-20&linkCode=osi&th=1&psc=1">View Product</a></div><div class="product"><a href="https://www.amazon.com/dp/B0CPFYGNR7?tag=eloabder-20&linkCode=osi&th=1&psc=1"><img src="https://m.media-amazon.com/images/I/31EJvMa7jyL._SL500_.jpg" alt="Product Image"></a><p>e.l.f. Camo Liquid Blush, Long-lasting Liquid Blush For High-pigment Color, Creates A Soft, Dewy Finish, Vegan & Cruelty-free, Dusty Rosé</p><p>$7.00</p><a href="https://www.amazon.com/dp/B0CPFYGNR7?tag=eloabder-20&linkCode=osi&th=1&psc=1">View Product</a></div><div class="product"><a href="https://www.amazon.com/dp/B06XDNPXD1?tag=eloabder-20&linkCode=osi&th=1&psc=1"><img src="https://m.media-amazon.com/images/I/41IryPTf51L._SL500_.jpg" alt="Product Image"></a><p>Maybelline Fit Me Powder Blush, Lightweight, Smooth, Blendable, Long-lasting All-Day Face Enhancing Makeup Color, Mauve, 1 Count</p><p>$4.62</p><a href="https://www.amazon.com/dp/B06XDNPXD1?tag=eloabder-20&linkCode=osi&th=1&psc=1">View Product</a></div><div class="product"><a href="https://www.amazon.com/dp/B082YPNTZ4?tag=eloabder-20&linkCode=osi&th=1&psc=1"><img src="https://m.media-amazon.com/images/I/41vtXkWXs8L._SL500_.jpg" alt="Product Image"></a><p>wet n wild Color Icon Blush, Effortless Glow & Seamless Blend infused with Luxuriously Smooth Jojoba Oil, Sheer Finish with a Matte Natural Glow, Cruelty-Free & Vegan - Pinch Me Pink</p><p>$3.28</p><a href="https://www.amazon.com/dp/B082YPNTZ4?tag=eloabder-20&linkCode=osi&th=1&psc=1">View Product</a></div><div class="product"><a href="https://www.amazon.com/dp/B0CPFWJJQJ?tag=eloabder-20&linkCode=osi&th=1&psc=1"><img src="https://m.media-amazon.com/images/I/41+GdEwyGqL._SL500_.jpg" alt="Product Image"></a><p>e.l.f. Primer-Infused Matte Blush, Long-Lasting, Lightweight & Buildable Powder Blush, Delivers A Matte Finish, Vegan & Cruelty-Free, Always Crushing</p><p>$7.00</p><a href="https://www.amazon.com/dp/B0CPFWJJQJ?tag=eloabder-20&linkCode=osi&th=1&psc=1">View Product</a></div><div class="product"><a href="https://www.amazon.com/dp/B0B64GX5LN?tag=eloabder-20&linkCode=osi&th=1&psc=1"><img src="https://m.media-amazon.com/images/I/31aZBeyUSsL._SL500_.jpg" alt="Product Image"></a><p>LAURA GELLER NEW YORK Serum Blush Tint, Lightweight Liquid Blush for Cheeks, Weightless Watercolor Sheer Finish, Practical Pink</p><p>$15.74</p><a href="https://www.amazon.com/dp/B0B64GX5LN?tag=eloabder-20&linkCode=osi&th=1&psc=1">View Product</a></div><div class="product"><a href="https://www.amazon.com/dp/B00J56D0G6?tag=eloabder-20&linkCode=osi&th=1&psc=1"><img src="https://m.media-amazon.com/images/I/31MVN0QAhfL._SL500_.jpg" alt="Product Image"></a><p>e.l.f. Cosmetics Powder Blush Palette, Four Blush Shades for Beautiful, Long-Lasting Pigment, Light</p><p>$6.00</p><a href="https://www.amazon.com/dp/B00J56D0G6?tag=eloabder-20&linkCode=osi&th=1&psc=1">View Product</a></div><div class="product"><a href="https://www.amazon.com/dp/B0BHFBBH25?tag=eloabder-20&linkCode=osi&th=1&psc=1"><img src="https://m.media-amazon.com/images/I/31uqOuPPf5L._SL500_.jpg" alt="Product Image"></a><p>SHEGLAM Color Bloom Liquid Blush Makeup for Cheeks Matte Finish - Love Cake</p><p>$6.99</p><a href="https://www.amazon.com/dp/B0BHFBBH25?tag=eloabder-20&linkCode=osi&th=1&psc=1">View Product</a></div><div class="product"><a href="https://www.amazon.com/dp/B07J47FHR1?tag=eloabder-20&linkCode=osi&th=1&psc=1"><img src="https://m.media-amazon.com/images/I/41Xyor9x2SL._SL500_.jpg" alt="Product Image"></a><p>Nars Blush in ORGASM Full Size 0.16 oz. / 4.8 g in Retail Box New Edition</p><p>$22.00</p><a href="https://www.amazon.com/dp/B07J47FHR1?tag=eloabder-20&linkCode=osi&th=1&psc=1">View Product</a></div>
<div class="product"><a href="https://www.amazon.com/dp/B018B8Q5Z6?tag=eloabder-20&linkCode=osi&th=1&psc=1"><img src="https://m.media-amazon.com/images/I/41D9ZHQRaSL._SL500_.jpg" alt="Product Image"></a><p>Physicians Formula Murumuru Butter Bronzer, Moisturizing, Nourishing Murumuru Butter Blend for Silky All-Day Luminous Glow, Dermatologist Tested, Hypoallergenic, Vegan & Cruelty-Free -Bronzer</p><p>$12.15</p><a href="https://www.amazon.com/dp/B018B8Q5Z6?tag=eloabder-20&linkCode=osi&th=1&psc=1">View Product</a></div><div class="product"><a href="https://www.amazon.com/dp/B001B0H82Q?tag=eloabder-20&linkCode=osi&th=1&psc=1"><img src="https://m.media-amazon.com/images/I/41I3B-YoLkL._SL500_.jpg" alt="Product Image"></a><p>Rimmel London Natural - 022 Sun Bronze - Bronzer, Matte Finish, 0.49oz</p><p>$3.97</p><a href="https://www.amazon.com/dp/B001B0H82Q?tag=eloabder-20&linkCode=osi&th=1&psc=1">View Product</a></div><div class="product"><a href="https://www.amazon.com/dp/B0BM5HX7DN?tag=eloabder-20&linkCode=osi&th=1&psc=1"><img src="https://m.media-amazon.com/images/I/41DwoHQgzsL._SL500_.jpg" alt="Product Image"></a><p>Benefit Hoola Matte Bronzer Mini 0.08 Ounce</p><p>$17.92</p><a href="https://www.amazon.com/dp/B0BM5HX7DN?tag=eloabder-20&linkCode=osi&th=1&psc=1">View Product</a></div><div class="product"><a href="https://www.amazon.com/dp/B07M7NGVW7?tag=eloabder-20&linkCode=osi&th=1&psc=1"><img src="https://m.media-amazon.com/images/I/51dvod9PjTL._SL500_.jpg" alt="Product Image"></a><p>wet n wild Color Icon Bronzer What Shady Beaches</p><p>$2.96</p><a href="https://www.amazon.com/dp/B07M7NGVW7?tag=eloabder-20&linkCode=osi&th=1&psc=1">View Product</a></div><div class="product"><a href="https://www.amazon.com/dp/B0CPFVTY7M?tag=eloabder-20&linkCode=osi&th=1&psc=1"><img src="https://m.media-amazon.com/images/I/41rO68Q0mlL._SL500_.jpg" alt="Product Image"></a><p>e.l.f. Primer-Infused Bronzer, Long-Lasting, Lightweight & Buildable Powder Bronzer, Delivers A Matte Finish, Vegan & Cruelty-Free, Fresh Tan</p><p>$7.00</p><a href="https://www.amazon.com/dp/B0CPFVTY7M?tag=eloabder-20&linkCode=osi&th=1&psc=1">View Product</a></div><div class="product"><a href="https://www.amazon.com/dp/B07ZR187P5?tag=eloabder-20&linkCode=osi&th=1&psc=1"><img src="https://m.media-amazon.com/images/I/410nkMFZLYL._SL500_.jpg" alt="Product Image"></a><p>e.l.f. Primer-infused Bronzer, Long-Wear, Matte, Bold, Lightweight, Blends Easily, Contours Cheeks, Forever Sun Kissed, All-Day Wear, 0.35 Oz</p><p>$7.00 ($20.00 / Ounce)</p><a href="https://www.amazon.com/dp/B07ZR187P5?tag=eloabder-20&linkCode=osi&th=1&psc=1">View Product</a></div><div class="product"><a href="https://www.amazon.com/dp/B00518N3VE?tag=eloabder-20&linkCode=osi&th=1&psc=1"><img src="https://m.media-amazon.com/images/I/41SzIseWK6L._SL500_.jpg" alt="Product Image"></a><p>Milani Baked Bronzer - Glow, Cruelty-Free Shimmer Bronzing Powder to Use For Contour Makeup, Highlighters Makeup, Bronzer Makeup, 0.25 Ounce</p><p>$9.97 ($39.88 / Ounce)</p><a href="https://www.amazon.com/dp/B00518N3VE?tag=eloabder-20&linkCode=osi&th=1&psc=1">View Product</a></div><div class="product"><a href="https://www.amazon.com/dp/B0CNTYPSSZ?tag=eloabder-20&linkCode=osi&th=1&psc=1"><img src="https://m.media-amazon.com/images/I/416D4Z7hQ8L._SL500_.jpg" alt="Product Image"></a><p>Milani Cheek Kiss Cream Bronzer-110 Hey Honey</p><p>$9.97</p><a href="https://www.amazon.com/dp/B0CNTYPSSZ?tag=eloabder-20&linkCode=osi&th=1&psc=1">View Product</a></div><div class="product"><a href="https://www.amazon.com/dp/B006WZ9O72?tag=eloabder-20&linkCode=osi&th=1&psc=1"><img src="https://m.media-amazon.com/images/I/51rDNo9JnqL._SL500_.jpg" alt="Product Image"></a><p>Physicians Formula Bronze Booster Glow-Boosting Season-to-Season, Customizable Seasonal Glow Glow, Lasting Tan Boost, Hypoallergenic Powder, Cruelty-Free & Hypoallergenic- Light-to-Medium</p><p>$12.98</p><a href="https://www.amazon.com/dp/B006WZ9O72?tag=eloabder-20&linkCode=osi&th=1&psc=1">View Product</a></div>
<div class="product"><a href="https://www.amazon.com/dp/B09288DSSX?tag=eloabder-20&linkCode=osi&th=1&psc=1"><img src="https://m.media-amazon.com/images/I/417z6evbmhL._SL500_.jpg" alt="Product Image"></a><p>KYDA Face Highlighter Palette, High Glossy Face Illuminator Palette, Narutal Glow Finish, Pearl Shimmer Smooth Baked Powder, Lasting Sparkling Highlighter Makeup-SUN GLOW</p><p>$9.99</p><a href="https://www.amazon.com/dp/B09288DSSX?tag=eloabder-20&linkCode=osi&th=1&psc=1">View Product</a></div><div class="product"><a href="https://www.amazon.com/dp/B082YPL2SV?tag=eloabder-20&linkCode=osi&th=1&psc=1"><img src="https://m.media-amazon.com/images/I/51Y+MCkwArL._SL500_.jpg" alt="Product Image"></a><p>Wet n Wild MegaGlo Blushlighter, Blendable Blush & Highlighter Set, Shimmery Metallic Finish, Highlight Bling</p><p>$5.47</p><a href="https://www.amazon.com/dp/B082YPL2SV?tag=eloabder-20&linkCode=osi&th=1&psc=1">View Product</a></div><div class="product"><a href="https://www.amazon.com/dp/B0C41PSDZF?tag=eloabder-20&linkCode=osi&th=1&psc=1"><img src="https://m.media-amazon.com/images/I/41FLNU-tL-L._SL500_.jpg" alt="Product Image"></a><p>NYX PROFESSIONAL MAKEUP, Jumbo Multi-Use Face Highlighter Stick - Vanilla Ice Cream</p><p>$7.97</p><a href="https://www.amazon.com/dp/B0C41PSDZF?tag=eloabder-20&linkCode=osi&th=1&psc=1">View Product</a></div><div class="product"><a href="https://www.amazon.com/dp/B0C6V67KJW?tag=eloabder-20&linkCode=osi&th=1&psc=1"><img src="https://m.media-amazon.com/images/I/31Yh8b8JEjL._SL500_.jpg" alt="Product Image"></a><p>e.l.f. Halo Glow Highlight Beauty Wand, Liquid Highlighter Wand For Luminous, Glowing Skin, Buildable Formula, Vegan & Cruelty-free,Champagne Campaign</p><p>$9.00</p><a href="https://www.amazon.com/dp/B0C6V67KJW?tag=eloabder-20&linkCode=osi&th=1&psc=1">View Product</a></div><div class="product"><a href="https://www.amazon.com/dp/B073WMG59J?tag=eloabder-20&linkCode=osi&th=1&psc=1"><img src="https://m.media-amazon.com/images/I/51fz8bpJNNL._SL500_.jpg" alt="Product Image"></a><p>wet n wild MegaGlo Highlighting Powder, Highlighter Makeup, Shimmer Glow, Pink Rose Gold Blossom Glow</p><p>$5.41</p><a href="https://www.amazon.com/dp/B073WMG59J?tag=eloabder-20&linkCode=osi&th=1&psc=1">View Product</a></div><div class="product"><a href="https://www.amazon.com/dp/B07QPY11KY?tag=eloabder-20&linkCode=osi&th=1&psc=1"><img src="https://m.media-amazon.com/images/I/312T7p8cW6L._SL500_.jpg" alt="Product Image"></a><p>Revolution Beauty, Reloaded Pressed Powder Highlighter, Intensely Pigmented for a High Impact Dewy Finish, Dare To Divulge, 0.22 Oz.</p><p>$6.91</p><a href="https://www.amazon.com/dp/B07QPY11KY?tag=eloabder-20&linkCode=osi&th=1&psc=1">View Product</a></div><div class="product"><a href="https://www.amazon.com/dp/B074PTZCNW?tag=eloabder-20&linkCode=osi&th=1&psc=1"><img src="https://m.media-amazon.com/images/I/31btEAGukiL._SL500_.jpg" alt="Product Image"></a><p>L'Oreal Paris Makeup True Match Lumi Glotion, Natural Glow Enhancer, Illuminator Highlighter Skin Tint, for an All Day Radiant Glow, Light, 1.35 Ounces</p><p>$12.81</p><a href="https://www.amazon.com/dp/B074PTZCNW?tag=eloabder-20&linkCode=osi&th=1&psc=1">View Product</a></div><div class="product"><a href="https://www.amazon.com/dp/B075K784FK?tag=eloabder-20&linkCode=osi&th=1&psc=1"><img src="https://m.media-amazon.com/images/I/51q6Nf009iL._SL500_.jpg" alt="Product Image"></a><p>Physicians Formula Murumuru Butter Highlighter Makeup Face Powder Make Up, Pearl, Dermatologist Approved</p><p>$10.00</p><a href="https://www.amazon.com/dp/B075K784FK?tag=eloabder-20&linkCode=osi&th=1&psc=1">View Product</a></div><div class="product"><a href="https://www.amazon.com/dp/B0BD9HYBKD?tag=eloabder-20&linkCode=osi&th=1&psc=1"><img src="https://m.media-amazon.com/images/I/319tXl8nMUL._SL500_.jpg" alt="Product Image"></a><p>LAURA GELLER NEW YORK Baked Natural Glow Highlighter Radiance Enhancing Makeup, French Vanilla</p><p>$18.99</p><a href="https://www.amazon.com/dp/B0BD9HYBKD?tag=eloabder-20&linkCode=osi&th=1&psc=1">View Product</a></div><div class="product"><a href="https://www.amazon.com/dp/B083574V27?tag=eloabder-20&linkCode=osi&th=1&psc=1"><img src="https://m.media-amazon.com/images/I/41fyFVpDrXL._SL500_.jpg" alt="Product Image"></a><p>Milani Baked Highlighter (Dolce Perla) - Cruelty-Free Powder Highlighter, Highlight Face for a Shimmery or Matte Finish</p><p>$10.97 ($39.18 / Ounce)</p><a href="https://www.amazon.com/dp/B083574V27?tag=eloabder-20&linkCode=osi&th=1&psc=1">View Product</a></div>
<div class="product"><a href="https://www.amazon.com/dp/B0CMHSNYG8?tag=eloabder-20&linkCode=osi&th=1&psc=1"><img src="https://m.media-amazon.com/images/I/51iVcKQ6eIL._SL500_.jpg" alt="Product Image"></a><p>JODSONE Gel Nail Set 20 Colors High Shine Gorgeous Gel Polish Base Top Matte Coat Nice Gifts Show Charm</p><p>$19.99</p><a href="https://www.amazon.com/dp/B0CMHSNYG8?tag=eloabder-20&linkCode=osi&th=1&psc=1">View Product</a></div><div class="product"><a href="https://www.amazon.com/dp/B09KC56289?tag=eloabder-20&linkCode=osi&th=1&psc=1"><img src="https://m.media-amazon.com/images/I/51M-P1nM7QL._SL500_.jpg" alt="Product Image"></a><p>JODSONE 36 PCS Gel Nail Polish Set-32 Colors Gel Polish Kit Base Coat Glossy Matte and Glitter Top Coat Nail Polish Set Green Blue Red Pink Collection Gifts for Women</p><p>$25.99</p><a href="https://www.amazon.com/dp/B09KC56289?tag=eloabder-20&linkCode=osi&th=1&psc=1">View Product</a></div><div class="product"><a href="https://www.amazon.com/dp/B00GXVVDG0?tag=eloabder-20&linkCode=osi&th=1&psc=1"><img src="https://m.media-amazon.com/images/I/21vF-y2FfJL._SL500_.jpg" alt="Product Image"></a><p>Essie Nail Polish, Salon-Quality, 8-free Vegan, Finish, Mademoiselle, 0.46 Ounces (Packaging May Vary) Sheer Pink</p><p>$8.99</p><a href="https://www.amazon.com/dp/B00GXVVDG0?tag=eloabder-20&linkCode=osi&th=1&psc=1">View Product</a></div><div class="product"><a href="https://www.amazon.com/dp/B0987JZSP8?tag=eloabder-20&linkCode=osi&th=1&psc=1"><img src="https://m.media-amazon.com/images/I/31VZYZfCKbL._SL500_.jpg" alt="Product Image"></a><p>OPI Nature Strong Vegan Nail Polish, Knowledge is Flower, Pink Nail Polish, Natural Origin, Cruelty-Free Nail Lacquer, 0.5 fl oz.</p><p>$12.99 ($25.98 / Fl Oz)</p><a href="https://www.amazon.com/dp/B0987JZSP8?tag=eloabder-20&linkCode=osi&th=1&psc=1">View Product</a></div><div class="product"><a href="https://www.amazon.com/dp/B0CYLRWVVF?tag=eloabder-20&linkCode=osi&th=1&psc=1"><img src="https://m.media-amazon.com/images/I/51G1EY8ny6L._SL500_.jpg" alt="Product Image"></a><p>modelones Pearl Nail Polish 6 Colors Shimmer Pearl White Pink Mermaid Purple Nail Polish Set Summer Quick Dry Nail Polish Finger Nail Polish Bulk Manicure Diy Nail Art Salon Home Gift For Women Girl</p><p>$12.99</p><a href="https://www.amazon.com/dp/B0CYLRWVVF?tag=eloabder-20&linkCode=osi&th=1&psc=1">View Product</a></div>
<div class="product"><a href="https://www.amazon.com/dp/B005HGWGVS?tag=eloabder-20&linkCode=osi&th=1&psc=1"><img src="https://m.media-amazon.com/images/I/41NVfMcQBQL._SL500_.jpg" alt="Product Image"></a><p>Hard As Hoof Nail Strengthening Cream with Coconut Scent, Nail Growth & Conditioning Cuticle Cream Stops Splits, Chips, Cracks & Strengthens Nails, 1 oz</p><p>$8.88</p><a href="https://www.amazon.com/dp/B005HGWGVS?tag=eloabder-20&linkCode=osi&th=1&psc=1">View Product</a></div><div class="product"><a href="https://www.amazon.com/dp/B08YMJ4X4B?tag=eloabder-20&linkCode=osi&th=1&psc=1"><img src="https://m.media-amazon.com/images/I/41JNcOM8lBL._SL500_.jpg" alt="Product Image"></a><p>C CARE Sweet Almond Cuticle Oil For Nails - Repairs Cuticles Overnight - Moisturizes and Strengthens Nails and Cuticles - Dropper & Brush included - 2.5oz</p><p>$5.97 ($2.39 / Fl Oz)</p><a href="https://www.amazon.com/dp/B08YMJ4X4B?tag=eloabder-20&linkCode=osi&th=1&psc=1">View Product</a></div><div class="product"><a href="https://www.amazon.com/dp/B0046MK34G?tag=eloabder-20&linkCode=osi&th=1&psc=1"><img src="https://m.media-amazon.com/images/I/41PPyJFVAlL._SL500_.jpg" alt="Product Image"></a><p>Sally Hansen Instant Cuticle Remover™, Nail Treatment, Fast Drying, Contains Aloe and Chamomile</p><p>$4.97</p><a href="https://www.amazon.com/dp/B0046MK34G?tag=eloabder-20&linkCode=osi&th=1&psc=1">View Product</a></div><div class="product"><a href="https://www.amazon.com/dp/B00F644LTQ?tag=eloabder-20&linkCode=osi&th=1&psc=1"><img src="https://m.media-amazon.com/images/I/31+v2SZDagL._SL500_.jpg" alt="Product Image"></a><p>Cuccio Naturale Revitalizing- Hydrating Oil For Repaired Cuticles Overnight - Remedy For Damaged Skin And Thin Nails - Paraben /Cruelty-Free Formula - Milk And Honey - 2.5 Oz</p><p>$9.48 ($3.79 / Fl Oz)</p><a href="https://www.amazon.com/dp/B00F644LTQ?tag=eloabder-20&linkCode=osi&th=1&psc=1">View Product</a></div><div class="product"><a href="https://www.amazon.com/dp/B007QBKX08?tag=eloabder-20&linkCode=osi&th=1&psc=1"><img src="https://m.media-amazon.com/images/I/51BgkFaTnpL._SL500_.jpg" alt="Product Image"></a><p>Nail Tek Repairs Damaged Nails kit.Intensive Therapy(.5OZ),Foundation(.5OZ)& Renew(.48OZ)</p><p>$14.95</p><a href="https://www.amazon.com/dp/B007QBKX08?tag=eloabder-20&linkCode=osi&th=1&psc=1">View Product</a></div>
<div class="product"><a href="https://www.amazon.com/dp/B017PCGAXQ?tag=eloabder-20&linkCode=osi&th=1&psc=1"><img src="https://m.media-amazon.com/images/I/31-daQlUgGL._SL500_.jpg" alt="Product Image"></a><p>Garnier Micellar Water For Waterproof Makeup, Hydrating Facial Cleanser & Makeup Remover, Suitable for Sensitive Skin, Vegan, Cruelty Free, 13.5 Fl Oz (400mL), 1 Count</p><p>$8.97 ($0.66 / Fl Oz)</p><a href="https://www.amazon.com/dp/B017PCGAXQ?tag=eloabder-20&linkCode=osi&th=1&psc=1">View Product</a></div><div class="product"><a href="https://www.amazon.com/dp/B017PCGABI?tag=eloabder-20&linkCode=osi&th=1&psc=1"><img src="https://m.media-amazon.com/images/I/3106WC85aAL._SL500_.jpg" alt="Product Image"></a><p>Garnier Micellar Water, Hydrating Facial Cleanser & Makeup Remover, Suitable for Sensitive Skin, Vegan, Cruelty Free, 13.5 Fl Oz (400mL), 1 Count</p><p>$8.97 ($0.66 / Fl Oz)</p><a href="https://www.amazon.com/dp/B017PCGABI?tag=eloabder-20&linkCode=osi&th=1&psc=1">View Product</a></div><div class="product"><a href="https://www.amazon.com/dp/B00U2VQZDS?tag=eloabder-20&linkCode=osi&th=1&psc=1"><img src="https://m.media-amazon.com/images/I/41VzZfHAKpL._SL500_.jpg" alt="Product Image"></a><p>Neutrogena Makeup Remover Wipes, Ultra-Soft Cleansing Facial Towelettes for Waterproof Makeup, Alcohol-Free, Plant-Based, Twin Pack, 25 Count (Pack of 2)</p><p>$9.16 ($0.18 / Count)</p><a href="https://www.amazon.com/dp/B00U2VQZDS?tag=eloabder-20&linkCode=osi&th=1&psc=1">View Product</a></div><div class="product"><a href="https://www.amazon.com/dp/B07T9JV956?tag=eloabder-20&linkCode=osi&th=1&psc=1"><img src="https://m.media-amazon.com/images/I/310x+0QrxsL._SL500_.jpg" alt="Product Image"></a><p>Neutrogena Gentle Oil-Free Eye Makeup Remover & Cleanser for Sensitive Eyes, Non-Greasy Makeup Remover, Removes Waterproof Mascara, Dermatologist & Ophthalmologist Tested, 8.0 fl. oz</p><p>$9.39 ($1.17 / Fl Oz)</p><a href="https://www.amazon.com/dp/B07T9JV956?tag=eloabder-20&linkCode=osi&th=1&psc=1">View Product</a></div><div class="product"><a href="https://www.amazon.com/dp/B01M31HY3S?tag=eloabder-20&linkCode=osi&th=1&psc=1"><img src="https://m.media-amazon.com/images/I/319i79e7f4L._SL500_.jpg" alt="Product Image"></a><p>Cetaphil Gentle Waterproof Makeup Remover, Mother's Day Gifts, Oil-Free Formula Suitable for Sensitive Skin, 6.0 Fluid Ounce</p><p>$9.87 ($1.64 / Fl Oz)</p><a href="https://www.amazon.com/dp/B01M31HY3S?tag=eloabder-20&linkCode=osi&th=1&psc=1">View Product</a></div><div class="product"><a href="https://www.amazon.com/dp/B07SS6LFRG?tag=eloabder-20&linkCode=osi&th=1&psc=1"><img src="https://m.media-amazon.com/images/I/31Mwa89HfCL._SL500_.jpg" alt="Product Image"></a><p>Amazon Basics Eye Makeup Remover, Removes Waterproof Mascara, Dermatologist Tested, Fragrance Free, 5.5 Fl Oz (Pack of 1)</p><p>$5.99 ($1.09 / Fl Oz)</p><a href="https://www.amazon.com/dp/B07SS6LFRG?tag=eloabder-20&linkCode=osi&th=1&psc=1">View Product</a></div><div class="product"><a href="https://www.amazon.com/dp/B08TQTT8LK?tag=eloabder-20&linkCode=osi&th=1&psc=1"><img src="https://m.media-amazon.com/images/I/31R-Y-dhjEL._SL500_.jpg" alt="Product Image"></a><p>e.l.f. Holy Hydration! Makeup Melting Cleansing Balm, Face Cleanser & Makeup Remover, Infused with Hyaluronic Acid to Hydrate Skin, 2 Oz</p><p>$11.00 ($5.50 / Ounce)</p><a href="https://www.amazon.com/dp/B08TQTT8LK?tag=eloabder-20&linkCode=osi&th=1&psc=1">View Product</a></div><div class="product"><a href="https://www.amazon.com/dp/B08Q3CQM7X?tag=eloabder-20&linkCode=osi&th=1&psc=1"><img src="https://m.media-amazon.com/images/I/31edyzkByfL._SL500_.jpg" alt="Product Image"></a><p>JUNO & Co. Clean 10 Cleansing Balm 10 Ingredients Makeup Remover 85g / 3.0oz</p><p>$14.99 ($5.00 / Ounce)</p><a href="https://www.amazon.com/dp/B08Q3CQM7X?tag=eloabder-20&linkCode=osi&th=1&psc=1">View Product</a></div><div class="product"><a href="https://www.amazon.com/dp/B0B1PP1XCM?tag=eloabder-20&linkCode=osi&th=1&psc=1"><img src="https://m.media-amazon.com/images/I/31kOCqV2+BL._SL500_.jpg" alt="Product Image"></a><p>CeraVe Cleansing Balm for Sensitive Skin | Hydrating Makeup Remover with Ceramides and Plant-based Jojoba Oil for Face | Non-Comedogenic Fragrance Free Non-Greasy |1.3 Ounces</p><p>$9.97 ($7.67 / Ounce)</p><a href="https://www.amazon.com/dp/B0B1PP1XCM?tag=eloabder-20&linkCode=osi&th=1&psc=1">View Product</a></div><div class="product"><a href="https://www.amazon.com/dp/B0BX65V1BZ?tag=eloabder-20&linkCode=osi&th=1&psc=1"><img src="https://m.media-amazon.com/images/I/31t6WiWvdDL._SL500_.jpg" alt="Product Image"></a><p>Prime Prometics PrimeSkin Beauty Water – Deeply Hydrating Pro-Age Make-Up Remover for Mature Women – Clean, One Swipe – for All Skin Types – pH balanced, Hypoallergenic</p><p>$27.00 ($5.29 / Fl Oz)</p><a href="https://www.amazon.com/dp/B0BX65V1BZ?tag=eloabder-20&linkCode=osi&th=1&psc=1">View Product</a></div>
<div class="product"><a href="https://www.amazon.com/dp/B07XC569XF?tag=eloabder-20&linkCode=osi&th=1&psc=1"><img src="https://m.media-amazon.com/images/I/4109uyzn-sL._SL500_.jpg" alt="Product Image"></a><p>Neutrogena Hydro Boost Facial Cleansing Towelettes + Hyaluronic Acid, Hydrating Makeup Remover Face Wipes Remove Dirt & Waterproof Makeup, Hypoallergenic, 100% Plant-Based Cloth, 2 x 25 ct</p><p>$13.20 ($0.26 / Count)</p><a href="https://www.amazon.com/dp/B07XC569XF?tag=eloabder-20&linkCode=osi&th=1&psc=1">View Product</a></div><div class="product"><a href="https://www.amazon.com/dp/B00479FP4Q?tag=eloabder-20&linkCode=osi&th=1&psc=1"><img src="https://m.media-amazon.com/images/I/41L2wro-FlL._SL500_.jpg" alt="Product Image"></a><p>Olay Daily Facials, Daily Clean Makeup Removing Facial Cleansing Wipes, 5-in-1 Water Activated Cloths, Exfoliates, Tones and Hydrates Skin, 66 count</p><p>$9.74 ($0.15 / Count)</p><a href="https://www.amazon.com/dp/B00479FP4Q?tag=eloabder-20&linkCode=osi&th=1&psc=1">View Product</a></div><div class="product"><a href="https://www.amazon.com/dp/B0864VDH6F?tag=eloabder-20&linkCode=osi&th=1&psc=1"><img src="https://m.media-amazon.com/images/I/418baEPkUdL._SL500_.jpg" alt="Product Image"></a><p>Amazon Basics Make Up Remover Wipes, Night Calming, 50 Count (2 Packs of 25) (Previously Solimo)</p><p>$7.93 ($0.16 / Count)</p><a href="https://www.amazon.com/dp/B0864VDH6F?tag=eloabder-20&linkCode=osi&th=1&psc=1">View Product</a></div><div class="product"><a href="https://www.amazon.com/dp/B093T3LQPP?tag=eloabder-20&linkCode=osi&th=1&psc=1"><img src="https://m.media-amazon.com/images/I/51mLU+qr6tL._SL500_.jpg" alt="Product Image"></a><p>Burt's Bees Rose Water Face Wipes, for All Skin Types, Hydrating Micellar Makeup Remover & Facial Cleansing Towelettes, 30 Ct (3-Pack)</p><p>$16.47 ($0.18 / Count)</p><a href="https://www.amazon.com/dp/B093T3LQPP?tag=eloabder-20&linkCode=osi&th=1&psc=1">View Product</a></div><div class="product"><a href="https://www.amazon.com/dp/B00NUJQG7Y?tag=eloabder-20&linkCode=osi&th=1&psc=1"><img src="https://m.media-amazon.com/images/I/51apu8FIluL._SL500_.jpg" alt="Product Image"></a><p>Burt's Bees Aloe Vera Face Wipes, for Sensitive Skin, Soothing Makeup Remover & Facial Cleansing Towelettes, 30 Ct. (3-Pack)</p><p>$16.41 ($0.18 / Count)</p><a href="https://www.amazon.com/dp/B00NUJQG7Y?tag=eloabder-20&linkCode=osi&th=1&psc=1">View Product</a></div><div class="product"><a href="https://www.amazon.com/dp/B09LXWPB1V?tag=eloabder-20&linkCode=osi&th=1&psc=1"><img src="https://m.media-amazon.com/images/I/4117i-jJMKL._SL500_.jpg" alt="Product Image"></a><p>CeraVe Hydrating Facial Cleansing Makeup Remover Wipes| Plant Based Face Biodegradable in Home Compost| Wash Cloth| Suitable for Sensitive Skin| Fragrance-free Non-comedogenic| 25 Count</p><p>$9.97 ($0.40 / Count)</p><a href="https://www.amazon.com/dp/B09LXWPB1V?tag=eloabder-20&linkCode=osi&th=1&psc=1">View Product</a></div><div class="product"><a href="https://www.amazon.com/dp/B006RFZ9IK?tag=eloabder-20&linkCode=osi&th=1&psc=1"><img src="https://m.media-amazon.com/images/I/41c4Ogejt9L._SL500_.jpg" alt="Product Image"></a><p>Bioré Daily Make Up Removing Cloths, Facial Cleansing Wipes with Dirt-grabbing Fibers for Deep Pore Cleansing without Oily Residue, 60 Count</p><p>$11.99 ($0.20 / Count)</p><a href="https://www.amazon.com/dp/B006RFZ9IK?tag=eloabder-20&linkCode=osi&th=1&psc=1">View Product</a></div><div class="product"><a href="https://www.amazon.com/dp/B01M4NFD2N?tag=eloabder-20&linkCode=osi&th=1&psc=1"><img src="https://m.media-amazon.com/images/I/41-iPdzYWDL._SL500_.jpg" alt="Product Image"></a><p>Cetaphil Gentle Makeup Removing Face Wipes, Daily Cleansing Facial Towelettes Gently Remove Makeup, Fragrance and Alcohol Free, 25 Count</p><p>$6.85 ($0.27 / Count)</p><a href="https://www.amazon.com/dp/B01M4NFD2N?tag=eloabder-20&linkCode=osi&th=1&psc=1">View Product</a></div><div class="product"><a href="https://www.amazon.com/dp/B0B644ZQLV?tag=eloabder-20&linkCode=osi&th=1&psc=1"><img src="https://m.media-amazon.com/images/I/41E5FGVZrnL._SL500_.jpg" alt="Product Image"></a><p>Cetaphil Face and Body Wipes, Gentle Skin Cleansing Cloths, 25 Count (Pack of 3), for Dry, Sensitive Skin, Flip Top Closure, Great for the Gym, Hypoallergenic, Fragrance Free</p><p>$20.91 ($0.28 / Count)</p><a href="https://www.amazon.com/dp/B0B644ZQLV?tag=eloabder-20&linkCode=osi&th=1&psc=1">View Product</a></div>
<div class="product"><a href="https://www.amazon.com/dp/B08RD6S5HF?tag=eloabder-20&linkCode=osi&th=1&psc=1"><img src="https://m.media-amazon.com/images/I/41uDw-xQNuL._SL500_.jpg" alt="Product Image"></a><p>BAIMEI IcyMe Gua Sha & Jade Roller Facial Tools Face Roller and Gua Sha Set for Puffiness and Redness Reducing Skin Care Routine, Self Care Gift for Men Women - Green</p><p>$9.99</p><a href="https://www.amazon.com/dp/B08RD6S5HF?tag=eloabder-20&linkCode=osi&th=1&psc=1">View Product</a></div><div class="product"><a href="https://www.amazon.com/dp/B09961TCV4?tag=eloabder-20&linkCode=osi&th=1&psc=1"><img src="https://m.media-amazon.com/images/I/41cLCDErk6L._SL500_.jpg" alt="Product Image"></a><p>huefull Gua Sha Facial Tools & Jade Roller Set for Skin Care, Reduce Puffiness and Improve Wrinkles, Guasha Tool for Face, Gua Sha Stone Self Care Gift for Woman Man</p><p>$7.99 ($4.00 / Count)</p><a href="https://www.amazon.com/dp/B09961TCV4?tag=eloabder-20&linkCode=osi&th=1&psc=1">View Product</a></div><div class="product"><a href="https://www.amazon.com/dp/B09P88YNZZ?tag=eloabder-20&linkCode=osi&th=1&psc=1"><img src="https://m.media-amazon.com/images/I/31gv5dz1KML._SL500_.jpg" alt="Product Image"></a><p>Ice Roller for Face and Eye, Ice Face Roller,Facial Beauty Ice Roller Skin Care Tools, Ice Facial Cube, Gua Sha Face Massage, Silicone Ice Mold for Face Beauty (Pink)</p><p>$5.99 ($1.20 / Ounce)</p><a href="https://www.amazon.com/dp/B09P88YNZZ?tag=eloabder-20&linkCode=osi&th=1&psc=1">View Product</a></div><div class="product"><a href="https://www.amazon.com/dp/B09V5TRZTS?tag=eloabder-20&linkCode=osi&th=1&psc=1"><img src="https://m.media-amazon.com/images/I/31NWpXealIL._SL500_.jpg" alt="Product Image"></a><p>ROSELYNBOUTIQUE Ice Roller for Face Wrinkles Fine Lines Puffiness Stick Massager Facial Skin Care Tools Self Care Gifts for Men Women (Green)</p><p>$6.39</p><a href="https://www.amazon.com/dp/B09V5TRZTS?tag=eloabder-20&linkCode=osi&th=1&psc=1">View Product</a></div><div class="product"><a href="https://www.amazon.com/dp/B0BR7YG7QH?tag=eloabder-20&linkCode=osi&th=1&psc=1"><img src="https://m.media-amazon.com/images/I/41gFogNe+dL._SL500_.jpg" alt="Product Image"></a><p>8 Pieces Triangle Powder Puff Face Soft Triangle Makeup Puff Velour Cosmetic Foundation Blender Sponge Beauty Makeup Tools</p><p>$3.99 ($0.50 / Count)</p><a href="https://www.amazon.com/dp/B0BR7YG7QH?tag=eloabder-20&linkCode=osi&th=1&psc=1">View Product</a></div><div class="product"><a href="https://www.amazon.com/dp/B09XJYZDVG?tag=eloabder-20&linkCode=osi&th=1&psc=1"><img src="https://m.media-amazon.com/images/I/41jMEmTiSQL._SL500_.jpg" alt="Product Image"></a><p>Aaiffey Eyeliner Applicator Kit, Eyeliner Tool with Eyeliner Cream Black Eyeliner Gel Reusable Silicone Eye Liner Applicator Waterproof Eyeliner Easy No-Skip (eyeliner tool +black eyeliner creams)</p><p>$9.98</p><a href="https://www.amazon.com/dp/B09XJYZDVG?tag=eloabder-20&linkCode=osi&th=1&psc=1">View Product</a></div>
<div class="product"><a href="https://www.amazon.com/dp/B075S543DR?tag=eloabder-20&linkCode=osi&th=1&psc=1"><img src="https://m.media-amazon.com/images/I/418N6a3fvaL._SL500_.jpg" alt="Product Image"></a><p>EcoTools Start The Day Beautifully 6 Piece Makeup Brush Set, Makeup Brushes For Eyeshadow, Blush, Concealer, & Foundation Application, Eco-Friendly, Gift Set, Synthetic Hair, Vegan & Cruelty-Free</p><p>$9.98</p><a href="https://www.amazon.com/dp/B075S543DR?tag=eloabder-20&linkCode=osi&th=1&psc=1">View Product</a></div><div class="product"><a href="https://www.amazon.com/dp/B07FTXBNVL?tag=eloabder-20&linkCode=osi&th=1&psc=1"><img src="https://m.media-amazon.com/images/I/41O4pc78hYL._SL500_.jpg" alt="Product Image"></a><p>Real Techniques 5 Piece Everyday Essentials Makeup Brush Set, Includes 4 Brushes & Makeup Sponge, For Foundation, Blush, Bronzer, Contour, Eyeshadow, & Powder, Travel Gift Set, Cruelty-Free & Vegan</p><p>$13.99</p><a href="https://www.amazon.com/dp/B07FTXBNVL?tag=eloabder-20&linkCode=osi&th=1&psc=1">View Product</a></div>
<div class="product"><a href="https://www.amazon.com/dp/B00WZQTCS8?tag=eloabder-20&linkCode=osi&th=1&psc=1"><img src="https://m.media-amazon.com/images/I/41iVoW5QboL._SL500_.jpg" alt="Product Image"></a><p>NYX PROFESSIONAL MAKEUP Micro Brow Pencil, Eyebrow Pencil - Espresso</p><p>$7.50</p><a href="https://www.amazon.com/dp/B00WZQTCS8?tag=eloabder-20&linkCode=osi&th=1&psc=1">View Product</a></div><div class="product"><a href="https://www.amazon.com/dp/B01643FI0I?tag=eloabder-20&linkCode=osi&th=1&psc=1"><img src="https://m.media-amazon.com/images/I/21w1DpgxRoL._SL500_.jpg" alt="Product Image"></a><p>L'Oreal Paris Makeup Brow Stylist Definer Waterproof Eyebrow Pencil, Ultra-Fine Mechanical Pencil, Draws Tiny Brow Hairs and Fills in Sparse Areas and Gaps, Dark Brunette, 0.003 Ounce (Pack of 1)</p><p>$8.98</p><a href="https://www.amazon.com/dp/B01643FI0I?tag=eloabder-20&linkCode=osi&th=1&psc=1">View Product</a></div><div class="product"><a href="https://www.amazon.com/dp/B0B52KG7YP?tag=eloabder-20&linkCode=osi&th=1&psc=1"><img src="https://m.media-amazon.com/images/I/31Mi4FEPxYL._SL500_.jpg" alt="Product Image"></a><p>e.l.f. Instant Lift Brow Pencil, Dual-Ended Precision Brow Pencils For Shaping & Defining Eyebrows, Vegan & Cruelty-Free, Neutral Brown, 2-Pack</p><p>$5.00</p><a href="https://www.amazon.com/dp/B0B52KG7YP?tag=eloabder-20&linkCode=osi&th=1&psc=1">View Product</a></div><div class="product"><a href="https://www.amazon.com/dp/B078KB7L4G?tag=eloabder-20&linkCode=osi&th=1&psc=1"><img src="https://m.media-amazon.com/images/I/31QF5SK3tzL._SL500_.jpg" alt="Product Image"></a><p>wet n wild Ultimate Eyebrow Retractable Definer Pencil, Medium Brown, Dual-Sided Brow Brush, Fine Tip, Shapes, Defines, Fills Brow Makeup</p><p>$2.74</p><a href="https://www.amazon.com/dp/B078KB7L4G?tag=eloabder-20&linkCode=osi&th=1&psc=1">View Product</a></div><div class="product"><a href="https://www.amazon.com/dp/B074VD4X7W?tag=eloabder-20&linkCode=osi&th=1&psc=1"><img src="https://m.media-amazon.com/images/I/41eK8J1W2rL._SL500_.jpg" alt="Product Image"></a><p>Maybelline Total Temptation Eyebrow Definer Pencil, Soft Brown, 1 Count</p><p>$8.99</p><a href="https://www.amazon.com/dp/B074VD4X7W?tag=eloabder-20&linkCode=osi&th=1&psc=1">View Product</a></div><div class="product"><a href="https://www.amazon.com/dp/B001ESKLZQ?tag=eloabder-20&linkCode=osi&th=1&psc=1"><img src="https://m.media-amazon.com/images/I/31bw47frHzS._SL500_.jpg" alt="Product Image"></a><p>COVERGIRL - Easy Breezy Brow Fill + Define Brow Pencil, Sharpener Included, Long-Lasting, Deeply Pigmented, Blendable Formula, 100% Cruelty-Free</p><p>$4.47</p><a href="https://www.amazon.com/dp/B001ESKLZQ?tag=eloabder-20&linkCode=osi&th=1&psc=1">View Product</a></div><div class="product"><a href="https://www.amazon.com/dp/B0D12PWNK6?tag=eloabder-20&linkCode=osi&th=1&psc=1"><img src="https://m.media-amazon.com/images/I/51u7eOlEtFL._SL500_.jpg" alt="Product Image"></a><p>iMethod Microblading Eyebrow Pen - Eyebrow Pencil Magical 2-in-1 Dual-Ended Eye Brow Pencils for Women with 4-Fork-Tip & Precise Brush-Tip Create Natural Hair-Like Brows, Last All-Day, Dark Brown</p><p>$14.97 ($14.97 / Count)</p><a href="https://www.amazon.com/dp/B0D12PWNK6?tag=eloabder-20&linkCode=osi&th=1&psc=1">View Product</a></div><div class="product"><a href="https://www.amazon.com/dp/B0CPFY8K8W?tag=eloabder-20&linkCode=osi&th=1&psc=1"><img src="https://m.media-amazon.com/images/I/21SmXiqZZYL._SL500_.jpg" alt="Product Image"></a><p>e.l.f. Instant Lift Waterproof Brow Pencil, Long-Lasting Eyebrow Pencil For Grooming & Shaping Brows, Vegan & Cruelty-free, Deep Brown</p><p>$4.00</p><a href="https://www.amazon.com/dp/B0CPFY8K8W?tag=eloabder-20&linkCode=osi&th=1&psc=1">View Product</a></div>
<div class="product"><a href="https://www.amazon.com/dp/B079B8BFR3?tag=eloabder-20&linkCode=osi&th=1&psc=1"><img src="https://m.media-amazon.com/images/I/41DSmndr3KL._SL500_.jpg" alt="Product Image"></a><p>KISS Looks So Natural, False Eyelashes, Shy', 12 mm, Includes 5 Pairs Of Lashes, Contact Lens Friendly, Easy to Apply, Reusable Strip Lashes, Glue On</p><p>$7.09</p><a href="https://www.amazon.com/dp/B079B8BFR3?tag=eloabder-20&linkCode=osi&th=1&psc=1">View Product</a></div><div class="product"><a href="https://www.amazon.com/dp/B09MQCDVM7?tag=eloabder-20&linkCode=osi&th=1&psc=1"><img src="https://m.media-amazon.com/images/I/510lQqrrVtL._SL500_.jpg" alt="Product Image"></a><p>False Eyelashes 14mm Faux 3D Mink Lashes Natural Look Fluffy Cat Eye Wispy Lashes Pack by Kiromiro, 14 Pairs</p><p>$8.89</p><a href="https://www.amazon.com/dp/B09MQCDVM7?tag=eloabder-20&linkCode=osi&th=1&psc=1">View Product</a></div><div class="product"><a href="https://www.amazon.com/dp/B00DS4EIEE?tag=eloabder-20&linkCode=osi&th=1&psc=1"><img src="https://m.media-amazon.com/images/I/415k4JSKxOL._SL500_.jpg" alt="Product Image"></a><p>KISS So Wispy, False Eyelashes, Style #11', 12 mm, Includes 5 Pairs Of Lashes, Contact Lens Friendly, Easy to Apply, Reusable Strip Lashes, Glue On, Mulitpack</p><p>$8.97 ($1.79 / Count)</p><a href="https://www.amazon.com/dp/B00DS4EIEE?tag=eloabder-20&linkCode=osi&th=1&psc=1">View Product</a></div><div class="product"><a href="https://www.amazon.com/dp/B0C5QK1QHP?tag=eloabder-20&linkCode=osi&th=1&psc=1"><img src="https://m.media-amazon.com/images/I/51eSQ4cj35L._SL500_.jpg" alt="Product Image"></a><p>Veleasha Lashes 5D Faux Mink Lashes 100% Handmade Luxurious Fake Eyelashes Lightweight Fluffy False Eyelashes 5 Pairs Pack (G2)</p><p>$6.98 ($1.40 / Count)</p><a href="https://www.amazon.com/dp/B0C5QK1QHP?tag=eloabder-20&linkCode=osi&th=1&psc=1">View Product</a></div><div class="product"><a href="https://www.amazon.com/dp/B0B1LRRTCH?tag=eloabder-20&linkCode=osi&th=1&psc=1"><img src="https://m.media-amazon.com/images/I/41gc2Df+nAL._SL500_.jpg" alt="Product Image"></a><p>GMAGICTOBO False Eyelashes Natural Half Lashes Short Wispy Clear Band Lashes Pack Cat Eye 3D Faux Mink Lashes Fake Eyelashes 7 Pairs Multipack</p><p>$8.59 ($1.23 / Count)</p><a href="https://www.amazon.com/dp/B0B1LRRTCH?tag=eloabder-20&linkCode=osi&th=1&psc=1">View Product</a></div><div class="product"><a href="https://www.amazon.com/dp/B08R6PR7ND?tag=eloabder-20&linkCode=osi&th=1&psc=1"><img src="https://m.media-amazon.com/images/I/41r4c3ZiCWL._SL500_.jpg" alt="Product Image"></a><p>KISS My Lash But Better, False Eyelashes, All Mine', 10 mm, Includes 1 Pair Of Lashes, Contact Lens Friendly, Easy to Apply, Reusable Strip Lashes, Glue-On</p><p>$3.97</p><a href="https://www.amazon.com/dp/B08R6PR7ND?tag=eloabder-20&linkCode=osi&th=1&psc=1">View Product</a></div><div class="product"><a href="https://www.amazon.com/dp/B0BX3YHN14?tag=eloabder-20&linkCode=osi&th=1&psc=1"><img src="https://m.media-amazon.com/images/I/51YYa1vTElL._SL500_.jpg" alt="Product Image"></a><p>KISS imPRESS Falsies False Eyelashes, Lash Clusters, Voluminous', 14 mm, Includes 20 Clusters, 1 applicator, Contact Lens Friendly, Easy to Apply, Reusable Strip Lashes</p><p>$12.72</p><a href="https://www.amazon.com/dp/B0BX3YHN14?tag=eloabder-20&linkCode=osi&th=1&psc=1">View Product</a></div><div class="product"><a href="https://www.amazon.com/dp/B00YYHHI1E?tag=eloabder-20&linkCode=osi&th=1&psc=1"><img src="https://m.media-amazon.com/images/I/419bv9iNI9L._SL500_.jpg" alt="Product Image"></a><p>Ardell False Eyelashes Demi Wispies Black, 1 pack (6 pairs per pack)</p><p>$9.74 ($1.95 / Count)</p><a href="https://www.amazon.com/dp/B00YYHHI1E?tag=eloabder-20&linkCode=osi&th=1&psc=1">View Product</a></div><div class="product"><a href="https://www.amazon.com/dp/B0CG5SY8J1?tag=eloabder-20&linkCode=osi&th=1&psc=1"><img src="https://m.media-amazon.com/images/I/41SWlZB3plL._SL500_.jpg" alt="Product Image"></a><p>Natural Lashes Natural Eyelashes Short Eyelashes Natural Look False Eyelashes Wispy Eye Lashes 10mm Small Lashes Fake Lashes K50</p><p>$7.93 ($1.13 / Count)</p><a href="https://www.amazon.com/dp/B0CG5SY8J1?tag=eloabder-20&linkCode=osi&th=1&psc=1">View Product</a></div><div class="product"><a href="https://www.amazon.com/dp/B08SPVMDTV?tag=eloabder-20&linkCode=osi&th=1&psc=1"><img src="https://m.media-amazon.com/images/I/41Q6wh0HacL._SL500_.jpg" alt="Product Image"></a><p>KISS Falscara Multipack False Eyelashes, Lash Clusters, Natural Wispy Wisps', 10mm-12mm-14mm, Includes 24 Assorted Lengths Wisps, Contact Lens Friendly, Easy to Apply, Reusable Strip Lashes</p><p>$6.47 ($0.27 / Count)</p><a href="https://www.amazon.com/dp/B08SPVMDTV?tag=eloabder-20&linkCode=osi&th=1&psc=1">View Product</a></div>
<div class="product"><a href="https://www.amazon.com/dp/B08ZYKFNLK?tag=eloabder-20&linkCode=osi&th=1&psc=1"><img src="https://m.media-amazon.com/images/I/41LSyt4W-HL._SL500_.jpg" alt="Product Image"></a><p>Makeup Sponge Set BS-MALL Blender Sponges 7 Pcs for Liquid, Cream, and Powder, Multi-colored with 1 Mini Makeup Sponge Pink (A-Pink）</p><p>$6.99 ($1.00 / Count)</p><a href="https://www.amazon.com/dp/B08ZYKFNLK?tag=eloabder-20&linkCode=osi&th=1&psc=1">View Product</a></div><div class="product"><a href="https://www.amazon.com/dp/B01F36JEXE?tag=eloabder-20&linkCode=osi&th=1&psc=1"><img src="https://m.media-amazon.com/images/I/41AHaVc97tL._SL500_.jpg" alt="Product Image"></a><p>BEAKEY Makeup Sponge 5 Pcs Set, Makeup Sponges for Foundation, Liquid, Cream and Powder. Latex-Free Boun Boun Beauty Sponge for Blending, Blender for Enhanced Make Up Application, Ideal Gift</p><p>$6.99 ($1.40 / Count)</p><a href="https://www.amazon.com/dp/B01F36JEXE?tag=eloabder-20&linkCode=osi&th=1&psc=1">View Product</a></div><div class="product"><a href="https://www.amazon.com/dp/B07VBNQ367?tag=eloabder-20&linkCode=osi&th=1&psc=1"><img src="https://m.media-amazon.com/images/I/41tK1+FK+ML._SL500_.jpg" alt="Product Image"></a><p>Beautyblender® | Original Pink Beauty Blender Makeup Sponge, Super-Soft Foam Easily Blends Foundations, Powders & Creams, Made in USA, Reusable, Washable, Streak Free Application, Vegan, Cruelty Free</p><p>$20.00</p><a href="https://www.amazon.com/dp/B07VBNQ367?tag=eloabder-20&linkCode=osi&th=1&psc=1">View Product</a></div><div class="product"><a href="https://www.amazon.com/dp/B013XJUWC0?tag=eloabder-20&linkCode=osi&th=1&psc=1"><img src="https://m.media-amazon.com/images/I/519iY4n1lHL._SL500_.jpg" alt="Product Image"></a><p>Aesthetica Cosmetics Beauty Sponge Blender - Latex Free and Vegan Makeup Sponge Blender - For Powder, Cream or Liquid Application - One Piece Make Up Sponge</p><p>$3.97</p><a href="https://www.amazon.com/dp/B013XJUWC0?tag=eloabder-20&linkCode=osi&th=1&psc=1">View Product</a></div><div class="product"><a href="https://www.amazon.com/dp/B08T79281H?tag=eloabder-20&linkCode=osi&th=1&psc=1"><img src="https://m.media-amazon.com/images/I/41OyxvePdBL._SL500_.jpg" alt="Product Image"></a><p>DUAIU 4 Pcs Makeup Sponge Set Beauty Sponge Foundation Blending Sponge, Flawless for Liquid, Cream, and Powder, Multi-colored Makeup Sponges with Storage Box</p><p>$4.99 ($1.25 / Count)</p><a href="https://www.amazon.com/dp/B08T79281H?tag=eloabder-20&linkCode=osi&th=1&psc=1">View Product</a></div><div class="product"><a href="https://www.amazon.com/dp/B00EUBPHR6?tag=eloabder-20&linkCode=osi&th=1&psc=1"><img src="https://m.media-amazon.com/images/I/31BZh7Bg7hL._SL500_.jpg" alt="Product Image"></a><p>Real Techniques Miracle Complexion Sponge, Makeup Blending Sponge, For Liquid & Cream Foundation, Offers Light To Medium Coverage, Natural, Dewy Makeup, Orange Sponge, Latex-Free Foam, 1 Count</p><p>$4.57</p><a href="https://www.amazon.com/dp/B00EUBPHR6?tag=eloabder-20&linkCode=osi&th=1&psc=1">View Product</a></div><div class="product"><a href="https://www.amazon.com/dp/B0CL2FKVH2?tag=eloabder-20&linkCode=osi&th=1&psc=1"><img src="https://m.media-amazon.com/images/I/41u81y8DJoL._SL500_.jpg" alt="Product Image"></a><p>14 Pcs Makeup Sponge Set,Beauty Sponges Blender with 4 Pcs Powder Puff and 4 Pcs Mini Make up Sponges Valentine's Day Gift,Mother's Day Gift for Women Liquid,Foundation,Powder,Concealer,Cream(Pink)</p><p>$8.99 ($0.64 / Count)</p><a href="https://www.amazon.com/dp/B0CL2FKVH2?tag=eloabder-20&linkCode=osi&th=1&psc=1">View Product</a></div><div class="product"><a href="https://www.amazon.com/dp/B0CTX1X4F1?tag=eloabder-20&linkCode=osi&th=1&psc=1"><img src="https://m.media-amazon.com/images/I/31dP1yTUmWL._SL500_.jpg" alt="Product Image"></a><p>GFOUNS 15 pcs Beauty blender Makeup Sponge Bulk:Blender Sponges 15 Pcs for Liquid, Cream, and Powder, Multi-colored Pink make up sponges for foundation</p><p>$5.99</p><a href="https://www.amazon.com/dp/B0CTX1X4F1?tag=eloabder-20&linkCode=osi&th=1&psc=1">View Product</a></div>
<div class="product"><a href="https://www.amazon.com/dp/B010CRFSTI?tag=eloabder-20&linkCode=osi&th=1&psc=1"><img src="https://m.media-amazon.com/images/I/41JQ+znx4gL._SL500_.jpg" alt="Product Image"></a><p>Conair Salon Results Hairbrush Set - Travel Hair Brush - Hairbrushes for All Hair Types - Travel size + Full-size Brush</p><p>$5.88 ($2.94 / Count)</p><a href="https://www.amazon.com/dp/B010CRFSTI?tag=eloabder-20&linkCode=osi&th=1&psc=1">View Product</a></div><div class="product"><a href="https://www.amazon.com/dp/B094DK6JNF?tag=eloabder-20&linkCode=osi&th=1&psc=1"><img src="https://m.media-amazon.com/images/I/31dF+T3k3nL._SL500_.jpg" alt="Product Image"></a><p>Wet Brush Original Detangler Hair Brush, Amazon Exclusive Aqua- Ultra-Soft IntelliFlex Bristles-Detangling Hairbrush Glides Through Tangles For All Hair Types (Wet Dry & Damaged Hair) - Women & Men</p><p>$8.99</p><a href="https://www.amazon.com/dp/B094DK6JNF?tag=eloabder-20&linkCode=osi&th=1&psc=1">View Product</a></div>

<div class="product"><a href="https://www.amazon.com/dp/B07KSQZ4MR?tag=eloabder-20&linkCode=osi&th=1&psc=1"><img src="https://m.media-amazon.com/images/I/31A-mCllrgL._SL500_.jpg" alt="Product Image"></a><p>Hot Tools Pro Artist Black Gold Evolve Ionic Salon Hair Flat Iron | Long-Lasting Finish for Straightening Hair, (1-1/4 in), HT7123BG</p><p>$61.50</p><a href="https://www.amazon.com/dp/B07KSQZ4MR?tag=eloabder-20&linkCode=osi&th=1&psc=1">View Product</a></div>
<div class="product"><a href="https://www.amazon.com/dp/B0027SU9JU?tag=eloabder-20&linkCode=osi&th=1&psc=1"><img src="https://m.media-amazon.com/images/I/31rfzenB9mL._SL500_.jpg" alt="Product Image"></a><p>REVLON Turbo Hair Dryer with Advanced Ionic Technology, Ceramic Coating | Turbo Heat and Cold Shot Features, 1875 Watts for Fast Drying and Shine (Silver)</p><p>$19.99</p><a href="https://www.amazon.com/dp/B0027SU9JU?tag=eloabder-20&linkCode=osi&th=1&psc=1">View Product</a></div>

<div class="product"><a href="https://www.amazon.com/dp/B07PBXXNCY?tag=eloabder-20&linkCode=osi&th=1&psc=1"><img src="https://m.media-amazon.com/images/I/31OVxUr+bUL._SL500_.jpg" alt="Product Image"></a><p>Clean Skin Club Clean Towels XL™, 100% USDA Biobased Face Towel, Disposable Face Towelette, Makeup Remover Dry Wipes, Ultra Soft, 50 Ct, 1 Pack</p><p>$17.95 ($0.36 / Count)</p><a href="https://www.amazon.com/dp/B07PBXXNCY?tag=eloabder-20&linkCode=osi&th=1&psc=1">View Product</a></div><div class="product"><a href="https://www.amazon.com/dp/B01LEJ5MSK?tag=eloabder-20&linkCode=osi&th=1&psc=1"><img src="https://m.media-amazon.com/images/I/418xEMrk6LL._SL500_.jpg" alt="Product Image"></a><p>COSRX Snail Mucin 92% Repair Cream, Daily Face Gel Moisturizer for Dry Skin, Acne-prone, Sensitive Skin, Not Tested on Animals, No Parabens, Korean Skincare (3.52 Fl Oz (Pack of 1))</p><p>$13.99 ($3.97 / Fl Oz)</p><a href="https://www.amazon.com/dp/B01LEJ5MSK?tag=eloabder-20&linkCode=osi&th=1&psc=1">View Product</a></div>
<div class="product"><a href="https://www.amazon.com/dp/B076FHJ3K5?tag=eloabder-20&linkCode=osi&th=1&psc=1"><img src="https://m.media-amazon.com/images/I/31QAqxeYpoL._SL500_.jpg" alt="Product Image"></a><p>Marc Anthony Leave-In Conditioner Spray & Detangler, Grow Long Biotin - Anti-Frizz Deep Conditioner For Split Ends & Breakage - Vitamin E, Caffeine & Ginseng for Curly, Dry & Damaged Hair</p><p>$7.67 ($0.91 / Fl Oz)</p><a href="https://www.amazon.com/dp/B076FHJ3K5?tag=eloabder-20&linkCode=osi&th=1&psc=1">View Product</a></div><div class="product"><a href="https://www.amazon.com/dp/B0B941W753?tag=eloabder-20&linkCode=osi&th=1&psc=1"><img src="https://m.media-amazon.com/images/I/3154MYZlHiL._SL500_.jpg" alt="Product Image"></a><p>MONDAY HAIRCARE Volume Shampoo + Conditioner Set (2 Pack) 12oz Each for Thin, Fine, and Oily Hair, Made from Coconut Oil, Ginger Extract, & Vitamin E, 100% Recyclable Bottles</p><p>$13.99 ($0.58 / Fl Oz)</p><a href="https://www.amazon.com/dp/B0B941W753?tag=eloabder-20&linkCode=osi&th=1&psc=1">View Product</a></div><div class="product"><a href="https://www.amazon.com/dp/B0CS29PK2J?tag=eloabder-20&linkCode=osi&th=1&psc=1"><img src="https://m.media-amazon.com/images/I/315FU9SHGsL._SL500_.jpg" alt="Product Image"></a><p>Monday Moisture Leave-in Conditioner 5 Oz</p><p>$5.41 ($1.08 / Fl Oz)</p><a href="https://www.amazon.com/dp/B0CS29PK2J?tag=eloabder-20&linkCode=osi&th=1&psc=1">View Product</a></div><div class="product"><a href="https://www.amazon.com/dp/B0B941XTDZ?tag=eloabder-20&linkCode=osi&th=1&psc=1"><img src="https://m.media-amazon.com/images/I/41eavjiNYyL._SL500_.jpg" alt="Product Image"></a><p>MONDAY HAIRCARE Moisture Shampoo + Conditioner Set for Dry, Coarse, Stressed, Coily & Curly Hair, Made from Coconut Oil, Rice Protein, Shea Butter, & Vitamin E, All-Natural, 12 Fl Oz (Pack of 2)</p><p>$13.99 ($0.58 / Fl Oz)</p><a href="https://www.amazon.com/dp/B0B941XTDZ?tag=eloabder-20&linkCode=osi&th=1&psc=1">View Product</a></div><div class="product"><a href="https://www.amazon.com/dp/B07N7PK9QK?tag=eloabder-20&linkCode=osi&th=1&psc=1"><img src="https://m.media-amazon.com/images/I/416K3ahcJsL._SL500_.jpg" alt="Product Image"></a><p>Mielle Organics Rosemary Mint Scalp & Hair Strengthening Oil for All Hair Types, 2 Ounce</p><p>$9.50 ($4.75 / Fl Oz)</p><a href="https://www.amazon.com/dp/B07N7PK9QK?tag=eloabder-20&linkCode=osi&th=1&psc=1">View Product</a></div><div class="product"><a href="https://www.amazon.com/dp/B005PV0FDG?tag=eloabder-20&linkCode=osi&th=1&psc=1"><img src="https://m.media-amazon.com/images/I/310l+q4ImxL._SL500_.jpg" alt="Product Image"></a><p>It's a 10 Haircare Miracle Leave-In product, 10 fl. oz.</p><p>$27.98 ($2.80 / Fl Oz)</p><a href="https://www.amazon.com/dp/B005PV0FDG?tag=eloabder-20&linkCode=osi&th=1&psc=1">View Product</a></div><div class="product"><a href="https://www.amazon.com/dp/B0C3K3XX95?tag=eloabder-20&linkCode=osi&th=1&psc=1"><img src="https://m.media-amazon.com/images/I/41+CLmIGVIL._SL500_.jpg" alt="Product Image"></a><p>MONDAY HAIRCARE Repair Shampoo and Conditioner Set 12oz for Dry to Damaged Hair, Made with Keratin, Coconut Oil, Shea Butter and Vitamin E</p><p>$13.99 ($0.58 / Fl Oz)</p><a href="https://www.amazon.com/dp/B0C3K3XX95?tag=eloabder-20&linkCode=osi&th=1&psc=1">View Product</a></div>
<div class="product"><a href="https://www.amazon.com/dp/B09F5L7756?tag=eloabder-20&linkCode=osi&th=1&psc=1"><img src="https://m.media-amazon.com/images/I/61qJVRNSjFL._SL500_.jpg" alt="Product Image"></a><p>Vaseline Intensive Care Cocoa Radiant For Glowing Skin 3 Count Body Gel Oil Body Oil Made with 100% Pure Cocoa Butter + Replenishing Oils 6.8oz</p><p>$19.44 ($0.95 / Fl Oz)</p><a href="https://www.amazon.com/dp/B09F5L7756?tag=eloabder-20&linkCode=osi&th=1&psc=1">View Product</a></div><div class="product"><a href="https://www.amazon.com/dp/B08T4FLJQZ?tag=eloabder-20&linkCode=osi&th=1&psc=1"><img src="https://m.media-amazon.com/images/I/317LIpGPZiL._SL500_.jpg" alt="Product Image"></a><p>Dove Scrub Brown Sugar & Coconut Butter For Silky Smooth Skin Body Scrub Exfoliates & Restores Skin's Natural Nutrients 10.5 oz</p><p>$6.97 ($0.66 / Ounce)</p><a href="https://www.amazon.com/dp/B08T4FLJQZ?tag=eloabder-20&linkCode=osi&th=1&psc=1">View Product</a></div><div class="product"><a href="https://www.amazon.com/dp/B0CNKZW8HL?tag=eloabder-20&linkCode=osi&th=1&psc=1"><img src="https://m.media-amazon.com/images/I/61vGHE3wEWL._SL500_.jpg" alt="Product Image"></a><p>Dove Men+Care Body Wash Sandalwood + Cardamom Oil to Rebuild Skin in the Shower with Plant-Based Cleansers and Moisturizers 26 oz</p><p>$9.97 ($0.38 / Fl Oz)</p><a href="https://www.amazon.com/dp/B0CNKZW8HL?tag=eloabder-20&linkCode=osi&th=1&psc=1">View Product</a></div><div class="product"><a href="https://www.amazon.com/dp/B089NCFBQZ?tag=eloabder-20&linkCode=osi&th=1&psc=1"><img src="https://m.media-amazon.com/images/I/41WGBM4YipL._SL500_.jpg" alt="Product Image"></a><p>Vaseline Illuminate Me Shimmering Body Oil Created for Melanin Rich Skin, Illuminates Skin with Finishing Touch of Shimmer for Glowing Skin 3.3 oz</p><p>$8.75 ($2.65 / Fl Oz)</p><a href="https://www.amazon.com/dp/B089NCFBQZ?tag=eloabder-20&linkCode=osi&th=1&psc=1">View Product</a></div><div class="product"><a href="https://www.amazon.com/dp/B0CNL19TQG?tag=eloabder-20&linkCode=osi&th=1&psc=1"><img src="https://m.media-amazon.com/images/I/61kqkkFXOkL._SL500_.jpg" alt="Product Image"></a><p>Dove Men+Care Body Wash Eucalyptus + Cedar Oil to Rebuild Skin in the Shower with Plant-Based Cleansers and Moisturizers 26 oz</p><p>$9.99 ($0.38 / Fl Oz)</p><a href="https://www.amazon.com/dp/B0CNL19TQG?tag=eloabder-20&linkCode=osi&th=1&psc=1">View Product</a></div><div class="product"><a href="https://www.amazon.com/dp/B07HMDGJCJ?tag=eloabder-20&linkCode=osi&th=1&psc=1"><img src="https://m.media-amazon.com/images/I/31TuC5EJeNL._SL500_.jpg" alt="Product Image"></a><p>SOL DE JANEIRO 4 Play Moisturizing Shower Cream Gel Body Wash 90mL</p><p>$10.00 ($3.33 / Fl Oz)</p><a href="https://www.amazon.com/dp/B07HMDGJCJ?tag=eloabder-20&linkCode=osi&th=1&psc=1">View Product</a></div>
<div class="product"><a href="https://www.amazon.com/dp/B00HVI8WYU?tag=eloabder-20&linkCode=osi&th=1&psc=1"><img src="https://m.media-amazon.com/images/I/31educzzSsL._SL500_.jpg" alt="Product Image"></a><p>e.l.f. Hydrating Face Primer, Makeup Primer For Flawless, Smooth Skin & Long-Lasting Makeup, Fills In Pores & Fine Lines, Vegan & Cruelty-free, Small</p><p>$8.00</p><a href="https://www.amazon.com/dp/B00HVI8WYU?tag=eloabder-20&linkCode=osi&th=1&psc=1">View Product</a></div><div class="product"><a href="https://www.amazon.com/dp/B088W7L534?tag=eloabder-20&linkCode=osi&th=1&psc=1"><img src="https://m.media-amazon.com/images/I/31A5rZUAKyL._SL500_.jpg" alt="Product Image"></a><p>e.l.f. Monochromatic Multi Stick, Luxuriously Creamy & Blendable Color, For Eyes, Lips & Cheeks, Dazzling Peony, 0.17 oz (5 g)</p><p>$5.00</p><a href="https://www.amazon.com/dp/B088W7L534?tag=eloabder-20&linkCode=osi&th=1&psc=1">View Product</a></div><div class="product"><a href="https://www.amazon.com/dp/B0CMJZ8G6Y?tag=eloabder-20&linkCode=osi&th=1&psc=1"><img src="https://m.media-amazon.com/images/I/31KdGu0F8vL._SL500_.jpg" alt="Product Image"></a><p>e.l.f. Glow Reviver Lip Oil, Nourishing Tinted Lip Oil For A High-shine Finish, Infused With Jojoba Oil, Vegan & Cruelty-free, Rose Envy</p><p>$8.00</p><a href="https://www.amazon.com/dp/B0CMJZ8G6Y?tag=eloabder-20&linkCode=osi&th=1&psc=1">View Product</a></div><div class="product"><a href="https://www.amazon.com/dp/B08H3JPH74?tag=eloabder-20&linkCode=osi&th=1&psc=1"><img src="https://m.media-amazon.com/images/I/31hf532TEHL._SL500_.jpg" alt="Product Image"></a><p>Maybelline Lash Sensational Sky High Washable Mascara Makeup, Volumizing, Lengthening, Defining, Curling, Multiplying, Buildable Formula, Blackest Black, 1 Count</p><p>$9.98</p><a href="https://www.amazon.com/dp/B08H3JPH74?tag=eloabder-20&linkCode=osi&th=1&psc=1">View Product</a></div>
<div class="product"><a href="https://www.amazon.com/dp/B09C8VNWBP?tag=eloabder-20&linkCode=osi&th=1&psc=1"><img src="https://m.media-amazon.com/images/I/31ObnTRpJ5L._SL500_.jpg" alt="Product Image"></a><p>Lattafa Yara for Women Eau de Parfum Spray, 3.40 Ounce / 100 ml</p><p>$22.77 ($6.70 / Fl Oz)</p><a href="https://www.amazon.com/dp/B09C8VNWBP?tag=eloabder-20&linkCode=osi&th=1&psc=1">View Product</a></div><div class="product"><a href="https://www.amazon.com/dp/B000E7WHCI?tag=eloabder-20&linkCode=osi&th=1&psc=1"><img src="https://m.media-amazon.com/images/I/31V1XkKkWXL._SL500_.jpg" alt="Product Image"></a><p>Vera Wang Eau de Parfum for Women - Delicate, Floral Scent - Notes of Iris, Lillies, & Sandalwood - Feminine & Subtle - 3.4 Fl Oz</p><p>$26.47 ($7.79 / Fl Oz)</p><a href="https://www.amazon.com/dp/B000E7WHCI?tag=eloabder-20&linkCode=osi&th=1&psc=1">View Product</a></div><div class="product"><a href="https://www.amazon.com/dp/B0B1HB719V?tag=eloabder-20&linkCode=osi&th=1&psc=1"><img src="https://m.media-amazon.com/images/I/31R9CfuokSL._SL500_.jpg" alt="Product Image"></a><p>Sol de Janeiro Cheirosa '68 Hair & Body Fragrance Mist 90mL/3.0 fl oz.</p><p>$24.00 ($8.00 / Fl Oz)</p><a href="https://www.amazon.com/dp/B0B1HB719V?tag=eloabder-20&linkCode=osi&th=1&psc=1">View Product</a></div><div class="product"><a href="https://www.amazon.com/dp/B01KYRUBT8?tag=eloabder-20&linkCode=osi&th=1&psc=1"><img src="https://m.media-amazon.com/images/I/41BYbHm20iL._SL500_.jpg" alt="Product Image"></a><p>Al-Rehab Choco Musk Eau de Parfum Spray for Women, 1.7 Ounce</p><p>$7.80 ($4.59 / Fl Oz)</p><a href="https://www.amazon.com/dp/B01KYRUBT8?tag=eloabder-20&linkCode=osi&th=1&psc=1">View Product</a></div><div class="product"><a href="https://www.amazon.com/dp/B07NJJZK3W?tag=eloabder-20&linkCode=osi&th=1&psc=1"><img src="https://m.media-amazon.com/images/I/41YNfQAjjLL._SL500_.jpg" alt="Product Image"></a><p>Swiss Arabian Layali Rouge - Luxury Products From Dubai - Lasting And Addictive Personal Perfume Oil Fragrance - A Seductive, Signature Aroma - The Luxurious Scent Of Arabia - 0.5 Oz</p><p>$23.48 ($46.96 / Fl Oz)</p><a href="https://www.amazon.com/dp/B07NJJZK3W?tag=eloabder-20&linkCode=osi&th=1&psc=1">View Product</a></div><div class="product"><a href="https://www.amazon.com/dp/B000JL7WQK?tag=eloabder-20&linkCode=osi&th=1&psc=1"><img src="https://m.media-amazon.com/images/I/41WJsYdkRbL._SL500_.jpg" alt="Product Image"></a><p>Vera Wang Princess Eau de Toilette Spray for Women, Vanilla, 3.4 Fl Ounce</p><p>$25.49 ($7.50 / Fl Oz)</p><a href="https://www.amazon.com/dp/B000JL7WQK?tag=eloabder-20&linkCode=osi&th=1&psc=1">View Product</a></div><div class="product"><a href="https://www.amazon.com/dp/B000C1Z5AW?tag=eloabder-20&linkCode=osi&th=1&psc=1"><img src="https://m.media-amazon.com/images/I/31pCnWTh3yL._SL500_.jpg" alt="Product Image"></a><p>Pleasures By Estee Lauder For Women. Eau De Parfum Spray 3.4 Ounces</p><p>$35.00 ($10.29 / Fl Oz)</p><a href="https://www.amazon.com/dp/B000C1Z5AW?tag=eloabder-20&linkCode=osi&th=1&psc=1">View Product</a></div><div class="product"><a href="https://www.amazon.com/dp/B000P22TIY?tag=eloabder-20&linkCode=osi&th=1&psc=1"><img src="https://m.media-amazon.com/images/I/31h9AoIGn3L._SL500_.jpg" alt="Product Image"></a><p>Nautica Voyage Eau De Toilette for Men - Fresh, Romantic, Fruity Scent Woody, Aquatic Notes of Apple, Water Lotus, Cedarwood, and Musk Ideal Day Wear 3.3 Fl Oz</p><p>$18.90 ($5.73 / Fl Oz)</p><a href="https://www.amazon.com/dp/B000P22TIY?tag=eloabder-20&linkCode=osi&th=1&psc=1">View Product</a></div><div class="product"><a href="https://www.amazon.com/dp/B00GZP041Y?tag=eloabder-20&linkCode=osi&th=1&psc=1"><img src="https://m.media-amazon.com/images/I/41-2Bb4gj+L._SL500_.jpg" alt="Product Image"></a><p>Versace Bright Crystal Absolu Eau de Perfume Spray, 3.0 Ounce</p><p>$52.67 ($17.56 / Fl Oz)</p><a href="https://www.amazon.com/dp/B00GZP041Y?tag=eloabder-20&linkCode=osi&th=1&psc=1">View Product</a></div>





<div class="product"><a href="https://www.amazon.com/dp/B0B2RM68G2?tag=eloabder-20&linkCode=osi&th=1&psc=1"><img src="https://m.media-amazon.com/images/I/41VafG53fjL._SL500_.jpg" alt="Product Image"></a><p>BIODANCE Bio-Collagen Real Deep Mask, Hydrating Overnight Hydrogel Mask, Pore Minimizing, Elasticity Improvement, 34g x4ea</p><p>$19.00 ($4.75 / Count)</p><a href="https://www.amazon.com/dp/B0B2RM68G2?tag=eloabder-20&linkCode=osi&th=1&psc=1">View Product</a></div><div class="product"><a href="https://www.amazon.com/dp/B00BAM7F8C?tag=eloabder-20&linkCode=osi&th=1&psc=1"><img src="https://m.media-amazon.com/images/I/51jsS9SDHeL._SL500_.jpg" alt="Product Image"></a><p>DERMAL 16 Combo Pack A Collagen Essencce Korean Face Mask - Hydrating & Soothing Facial Mask with Panthenol - Hypoallergenic Self Care Sheet Mask for All Skin Types - Natural Home Spa Treatment Masks</p><p>$11.99</p><a href="https://www.amazon.com/dp/B00BAM7F8C?tag=eloabder-20&linkCode=osi&th=1&psc=1">View Product</a></div><div class="product"><a href="https://www.amazon.com/dp/B07FPJHPX1?tag=eloabder-20&linkCode=osi&th=1&psc=1"><img src="https://m.media-amazon.com/images/I/51uNOnTpxTL._SL500_.jpg" alt="Product Image"></a><p>Celavi Essence Facial Sheet Face Mask Variety Set Classic Authentic Korean Moisturizing Skincare (12-Packs)</p><p>$9.40 ($0.78 / Count)</p><a href="https://www.amazon.com/dp/B07FPJHPX1?tag=eloabder-20&linkCode=osi&th=1&psc=1">View Product</a></div><div class="product"><a href="https://www.amazon.com/dp/B0722LVW3B?tag=eloabder-20&linkCode=osi&th=1&psc=1"><img src="https://m.media-amazon.com/images/I/51Vm0lozSIL._SL500_.jpg" alt="Product Image"></a><p>DERMAL 24 Combo Pack A Collagen Essence Korean Face Mask - Hydrating & Soothing Facial Mask with Panthenol - Hypoallergenic Self Care Sheet Mask for All Skin Types - Natural Home Spa Treatment Mask</p><p>$16.99 ($0.71 / Count)</p><a href="https://www.amazon.com/dp/B0722LVW3B?tag=eloabder-20&linkCode=osi&th=1&psc=1">View Product</a></div><div class="product"><a href="https://www.amazon.com/dp/B0D7LXSSS5?tag=eloabder-20&linkCode=osi&th=1&psc=1"><img src="https://m.media-amazon.com/images/I/41N5HKnGTtL._SL500_.jpg" alt="Product Image"></a><p>SOYUB Collagen Face Mask - Hydrating Overnight Collagen Face Mask Deep Collagen Anti Wrinkle Lifting Mask - Pure Collagen Films for Improve Elasticity Firming And Moisturizing (4pcs/1 Box)</p><p>$13.79 ($3.45 / Count)</p><a href="https://www.amazon.com/dp/B0D7LXSSS5?tag=eloabder-20&linkCode=osi&th=1&psc=1">View Product</a></div><div class="product"><a href="https://www.amazon.com/dp/B007CY2C76?tag=eloabder-20&linkCode=osi&th=1&psc=1"><img src="https://m.media-amazon.com/images/I/31-131ZWvEL._SL500_.jpg" alt="Product Image"></a><p>Freeman Dead Sea Minerals Anti-Stress Clay Facial Mask, Hydrating & Clarifying, Clears Pores, Face Mask With Lavender & Bergamot For Radiant Skin, For All Skin Types, 6 fl. oz./175 mL Tube, 1 Count</p><p>$3.86 ($0.64 / Ounce)</p><a href="https://www.amazon.com/dp/B007CY2C76?tag=eloabder-20&linkCode=osi&th=1&psc=1">View Product</a></div>



<div class="product"><a href="https://www.amazon.com/dp/B0CZXG68J4?tag=eloabder-20&linkCode=osi&th=1&psc=1"><img src="https://m.media-amazon.com/images/I/41Xkis0092L._SL500_.jpg" alt="Product Image"></a><p>CNP Honey Lip Butter (0.5 fl.oz / 15ml) - Propolis Lipcerin™, Hydrating Overnight Manuka Lip Balm & Mask, 12hrs Long-lasting Moisture, Gentle Exfoliation, Hygienic Twist Dispenser, Korean Skin Care</p><p>$17.80 ($35.60 / Fl Oz)</p><a href="https://www.amazon.com/dp/B0CZXG68J4?tag=eloabder-20&linkCode=osi&th=1&psc=1">View Product</a></div><div class="product"><a href="https://www.amazon.com/dp/B08GJH4RZV?tag=eloabder-20&linkCode=osi&th=1&psc=1"><img src="https://m.media-amazon.com/images/I/41PXqEpAI1L._SL500_.jpg" alt="Product Image"></a><p>2PCS Lip Mask Overnight, Honey&Sakura Day and Night Repair Sleeping Lip Balm, Fade Lip Lines Bee Balm, Hydrating &Prevention Dry and Crack Lip Scrubs Exfoliator</p><p>$6.49</p><a href="https://www.amazon.com/dp/B08GJH4RZV?tag=eloabder-20&linkCode=osi&th=1&psc=1">View Product</a></div><div class="product"><a href="https://www.amazon.com/dp/B07XXPHQZK?tag=eloabder-20&linkCode=osi&th=1&psc=1"><img src="https://m.media-amazon.com/images/I/31mJBoxFgQL._SL500_.jpg" alt="Product Image"></a><p>LANEIGE Lip Sleeping Mask Berry: Nourish, Hydrate, Vitamin C, Murumuru & Shea Butter, Antioxidants, Flaky, Dry Lips</p><p>$24.00 ($34.29 / Ounce)</p><a href="https://www.amazon.com/dp/B07XXPHQZK?tag=eloabder-20&linkCode=osi&th=1&psc=1">View Product</a></div><div class="product"><a href="https://www.amazon.com/dp/B07Y91BMSK?tag=eloabder-20&linkCode=osi&th=1&psc=1"><img src="https://m.media-amazon.com/images/I/51P5ul4ewsL._SL500_.jpg" alt="Product Image"></a><p>NIVEA Lip Care, Fruity Tinted Lip Balm Variety Pack, Includes Cherry, Strawberry, Blackberry and Watermelon Scents, 0.17 Oz, Pack of 4</p><p>$9.69</p><a href="https://www.amazon.com/dp/B07Y91BMSK?tag=eloabder-20&linkCode=osi&th=1&psc=1">View Product</a></div><div class="product"><a href="https://www.amazon.com/dp/B082JJ4D98?tag=eloabder-20&linkCode=osi&th=1&psc=1"><img src="https://m.media-amazon.com/images/I/41zIrQdHI5L._SL500_.jpg" alt="Product Image"></a><p>NIVEA Smoothness Lip Care, Lip Balm SPF 15, Mineral Oil Free Lip Moisturizer with Shea Butter, Jojoba Oil and Avocado Oil, 0.17 Oz, Pack of 4</p><p>$8.40</p><a href="https://www.amazon.com/dp/B082JJ4D98?tag=eloabder-20&linkCode=osi&th=1&psc=1">View Product</a></div><div class="product"><a href="https://www.amazon.com/dp/B07MBHRYTJ?tag=eloabder-20&linkCode=osi&th=1&psc=1"><img src="https://m.media-amazon.com/images/I/410u8zP2pDL._SL500_.jpg" alt="Product Image"></a><p>Palmer's Coconut Oil Formula Lip Balm Duo, All-Day Moisturization, Lip Balm Easter Basket Stuffers, Hydrates Dry, Cracked Lips (Pack of 2)</p><p>$3.10 ($1.94 / Ounce)</p><a href="https://www.amazon.com/dp/B07MBHRYTJ?tag=eloabder-20&linkCode=osi&th=1&psc=1">View Product</a></div><div class="product"><a href="https://www.amazon.com/dp/B07YG8YVQW?tag=eloabder-20&linkCode=osi&th=1&psc=1"><img src="https://m.media-amazon.com/images/I/41tKxZOfwPL._SL500_.jpg" alt="Product Image"></a><p>NIVEA Moisture Lip Care, Lip Balm Stick with Shea Butter, Jojoba Oil and Avocado Oil, 0.17 Oz, Pack of 4</p><p>$9.98</p><a href="https://www.amazon.com/dp/B07YG8YVQW?tag=eloabder-20&linkCode=osi&th=1&psc=1">View Product</a></div><div class="product"><a href="https://www.amazon.com/dp/B08C8WMPMR?tag=eloabder-20&linkCode=osi&th=1&psc=1"><img src="https://m.media-amazon.com/images/I/410NuIkftlL._SL500_.jpg" alt="Product Image"></a><p>eos Medicated Lip Balm - The Fixer | Lip Care to Repair and Protect Chapped and Dry Lips | Instant Cooling and Pain Relief with Natural Ingredients | 0.35 oz</p><p>$3.97 ($11.34 / Fl Oz)</p><a href="https://www.amazon.com/dp/B08C8WMPMR?tag=eloabder-20&linkCode=osi&th=1&psc=1">View Product</a></div>




<div class="product"><a href="https://www.amazon.com/dp/B002CMLS50?tag=eloabder-20&linkCode=osi&th=1&psc=1"><img src="https://m.media-amazon.com/images/I/314ruNgESmL._SL500_.jpg" alt="Product Image"></a><p>Moroccanoil Hydrating Styling Cream, 10.2 Fl. Oz.</p><p>$36.00 ($3.53 / Fl Oz)</p><a href="https://www.amazon.com/dp/B002CMLS50?tag=eloabder-20&linkCode=osi&th=1&psc=1">View Product</a></div><div class="product"><a href="https://www.amazon.com/dp/B0050N4DLE?tag=eloabder-20&linkCode=osi&th=1&psc=1"><img src="https://m.media-amazon.com/images/I/31-lmMmL35L._SL500_.jpg" alt="Product Image"></a><p>Garnier Fructis Style Pure Clean Styling Gel 6.8 Fl Oz, 1 Count, (Packaging May Vary)</p><p>$4.49 ($0.66 / Fl Oz)</p><a href="https://www.amazon.com/dp/B0050N4DLE?tag=eloabder-20&linkCode=osi&th=1&psc=1">View Product</a></div><div class="product"><a href="https://www.amazon.com/dp/B07KB39L6L?tag=eloabder-20&linkCode=osi&th=1&psc=1"><img src="https://m.media-amazon.com/images/I/51U76BCUc5L._SL500_.jpg" alt="Product Image"></a><p>Hair Dough Styling Clay For Men, Matte Finish Molding Hair Wax Paste Quiff, Strong Hold Without The Shine</p><p>$18.99 ($5.43 / Ounce)</p><a href="https://www.amazon.com/dp/B07KB39L6L?tag=eloabder-20&linkCode=osi&th=1&psc=1">View Product</a></div><div class="product"><a href="https://www.amazon.com/dp/B0914XZT2W?tag=eloabder-20&linkCode=osi&th=1&psc=1"><img src="https://m.media-amazon.com/images/I/417h8kM6cCL._SL500_.jpg" alt="Product Image"></a><p>Samnyte Hair Wax Stick, Wax Stick for Hair Slick Stick, Hair Wax Stick for Women Kids, Hair Gel Stick for Girls Hair Accessories for Women Fly away Hair Tamer, Hair Bun Maker for Kids Styling Cream</p><p>$7.99 ($2.96 / Fl Oz)</p><a href="https://www.amazon.com/dp/B0914XZT2W?tag=eloabder-20&linkCode=osi&th=1&psc=1">View Product</a></div>



<div class="product"><a href="https://www.amazon.com/dp/B00A8S6HM4?tag=eloabder-20&linkCode=osi&th=1&psc=1"><img src="https://m.media-amazon.com/images/I/31tIssP5CQL._SL500_.jpg" alt="Product Image"></a><p>Gold Bond Healing Hand Cream, 3 oz., With Aloe, Moisture That Lasts Through Handwashing</p><p>$3.97 ($1.32 / Ounce)</p><a href="https://www.amazon.com/dp/B00A8S6HM4?tag=eloabder-20&linkCode=osi&th=1&psc=1">View Product</a></div><div class="product"><a href="https://www.amazon.com/dp/B006UEOQ5K?tag=eloabder-20&linkCode=osi&th=1&psc=1"><img src="https://m.media-amazon.com/images/I/316StCvRHcL._SL500_.jpg" alt="Product Image"></a><p>L’Occitane Shea Butter Hand Cream 5.1 Oz: Nourishes Very Dry Hands, Protects Skin, With 20% Organic Shea Butter, Vegan, 1 Sold Every 3 Seconds*</p><p>$27.00</p><a href="https://www.amazon.com/dp/B006UEOQ5K?tag=eloabder-20&linkCode=osi&th=1&psc=1">View Product</a></div><div class="product"><a href="https://www.amazon.com/dp/B00EYOSA9G?tag=eloabder-20&linkCode=osi&th=1&psc=1"><img src="https://m.media-amazon.com/images/I/41bhc+gcG0L._SL500_.jpg" alt="Product Image"></a><p>La Roche-Posay Cicaplast Hand Cream, Instant Relief Moisturizing Dry Hands Shea Butter Lotion for Dry Cracked Hands, Non Greasy, Fragrance Free, 1.69 Fl Oz (Pack of 1)</p><p>$11.99 ($7.05 / Fl Oz)</p><a href="https://www.amazon.com/dp/B00EYOSA9G?tag=eloabder-20&linkCode=osi&th=1&psc=1">View Product</a></div><div class="product"><a href="https://www.amazon.com/dp/B00BN2UF54?tag=eloabder-20&linkCode=osi&th=1&psc=1"><img src="https://m.media-amazon.com/images/I/41JdUlyNn5L._SL500_.jpg" alt="Product Image"></a><p>CeraVe Therapeutic Hand Cream for Dry Cracked Hands With Hyaluronic Acid and Niacinamide | Fragrance Free 3 Ounce</p><p>$10.47 ($3.49 / Ounce)</p><a href="https://www.amazon.com/dp/B00BN2UF54?tag=eloabder-20&linkCode=osi&th=1&psc=1">View Product</a></div><div class="product"><a href="https://www.amazon.com/dp/B09QP658PT?tag=eloabder-20&linkCode=osi&th=1&psc=1"><img src="https://m.media-amazon.com/images/I/31W-klVFPhL._SL500_.jpg" alt="Product Image"></a><p>eos Shea Better Hand Cream - Vanilla Cashmere | Instant Hydration + Lasting Protection | 2.5 oz</p><p>$3.97 ($1.59 / Fl Oz)</p><a href="https://www.amazon.com/dp/B09QP658PT?tag=eloabder-20&linkCode=osi&th=1&psc=1">View Product</a></div><div class="product"><a href="https://www.amazon.com/dp/B00121UVU0?tag=eloabder-20&linkCode=osi&th=1&psc=1"><img src="https://m.media-amazon.com/images/I/41eeed+P5BL._SL500_.jpg" alt="Product Image"></a><p>O'Keeffe's Working Hands Hand Cream for Extremely Dry, Cracked Hands, 3.4 Ounce Jar, (Pack 1)</p><p>$8.48 ($2.49 / Ounce)</p><a href="https://www.amazon.com/dp/B00121UVU0?tag=eloabder-20&linkCode=osi&th=1&psc=1">View Product</a></div><div class="product"><a href="https://www.amazon.com/dp/B0148PKYXU?tag=eloabder-20&linkCode=osi&th=1&psc=1"><img src="https://m.media-amazon.com/images/I/41cwut0DGKL._SL500_.jpg" alt="Product Image"></a><p>O'Keeffe's Working Hands Hand Cream, Relieves and Repairs Extremely Dry Hands, 3 oz Tube, (Pack of 2)</p><p>$15.17 ($2.53 / Ounce)</p><a href="https://www.amazon.com/dp/B0148PKYXU?tag=eloabder-20&linkCode=osi&th=1&psc=1">View Product</a></div><div class="product"><a href="https://www.amazon.com/dp/B08Q1B7DVZ?tag=eloabder-20&linkCode=osi&th=1&psc=1"><img src="https://m.media-amazon.com/images/I/41KbVXj2k4L._SL500_.jpg" alt="Product Image"></a><p>Neutrogena Norwegian Formula Moisturizing Hand Cream Formulated with Glycerin for Dry, Rough Hands, Fragrance-Free Intensive Hand Lotion, 2 oz, Pack of 6</p><p>$32.94 ($2.74 / Ounce)</p><a href="https://www.amazon.com/dp/B08Q1B7DVZ?tag=eloabder-20&linkCode=osi&th=1&psc=1">View Product</a></div><div class="product"><a href="https://www.amazon.com/dp/B017WJ9HHS?tag=eloabder-20&linkCode=osi&th=1&psc=1"><img src="https://m.media-amazon.com/images/I/41m9V-aLjwL._SL500_.jpg" alt="Product Image"></a><p>Vaseline Intensive Care Healthy Hands + Stronger Nails Hand Cream 75Ml - Pack of 2</p><p>$6.00 ($1.20 / Fl Oz)</p><a href="https://www.amazon.com/dp/B017WJ9HHS?tag=eloabder-20&linkCode=osi&th=1&psc=1">View Product</a></div><div class="product"><a href="https://www.amazon.com/dp/B002PK0ROM?tag=eloabder-20&linkCode=osi&th=1&psc=1"><img src="https://m.media-amazon.com/images/I/51ACxQvzcbL._SL500_.jpg" alt="Product Image"></a><p>Burt's Bees Almond & Milk Hand Cream, 2 Oz (Package May Vary)</p><p>$8.84 ($4.42 / Ounce)</p><a href="https://www.amazon.com/dp/B002PK0ROM?tag=eloabder-20&linkCode=osi&th=1&psc=1">View Product</a></div>
<div class="product"><a href="https://www.amazon.com/dp/B08YZ7B2QC?tag=eloabder-20&linkCode=osi&th=1&psc=1"><img src="https://m.media-amazon.com/images/I/51oKaSNnAqL._SL500_.jpg" alt="Product Image"></a><p>Dr. Scholl's Dry, Cracked Skin, Ultra Hydrating Foot Mask, 3 Pairs Moisturizing Socks: Intensely Moisturizes Repairs and Softens Rough Dry Skin with Urea & Essential Oils for Dry Cracked Feet</p><p>$8.97 ($2.99 / Count)</p><a href="https://www.amazon.com/dp/B08YZ7B2QC?tag=eloabder-20&linkCode=osi&th=1&psc=1">View Product</a></div><div class="product"><a href="https://www.amazon.com/dp/B08YZBKZPB?tag=eloabder-20&linkCode=osi&th=1&psc=1"><img src="https://m.media-amazon.com/images/I/41ktbxpRfPL._SL500_.jpg" alt="Product Image"></a><p>Dr. Scholl's Dry, Cracked Foot Repair Ultra-Hydrating Foot Cream Moisturizer, 3.5 oz, Skin Care Foot Lotion with 25% Urea for Dry Cracked Feet, Heals and Moisturizes for Healthy Feet</p><p>$5.89 ($1.68 / Ounce)</p><a href="https://www.amazon.com/dp/B08YZBKZPB?tag=eloabder-20&linkCode=osi&th=1&psc=1">View Product</a></div><div class="product"><a href="https://www.amazon.com/dp/B0081C2I22?tag=eloabder-20&linkCode=osi&th=1&psc=1"><img src="https://m.media-amazon.com/images/I/41f3N9+RSFL._SL500_.jpg" alt="Product Image"></a><p>Palmer's Cocoa Butter Formula Foot Magic Moisturizing Foot Cream for Dry, Cracked Heels, Feet Moisturizer with Peppermint Oil & Vitamin E, 2.1 Ounces</p><p>$4.22 ($2.01 / Ounce)</p><a href="https://www.amazon.com/dp/B0081C2I22?tag=eloabder-20&linkCode=osi&th=1&psc=1">View Product</a></div><div class="product"><a href="https://www.amazon.com/dp/B0859JFWDT?tag=eloabder-20&linkCode=osi&th=1&psc=1"><img src="https://m.media-amazon.com/images/I/51JZjw73KSL._SL500_.jpg" alt="Product Image"></a><p>New York Biology Tea Tree Oil Foot Cream for Dry Cracked Feet, Athletes Foot, Nail Fungus, Jock Itch, Ringworm, Cracked Heels and Itchy Skin - Foot Cream - 8 oz</p><p>$9.99 ($1.25 / Ounce)</p><a href="https://www.amazon.com/dp/B0859JFWDT?tag=eloabder-20&linkCode=osi&th=1&psc=1">View Product</a></div><div class="product"><a href="https://www.amazon.com/dp/B0829DGWD5?tag=eloabder-20&linkCode=osi&th=1&psc=1"><img src="https://m.media-amazon.com/images/I/51T+i65E1rL._SL500_.jpg" alt="Product Image"></a><p>Tea Tree Oil Foot Soak with Epsom Salt - For Toenail Repair, Athletes Foot, Softens Calluses, Soothes Sore & Tired Feet, Nail Discoloration, odor Scent, Spa Pedicure Care - Made in USA 16 oz</p><p>$15.97 ($1.00 / Ounce)</p><a href="https://www.amazon.com/dp/B0829DGWD5?tag=eloabder-20&linkCode=osi&th=1&psc=1">View Product</a></div><div class="product"><a href="https://www.amazon.com/dp/B0B5FFBZ73?tag=eloabder-20&linkCode=osi&th=1&psc=1"><img src="https://m.media-amazon.com/images/I/41sofSvikeL._SL500_.jpg" alt="Product Image"></a><p>Aquaphor Repairing Foot Masks, Moisturizing Socks for Dry Feet, Hydrating Foot Care Treatment with Avocado Oil and Shea Butter, Pack of 6</p><p>$29.94 ($4.99 / Count)</p><a href="https://www.amazon.com/dp/B0B5FFBZ73?tag=eloabder-20&linkCode=osi&th=1&psc=1">View Product</a></div><div class="product"><a href="https://www.amazon.com/dp/B00VPVEVSK?tag=eloabder-20&linkCode=osi&th=1&psc=1"><img src="https://m.media-amazon.com/images/I/51WbGRy3xOL._SL500_.jpg" alt="Product Image"></a><p>Colossal Foot rasp Foot File and Callus Remover. Best Foot Care Pedicure Metal Surface Tool to Remove Hard Skin. Can be Used on Both Wet and Dry feet, High Grade Stainless Steel File</p><p>$9.99 ($9.99 / Count)</p><a href="https://www.amazon.com/dp/B00VPVEVSK?tag=eloabder-20&linkCode=osi&th=1&psc=1">View Product</a></div>

<div class="product"><a href="https://www.amazon.com/dp/B0D3JDYWZ6?tag=eloabder-20&linkCode=osi&th=1&psc=1"><img src="https://m.media-amazon.com/images/I/41c+v1LLXzL._SL500_.jpg" alt="Product Image"></a><p>e.l.f. Soft Glam Foundation, Medium Coverage, Long-Lasting & Buildable Foundation For A Smooth, Satin Finish, Vegan & Cruelty-Free, 31 Medium Neutral</p><p>$7.99</p><a href="https://www.amazon.com/dp/B0D3JDYWZ6?tag=eloabder-20&linkCode=osi&th=1&psc=1">View Product</a></div><div class="product"><a href="https://www.amazon.com/dp/B07DFK238H?tag=eloabder-20&linkCode=osi&th=1&psc=1"><img src="https://m.media-amazon.com/images/I/31mAhNJ+4hL._SL500_.jpg" alt="Product Image"></a><p>e.l.f. Flawless Finish Foundation, Lightweight & Medium Coverage, Semi-Matte Finish, Light Ivory, 0.68 Fl Oz (20mL)</p><p>$6.00</p><a href="https://www.amazon.com/dp/B07DFK238H?tag=eloabder-20&linkCode=osi&th=1&psc=1">View Product</a></div><div class="product"><a href="https://www.amazon.com/dp/B0BCH5WVW6?tag=eloabder-20&linkCode=osi&th=1&psc=1"><img src="https://m.media-amazon.com/images/I/31wajekqpGL._SL500_.jpg" alt="Product Image"></a><p>L'Oreal Paris True Match Super-Blendable Foundation, Medium Coverage Liquid Foundation Makeup, N4, Light Medium, 1 Fl Oz</p><p>$9.97</p><a href="https://www.amazon.com/dp/B0BCH5WVW6?tag=eloabder-20&linkCode=osi&th=1&psc=1">View Product</a></div><div class="product"><a href="https://www.amazon.com/dp/B01CC0GUD6?tag=eloabder-20&linkCode=osi&th=1&psc=1"><img src="https://m.media-amazon.com/images/I/310NgUccokL._SL500_.jpg" alt="Product Image"></a><p>Milani Conceal + Perfect Liquid Foundation - Light Beige, 1 Fl. Oz. Cruelty-Free, Water-Resistant, Oil-Free, Medium-To-Full Coverage, Satin Matte Finish</p><p>$10.97</p><a href="https://www.amazon.com/dp/B01CC0GUD6?tag=eloabder-20&linkCode=osi&th=1&psc=1">View Product</a></div><div class="product"><a href="https://www.amazon.com/dp/B091D8BXSQ?tag=eloabder-20&linkCode=osi&th=1&psc=1"><img src="https://m.media-amazon.com/images/I/31ktknDTqTL._SL500_.jpg" alt="Product Image"></a><p>L'Oreal Paris True Match Nude Hyaluronic Tinted Serum Foundation with 1% Hyaluronic acid, Light 2-3, 1 fl. oz.</p><p>$15.18</p><a href="https://www.amazon.com/dp/B091D8BXSQ?tag=eloabder-20&linkCode=osi&th=1&psc=1">View Product</a></div>

<div class="product"><a href="https://www.amazon.com/dp/B08GSTPT8Y?tag=eloabder-20&linkCode=osi&th=1&psc=1"><img src="https://m.media-amazon.com/images/I/41sX+hKcbML._SL500_.jpg" alt="Product Image"></a><p>AOA Studio Collection makeup Sponge Set Latex Free and High-definition Set of 6 makeup Wonder blender For Powder Cream and Liquid, Super Soft Wonder Beauty Cosmetic</p><p>$9.95 ($1.66 / Count)</p><a href="https://www.amazon.com/dp/B08GSTPT8Y?tag=eloabder-20&linkCode=osi&th=1&psc=1">View Product</a></div><div class="product"><a href="https://www.amazon.com/dp/B0CJFFR574?tag=eloabder-20&linkCode=osi&th=1&psc=1"><img src="https://m.media-amazon.com/images/I/41nkQ05yLcL._SL500_.jpg" alt="Product Image"></a><p>SUNGBOON EDITOR Deep Collagen Overnight Mask 37gx4ea | The real collagen 2,160,000ppb | Facial Hydrogel Masks with low molecular weight collagen for elasticity, firming, and moisturizing</p><p>$19.00 ($4.75 / Count)</p><a href="https://www.amazon.com/dp/B0CJFFR574?tag=eloabder-20&linkCode=osi&th=1&psc=1">View Product</a></div><div class="product"><a href="https://www.amazon.com/dp/B0B45LL4DD?tag=eloabder-20&linkCode=osi&th=1&psc=1"><img src="https://m.media-amazon.com/images/I/31ZNIWikbtL._SL500_.jpg" alt="Product Image"></a><p>Beauty of Joseon Revive Eye Serum with Retinal Niacinamide Correction for Puffy Eye Bags Fine Lines Dark Circles Wrinkles, Korean Skin Care 30ml, 1 fl.oz</p><p>$14.50 ($14.50 / Fl Oz)</p><a href="https://www.amazon.com/dp/B0B45LL4DD?tag=eloabder-20&linkCode=osi&th=1&psc=1">View Product</a></div><div class="product"><a href="https://www.amazon.com/dp/B0C4H1GPG1?tag=eloabder-20&linkCode=osi&th=1&psc=1"><img src="https://m.media-amazon.com/images/I/41jyzyKyY2L._SL500_.jpg" alt="Product Image"></a><p>BEAKEY Latex Free Blender Makeup Sponge for Blending, Pink Makeup Sponge Set, Soft Beauty Sponge, for Flawless Application of Liquid, Cream, and Powder Cosmetics, Pink Makeup Gifts</p><p>$6.99 ($1.40 / Count)</p><a href="https://www.amazon.com/dp/B0C4H1GPG1?tag=eloabder-20&linkCode=osi&th=1&psc=1">View Product</a></div><div class="product"><a href="https://www.amazon.com/dp/B00QPNVC0I?tag=eloabder-20&linkCode=osi&th=1&psc=1"><img src="https://m.media-amazon.com/images/I/31wV3gYUEpL._SL500_.jpg" alt="Product Image"></a><p>Real Techniques Miracle Complexion Sponge Set Duo, 2 Makeup Sponges For Liquid & Cream Makeup, Makeup Blender Sponge For Buildable Coverage, Foundation Sponge For Natural, Dewy Base, Latex-Free Foam</p><p>$7.69 ($3.84 / Count)</p><a href="https://www.amazon.com/dp/B00QPNVC0I?tag=eloabder-20&linkCode=osi&th=1&psc=1">View Product</a></div><div class="product"><a href="https://www.amazon.com/dp/B0CZYJYX4Q?tag=eloabder-20&linkCode=osi&th=1&psc=1"><img src="https://m.media-amazon.com/images/I/31hNatkE-9L._SL500_.jpg" alt="Product Image"></a><p>LANEIGE Lip Glowy Balm Mango: Hydrate, Glossy, Lightweight, Moisturize & Tint with Shea Butter</p><p>$19.00 ($54.29 / Ounce)</p><a href="https://www.amazon.com/dp/B0CZYJYX4Q?tag=eloabder-20&linkCode=osi&th=1&psc=1">View Product</a></div><div class="product"><a href="https://www.amazon.com/dp/B0CXQR14J3?tag=eloabder-20&linkCode=osi&th=1&psc=1"><img src="https://m.media-amazon.com/images/I/31RRaB6c+JL._SL500_.jpg" alt="Product Image"></a><p>e.l.f. Power Grip Dewy Setting Spray, Ultra Fine Mist Made With Hyaluronic Acid, Grips Makeup For A Hydrated, Dewy Finish, Vegan & Cruelty-Free</p><p>$10.00 ($3.70 / Fl Oz)</p><a href="https://www.amazon.com/dp/B0CXQR14J3?tag=eloabder-20&linkCode=osi&th=1&psc=1">View Product</a></div>
<div class="product"><a href="https://www.amazon.com/dp/B0057X7S7I?tag=eloabder-20&linkCode=osi&th=1&psc=1"><img src="https://m.media-amazon.com/images/I/31EGxy1hPjL._SL500_.jpg" alt="Product Image"></a><p>Rimmel Stay Glossy Lip Gloss - Non-Sticky and Lightweight Formula for Lip Color and Shine - 120 Non-Stop Glamour, .18oz</p><p>$3.97</p><a href="https://www.amazon.com/dp/B0057X7S7I?tag=eloabder-20&linkCode=osi&th=1&psc=1">View Product</a></div><div class="product"><a href="https://www.amazon.com/dp/B07MWTH3BY?tag=eloabder-20&linkCode=osi&th=1&psc=1"><img src="https://m.media-amazon.com/images/I/31xb-X48IBL._SL500_.jpg" alt="Product Image"></a><p>e.l.f. Monochromatic Multi Stick, Luxuriously Creamy & Blendable Color, For Eyes, Lips & Cheeks, Glistening Peach, 0.17 oz (5g)</p><p>$5.00</p><a href="https://www.amazon.com/dp/B07MWTH3BY?tag=eloabder-20&linkCode=osi&th=1&psc=1">View Product</a></div><div class="product"><a href="https://www.amazon.com/dp/B0CPFXMMBH?tag=eloabder-20&linkCode=osi&th=1&psc=1"><img src="https://m.media-amazon.com/images/I/21poCyHDdxL._SL500_.jpg" alt="Product Image"></a><p>e.l.f. Instant Lift Waterproof Brow Pencil, Long-Lasting Eyebrow Pencil For Grooming & Shaping Eyebrows, Vegan & Cruelty-free, Taupe</p><p>$3.00</p><a href="https://www.amazon.com/dp/B0CPFXMMBH?tag=eloabder-20&linkCode=osi&th=1&psc=1">View Product</a></div><div class="product"><a href="https://www.amazon.com/dp/B082YQ4QWW?tag=eloabder-20&linkCode=osi&th=1&psc=1"><img src="https://m.media-amazon.com/images/I/31S+aqgvx6L._SL500_.jpg" alt="Product Image"></a><p>wet n wild Mega Last High-Shine Lipstick Lip Color, Infused with Seed Oils For a Nourishing High-Shine, Buildable & Blendable Creamy Color, Cruelty-Free & Vegan - Pinky Ring</p><p>$2.28</p><a href="https://www.amazon.com/dp/B082YQ4QWW?tag=eloabder-20&linkCode=osi&th=1&psc=1">View Product</a></div><div class="product"><a href="https://www.amazon.com/dp/B0BDD7D34M?tag=eloabder-20&linkCode=osi&th=1&psc=1"><img src="https://m.media-amazon.com/images/I/51O5AVRXcUL._SL500_.jpg" alt="Product Image"></a><p>Maskiss 24k Gold Under Eye Patches (25 Pairs), eye mask, Collagen Skin Care Products, Eye Patches for Puffy Eyes, eye masks for dark circles and puffiness</p><p>$14.99 ($0.60 / Count)</p><a href="https://www.amazon.com/dp/B0BDD7D34M?tag=eloabder-20&linkCode=osi&th=1&psc=1">View Product</a></div><div class="product"><a href="https://www.amazon.com/dp/B004BCXEF6?tag=eloabder-20&linkCode=osi&th=1&psc=1"><img src="https://m.media-amazon.com/images/I/31t3gAw-N7L._SL500_.jpg" alt="Product Image"></a><p>L’Oreal Paris Makeup Voluminous Original Volume Building Waterproof Mascara, Carbon Black, 0.23 Fl Oz</p><p>$8.98</p><a href="https://www.amazon.com/dp/B004BCXEF6?tag=eloabder-20&linkCode=osi&th=1&psc=1">View Product</a></div>
<div class="product"><a href="https://www.amazon.com/dp/B0BSZ23FTF?tag=eloabder-20&linkCode=osi&th=1&psc=1"><img src="https://m.media-amazon.com/images/I/31GRN7P2p8L._SL500_.jpg" alt="Product Image"></a><p>Bubble Skincare Slam Dunk Face Moisturizer - Hydrating Face Cream for Dry Skin Made with Vitamin E + Aloe Vera Juice for a Glowing Complexion - Skin Care with Blue Light Protection (50ml)</p><p>$14.98 ($8.81 / Ounce)</p><a href="https://www.amazon.com/dp/B0BSZ23FTF?tag=eloabder-20&linkCode=osi&th=1&psc=1">View Product</a></div><div class="product"><a href="https://www.amazon.com/dp/B08T7DSZYD?tag=eloabder-20&linkCode=osi&th=1&psc=1"><img src="https://m.media-amazon.com/images/I/41WwUSxcyGL._SL500_.jpg" alt="Product Image"></a><p>e.l.f. SKIN Hydrated Ever After Skincare Mini Kit, Cleanser, Makeup Remover, Moisturiser & Eye Cream For Hydrating Skin, Airplane-Friendly Sizes</p><p>$19.99</p><a href="https://www.amazon.com/dp/B08T7DSZYD?tag=eloabder-20&linkCode=osi&th=1&psc=1">View Product</a></div><div class="product"><a href="https://www.amazon.com/dp/B0BSYX57T2?tag=eloabder-20&linkCode=osi&th=1&psc=1"><img src="https://m.media-amazon.com/images/I/31ssRlEo5QL._SL500_.jpg" alt="Product Image"></a><p>Bubble Skincare Bounce Back Balancing Facial Toner Mist - Hydrating Toner Spray + Pore Minimizer Made with Sea Water and Niacinamide to Help Improve Texture & Radiance (55ml)</p><p>$12.99 ($7.22 / Fl Oz)</p><a href="https://www.amazon.com/dp/B0BSYX57T2?tag=eloabder-20&linkCode=osi&th=1&psc=1">View Product</a></div><div class="product"><a href="https://www.amazon.com/dp/B000VPPUEA?tag=eloabder-20&linkCode=osi&th=1&psc=1"><img src="https://m.media-amazon.com/images/I/31e4JzjWhkL._SL500_.jpg" alt="Product Image"></a><p>Bio-Oil Skincare Body Oil, Vitamin E, Serum for Scars & Stretchmarks, Face & Body Moisturizer, 2 oz, All Skin Types</p><p>$11.12 ($5.56 / Fl Oz)</p><a href="https://www.amazon.com/dp/B000VPPUEA?tag=eloabder-20&linkCode=osi&th=1&psc=1">View Product</a></div><div class="product"><a href="https://www.amazon.com/dp/B0C2JPBNFX?tag=eloabder-20&linkCode=osi&th=1&psc=1"><img src="https://m.media-amazon.com/images/I/51LF1OXoo0L._SL500_.jpg" alt="Product Image"></a><p>Celavi K-Beauty Skincare Essence Facial Face Mask Korea Skin Care Moisturizing B Set 12 Pack</p><p>$9.99 ($0.83 / Count)</p><a href="https://www.amazon.com/dp/B0C2JPBNFX?tag=eloabder-20&linkCode=osi&th=1&psc=1">View Product</a></div><div class="product"><a href="https://www.amazon.com/dp/B0BSYJYQY2?tag=eloabder-20&linkCode=osi&th=1&psc=1"><img src="https://m.media-amazon.com/images/I/31aQkQwjJYL._SL500_.jpg" alt="Product Image"></a><p>Bubble Skincare Level Up Balancing Face Moisturizer - Hydrating Gel Moisturizer Formulated with Zinc PCA + Niacinamide for Improved Texture & Radiance - Skin Care for Oily or Combination Skin (50ml)</p><p>$14.99 ($8.87 / Fl Oz)</p><a href="https://www.amazon.com/dp/B0BSYJYQY2?tag=eloabder-20&linkCode=osi&th=1&psc=1">View Product</a></div><div class="product"><a href="https://www.amazon.com/dp/B0B826XRPH?tag=eloabder-20&linkCode=osi&th=1&psc=1"><img src="https://m.media-amazon.com/images/I/516nsOEA-mL._SL500_.jpg" alt="Product Image"></a><p>AURUZA Ice Face Roller and Gua Sha Set, Ice Roller for Face & Eye Puffiness Relief Beauty Facial Rollers Mold Icing Massage Skin Care Tools for Brighten Lubricate Shrink Pores Remove Fine Lines</p><p>$5.49</p><a href="https://www.amazon.com/dp/B0B826XRPH?tag=eloabder-20&linkCode=osi&th=1&psc=1">View Product</a></div><div class="product"><a href="https://www.amazon.com/dp/B0BS8Y2FLK?tag=eloabder-20&linkCode=osi&th=1&psc=1"><img src="https://m.media-amazon.com/images/I/41CX-bGjaRL._SL500_.jpg" alt="Product Image"></a><p>PEAUAMIE Under Eye Patches (30 Pairs) Gold Eye Mask and Hyaluronic Acid Eye Patches for puffy eyes,Rose Eye Masks for Dark Circles and Puffiness under eye skin care Smooth Wrinkles products</p><p>$9.99 ($0.33 / Count)</p><a href="https://www.amazon.com/dp/B0BS8Y2FLK?tag=eloabder-20&linkCode=osi&th=1&psc=1">View Product</a></div><div class="product"><a href="https://www.amazon.com/dp/B09NXS395V?tag=eloabder-20&linkCode=osi&th=1&psc=1"><img src="https://m.media-amazon.com/images/I/41ZHn0qwWwL._SL500_.jpg" alt="Product Image"></a><p>NAZANO Under Eye Patches - 60 Pcs - 24K Gold Eye Mask- Puffy Eyes & Dark Circles Treatments,Reduce Under Eye Bags and Smooth Wrinkles,Eye Skin Care Pads With Collagen,Hyaluronic Acid & Castor Oil</p><p>$8.99 ($0.30 / Count)</p><a href="https://www.amazon.com/dp/B09NXS395V?tag=eloabder-20&linkCode=osi&th=1&psc=1">View Product</a></div>
<div class="product"><a href="https://www.amazon.com/dp/B01N9SPQHQ?tag=eloabder-20&linkCode=osi&th=1&psc=1"><img src="https://m.media-amazon.com/images/I/41NHgWAaYAL._SL500_.jpg" alt="Product Image"></a><p>La Roche-Posay Toleriane Double Repair Face Moisturizer, Daily Moisturizer Face Cream with Ceramide and Niacinamide for All Skin Types, Oil Free, Fragrance Free</p><p>$23.99 ($7.10 / Fl Oz)</p><a href="https://www.amazon.com/dp/B01N9SPQHQ?tag=eloabder-20&linkCode=osi&th=1&psc=1">View Product</a></div><div class="product"><a href="https://www.amazon.com/dp/B00TTD9BRC?tag=eloabder-20&linkCode=osi&th=1&psc=1"><img src="https://m.media-amazon.com/images/I/41Kc6H7fboL._SL500_.jpg" alt="Product Image"></a><p>CeraVe Moisturizing Cream | Body and Face Moisturizer for Dry Skin | Body Cream with Hyaluronic Acid and Ceramides | Daily Moisturizer | Oil-Free | Fragrance Free | Non-Comedogenic | 19 Ounce</p><p>$17.78 ($0.94 / Ounce)</p><a href="https://www.amazon.com/dp/B00TTD9BRC?tag=eloabder-20&linkCode=osi&th=1&psc=1">View Product</a></div><div class="product"><a href="https://www.amazon.com/dp/B00NR1YQHM?tag=eloabder-20&linkCode=osi&th=1&psc=1"><img src="https://m.media-amazon.com/images/I/41yzZFTW63L._SL500_.jpg" alt="Product Image"></a><p>Neutrogena Hydro Boost Face Moisturizer with Hyaluronic Acid for Dry Skin, Oil-Free and Non-Comedogenic Water Gel Face Lotion, 1.7 oz</p><p>$13.31 ($7.83 / Ounce)</p><a href="https://www.amazon.com/dp/B00NR1YQHM?tag=eloabder-20&linkCode=osi&th=1&psc=1">View Product</a></div><div class="product"><a href="https://www.amazon.com/dp/B00HNSSPHC?tag=eloabder-20&linkCode=osi&th=1&psc=1"><img src="https://m.media-amazon.com/images/I/41rWFzQZdOL._SL500_.jpg" alt="Product Image"></a><p>Neutrogena Triple Age Repair Anti-Aging Daily Facial Moisturizer with SPF 25 Sunscreen & Vitamin C, Firming Anti-Wrinkle Face & Neck Cream for Dark Spots, Glycerin & Shea Butter, 1.7 oz</p><p>$19.56 ($11.51 / Ounce)</p><a href="https://www.amazon.com/dp/B00HNSSPHC?tag=eloabder-20&linkCode=osi&th=1&psc=1">View Product</a></div><div class="product"><a href="https://www.amazon.com/dp/B000YJ2SLG?tag=eloabder-20&linkCode=osi&th=1&psc=1"><img src="https://m.media-amazon.com/images/I/31J9bWXnQ+L._SL500_.jpg" alt="Product Image"></a><p>CeraVe Daily Moisturizing Lotion for Dry Skin | Body Lotion & Face Moisturizer with Hyaluronic Acid and Ceramides | Daily Moisturizer | Fragrance Free | Oil-Free | 12 Ounce</p><p>$13.68 ($1.14 / Fl Oz)</p><a href="https://www.amazon.com/dp/B000YJ2SLG?tag=eloabder-20&linkCode=osi&th=1&psc=1">View Product</a></div><div class="product"><a href="https://www.amazon.com/dp/B099N1LC4R?tag=eloabder-20&linkCode=osi&th=1&psc=1"><img src="https://m.media-amazon.com/images/I/41lZIG8wQNL._SL500_.jpg" alt="Product Image"></a><p>Cetaphil Face & Body Moisturizer, Hydrating Moisturizing Cream For Dry To Very Dry, Sensitive Skin, NEW 20 Oz, Fragrance Free, Non-Comedogenic, Non-Greasy (Packaging May Vary)</p><p>$15.97 ($0.80 / Ounce)</p><a href="https://www.amazon.com/dp/B099N1LC4R?tag=eloabder-20&linkCode=osi&th=1&psc=1">View Product</a></div><div class="product"><a href="https://www.amazon.com/dp/B01H20MA62?tag=eloabder-20&linkCode=osi&th=1&psc=1"><img src="https://m.media-amazon.com/images/I/41xuvNUpUML._SL500_.jpg" alt="Product Image"></a><p>Cetaphil Face & Body Moisturizer, Hydrating Moisturizing Cream for Dry to Very Dry, Sensitive Skin, NEW 16 Oz 2 Pack, Fragrance Free, Non-Comedogenic, Non-Greasy</p><p>$19.48 ($0.61 / Ounce)</p><a href="https://www.amazon.com/dp/B01H20MA62?tag=eloabder-20&linkCode=osi&th=1&psc=1">View Product</a></div><div class="product"><a href="https://www.amazon.com/dp/B01NCWV3KM?tag=eloabder-20&linkCode=osi&th=1&psc=1"><img src="https://m.media-amazon.com/images/I/41Q1ESUhSeL._SL500_.jpg" alt="Product Image"></a><p>La Roche-Posay Toleriane Double Repair UV SPF Moisturizer for Face, Daily Facial Moisturizer with Sunscreen SPF 30, Niacinamide and Glycerin, Oil Free, Moisturizing Sun Protection</p><p>$24.99 ($10.00 / Fl Oz)</p><a href="https://www.amazon.com/dp/B01NCWV3KM?tag=eloabder-20&linkCode=osi&th=1&psc=1">View Product</a></div>
<div class="product"><a href="https://www.amazon.com/dp/B07P5TMHD9?tag=eloabder-20&linkCode=osi&th=1&psc=1"><img src="https://m.media-amazon.com/images/I/51xr2lw0Y7L._SL500_.jpg" alt="Product Image"></a><p>Vitamin C Face Serum - Dark Spot Remover Facial Serum, Vit C Serum with Hyaluronic Acid, Ferulic Acid, & Vit E - Anti Aging and Skin Brightening Serum, Pure Vitamin C Serum Skin Care</p><p>$9.98</p><a href="https://www.amazon.com/dp/B07P5TMHD9?tag=eloabder-20&linkCode=osi&th=1&psc=1">View Product</a></div><div class="product"><a href="https://www.amazon.com/dp/B014PGEEO2?tag=eloabder-20&linkCode=osi&th=1&psc=1"><img src="https://m.media-amazon.com/images/I/51v+djIfQGL._SL500_.jpg" alt="Product Image"></a><p>Tree of Life Facial Serum Set for Face, Brightening, Firming, Hydrating, Dry Skin, Dermatologist Tested - Trio Power Skin Care Set, Vitamin C, Retinol and Hyaluronic Acid, 3 count of 1 Fl Oz</p><p>$19.99 ($6.66 / Fl Oz)</p><a href="https://www.amazon.com/dp/B014PGEEO2?tag=eloabder-20&linkCode=osi&th=1&psc=1">View Product</a></div><div class="product"><a href="https://www.amazon.com/dp/B08R994Q1L?tag=eloabder-20&linkCode=osi&th=1&psc=1"><img src="https://m.media-amazon.com/images/I/418KUv8uVkL._SL500_.jpg" alt="Product Image"></a><p>Good Molecules Niacinamide Serum - 10% Niacinamide Balancing B3 Facial Serum for Acne, Tone, Texture - Brightening and Hydrating Skincare for Face</p><p>$6.00</p><a href="https://www.amazon.com/dp/B08R994Q1L?tag=eloabder-20&linkCode=osi&th=1&psc=1">View Product</a></div><div class="product"><a href="https://www.amazon.com/dp/B07VWSN95S?tag=eloabder-20&linkCode=osi&th=1&psc=1"><img src="https://m.media-amazon.com/images/I/411Y0nzh9zL._SL500_.jpg" alt="Product Image"></a><p>CeraVe Retinol Serum for Post-Acne Marks and Skin Texture | Pore Refining, Resurfacing, Brightening Facial Serum with Retinol and Niacinamide | Fragrance Free, Paraben Free & Non-Comedogenic| 1 Oz</p><p>$18.68</p><a href="https://www.amazon.com/dp/B07VWSN95S?tag=eloabder-20&linkCode=osi&th=1&psc=1">View Product</a></div><div class="product"><a href="https://www.amazon.com/dp/B08L8B5JR2?tag=eloabder-20&linkCode=osi&th=1&psc=1"><img src="https://m.media-amazon.com/images/I/51Ee0RzYONL._SL500_.jpg" alt="Product Image"></a><p>Vibriance Super C Serum for Mature Skin, Made in USA, All-In-One Formula Hydrates, Firms, Lifts, Smooths, Targets Age Spots, Wrinkles, Vitamin C Serum; 1 fl oz</p><p>$32.90</p><a href="https://www.amazon.com/dp/B08L8B5JR2?tag=eloabder-20&linkCode=osi&th=1&psc=1">View Product</a></div><div class="product"><a href="https://www.amazon.com/dp/B0CLLV2T1P?tag=eloabder-20&linkCode=osi&th=1&psc=1"><img src="https://m.media-amazon.com/images/I/31ZBa-zgbjL._SL500_.jpg" alt="Product Image"></a><p>Anua 10% Niacinamide+ 4% Tranexamic Acid Serum, Ceramide, Hyaluronic Acid, Vitamin B12 natural color, for Sensitive skin, Korean Glass Skin, Fragrance-Free (30ml /1.01 fl.oz.)</p><p>$19.00 ($18.81 / Fl Oz)</p><a href="https://www.amazon.com/dp/B0CLLV2T1P?tag=eloabder-20&linkCode=osi&th=1&psc=1">View Product</a></div><div class="product"><a href="https://www.amazon.com/dp/B08TM8DLFJ?tag=eloabder-20&linkCode=osi&th=1&psc=1"><img src="https://m.media-amazon.com/images/I/41g0Mg7pRIL._SL500_.jpg" alt="Product Image"></a><p>Good Molecules Hyaluronic Acid Serum - Hydrating, Non-greasy formula to Moisturize, Plump - 1% HA, Anti-aging, Water-Based Skincare for Face</p><p>$6.00 ($6.00 / Fl Oz)</p><a href="https://www.amazon.com/dp/B08TM8DLFJ?tag=eloabder-20&linkCode=osi&th=1&psc=1">View Product</a></div><div class="product"><a href="https://www.amazon.com/dp/B01B5G45R6?tag=eloabder-20&linkCode=osi&th=1&psc=1"><img src="https://m.media-amazon.com/images/I/51JgyVg967L._SL500_.jpg" alt="Product Image"></a><p>artnaturals Anti-Aging-Set with Vitamin-C Retinol and Hyaluronic-Acid - (3 x 1 Fl Oz / 30ml) Serum for Anti Wrinkle and Dark Circle Remover – All Natural and Moisturizing</p><p>$24.95 ($8.32 / Fl Oz)</p><a href="https://www.amazon.com/dp/B01B5G45R6?tag=eloabder-20&linkCode=osi&th=1&psc=1">View Product</a></div><div class="product"><a href="https://www.amazon.com/dp/B086VKZZZY?tag=eloabder-20&linkCode=osi&th=1&psc=1"><img src="https://m.media-amazon.com/images/I/31l7jUL7jOL._SL500_.jpg" alt="Product Image"></a><p>Beauty of Joseon Glow Serum Propolis and Niacinamide Hydrating Facial Soothing Moisturizer for Irritated Uneven Skin Tone, Korean Skin Care 30ml, 1 fl.oz</p><p>$13.60 ($13.47 / Fl Oz)</p><a href="https://www.amazon.com/dp/B086VKZZZY?tag=eloabder-20&linkCode=osi&th=1&psc=1">View Product</a></div>
<div class="product"><a href="https://www.amazon.com/dp/B0CYGT3CR4?tag=eloabder-20&linkCode=osi&th=1&psc=1"><img src="https://m.media-amazon.com/images/I/51LbfzrqiUL._SL500_.jpg" alt="Product Image"></a><p>KONEUK 14 Pack Sheet Face Masks Skincare for All Skin Types, Hydrating Face Masks Suitable for Sensitive Skin, Bulk Facial Mask Set for Women Skin Care, Face Mask Gifts Set for Face Spa</p><p>$8.99 ($0.64 / Count)</p><a href="https://www.amazon.com/dp/B0CYGT3CR4?tag=eloabder-20&linkCode=osi&th=1&psc=1">View Product</a></div><div class="product"><a href="https://www.amazon.com/dp/B01N37AK8V?tag=eloabder-20&linkCode=osi&th=1&psc=1"><img src="https://m.media-amazon.com/images/I/41zyExDkGCL._SL500_.jpg" alt="Product Image"></a><p>Ebanel 10 Pack Collagen Face Mask, Instant Brightening & Hydrating Face Sheet Mask with Aloe Vera, Hyaluronic Acid, Vitamin C and E, Chamomile, Anti Aging Face Mask with Hydrolyzed Collagen, Peptide</p><p>$13.99 ($1.40 / Count)</p><a href="https://www.amazon.com/dp/B01N37AK8V?tag=eloabder-20&linkCode=osi&th=1&psc=1">View Product</a></div><div class="product"><a href="https://www.amazon.com/dp/B07C3NBJ33?tag=eloabder-20&linkCode=osi&th=1&psc=1"><img src="https://m.media-amazon.com/images/I/51DMM9KU+AL._SL500_.jpg" alt="Product Image"></a><p>GLAM UP Premium Facial Sheet Mask 12 Combo (Pack of 12) | Clean Face Masks Skincare, Hydrating Face Masks, Moisturizing, Soothing, Beauty Mask For All Skin Type Variety Beauty Mask Set</p><p>$13.20 ($1.10 / Count)</p><a href="https://www.amazon.com/dp/B07C3NBJ33?tag=eloabder-20&linkCode=osi&th=1&psc=1">View Product</a></div><div class="product"><a href="https://www.amazon.com/dp/B0B5XTMJMJ?tag=eloabder-20&linkCode=osi&th=1&psc=1"><img src="https://m.media-amazon.com/images/I/61voysA0eEL._SL500_.jpg" alt="Product Image"></a><p>Meleell Collagen Sheet Face Masks Skincare Bulk Pack,Hydrating Spa Face Mask For Sensitive Skin,Anti Aging Facial Masks Sets For Women/Teen Girls(40 Combo Pack)</p><p>$25.99 ($0.65 / Count)</p><a href="https://www.amazon.com/dp/B0B5XTMJMJ?tag=eloabder-20&linkCode=osi&th=1&psc=1">View Product</a></div><div class="product"><a href="https://www.amazon.com/dp/B0CR6NHHVL?tag=eloabder-20&linkCode=osi&th=1&psc=1"><img src="https://m.media-amazon.com/images/I/514yWBJNkFL._SL500_.jpg" alt="Product Image"></a><p>Kaely 10 Pack Variety Sheet Masks,Spa Face Masks for Kids Skin Care,Facial Mask Skincare Set Korean,Moisturize,Brighten,Nourish for All Skin Types,Birthday Gifts for Women Men Boys Girls,Set01</p><p>$8.99 ($0.90 / Count)</p><a href="https://www.amazon.com/dp/B0CR6NHHVL?tag=eloabder-20&linkCode=osi&th=1&psc=1">View Product</a></div><div class="product"><a href="https://www.amazon.com/dp/B086V843R8?tag=eloabder-20&linkCode=osi&th=1&psc=1"><img src="https://m.media-amazon.com/images/I/410evC+SQHL._SL500_.jpg" alt="Product Image"></a><p>ANAI RUI Turmeric Clay Mask - Green Tea Clay Mask - Dead Sea Minerals Mud Mask, Spa Facial Mask Set, Face Mask Gift Set 2.5 oz each</p><p>$22.99</p><a href="https://www.amazon.com/dp/B086V843R8?tag=eloabder-20&linkCode=osi&th=1&psc=1">View Product</a></div><div class="product"><a href="https://www.amazon.com/dp/B07JMTMHGS?tag=eloabder-20&linkCode=osi&th=1&psc=1"><img src="https://m.media-amazon.com/images/I/41PeKCZ7NtL._SL500_.jpg" alt="Product Image"></a><p>LAPCOS Aloe Sheet Mask, Daily Face Mask with Cucumber and Aloe Gel to Calm and Moisturize Skin, Korean Beauty Favorite, 5-Pack</p><p>$20.00 ($4.00 / count)</p><a href="https://www.amazon.com/dp/B07JMTMHGS?tag=eloabder-20&linkCode=osi&th=1&psc=1">View Product</a></div><div class="product"><a href="https://www.amazon.com/dp/B0CMQKTJDQ?tag=eloabder-20&linkCode=osi&th=1&psc=1"><img src="https://m.media-amazon.com/images/I/51oosdS4y8L._SL500_.jpg" alt="Product Image"></a><p>VESPRO 100 Pack Collagen Essence Sheet Facial Masks, Bulk Face Masks Skincare, Hydrating Face Masks for All Skin Types, Moisturizing and Soothing, Natural Skin Care Spa Face Mask</p><p>$45.99 ($0.46 / Count)</p><a href="https://www.amazon.com/dp/B0CMQKTJDQ?tag=eloabder-20&linkCode=osi&th=1&psc=1">View Product</a></div><div class="product"><a href="https://www.amazon.com/dp/B0B41LVMJ3?tag=eloabder-20&linkCode=osi&th=1&psc=1"><img src="https://m.media-amazon.com/images/I/51xduFirI6L._SL500_.jpg" alt="Product Image"></a><p>#OOTD Collagen Hydrating Sheet Masks for Face Korean Anti Aging Mask Sheet for Dry Skin & Sensitive Skin, EVE Vegan, Not Tested on Animals, No Parabens, No Sulfates, Hyaluronic Acid, Witch Hazel 10EA</p><p>$18.00 ($1.80 / Count)</p><a href="https://www.amazon.com/dp/B0B41LVMJ3?tag=eloabder-20&linkCode=osi&th=1&psc=1">View Product</a></div>
<div class="product"><a href="https://www.amazon.com/dp/B01N34XW93?tag=eloabder-20&linkCode=osi&th=1&psc=1"><img src="https://m.media-amazon.com/images/I/31OMOTCxlmL._SL500_.jpg" alt="Product Image"></a><p>La Roche-Posay Toleriane Purifying Foaming Facial Cleanser, Oil Free Face Wash for Oily Skin and for Sensitive Skin with Niacinamide, Pore Cleanser Won’t Dry Out Skin, Unscented</p><p>$17.99 ($1.33 / Fl Oz)</p><a href="https://www.amazon.com/dp/B01N34XW93?tag=eloabder-20&linkCode=osi&th=1&psc=1">View Product</a></div><div class="product"><a href="https://www.amazon.com/dp/B01MSSDEPK?tag=eloabder-20&linkCode=osi&th=1&psc=1"><img src="https://m.media-amazon.com/images/I/41YuSwjJUIL._SL500_.jpg" alt="Product Image"></a><p>CeraVe Hydrating Facial Cleanser | Moisturizing Face Wash For Dry Skin | Hyaluronic Acid + Ceramides + Glycerin | Hydrating Cleanser For Normal To Dry Skin | National Eczema Assosiation Certified</p><p>$15.48 ($0.97 / Fl Oz)</p><a href="https://www.amazon.com/dp/B01MSSDEPK?tag=eloabder-20&linkCode=osi&th=1&psc=1">View Product</a></div><div class="product"><a href="https://www.amazon.com/dp/B01N7T7JKJ?tag=eloabder-20&linkCode=osi&th=1&psc=1"><img src="https://m.media-amazon.com/images/I/31VXK3y1KYL._SL500_.jpg" alt="Product Image"></a><p>La Roche-Posay Toleriane Hydrating Gentle Face Cleanser, Daily Facial Cleanser with Niacinamide and Ceramides for Sensitive Skin, Moisturizing Face Wash for Normal to Dry Skin, Fragrance Free</p><p>$17.99 ($1.33 / Fl Oz)</p><a href="https://www.amazon.com/dp/B01N7T7JKJ?tag=eloabder-20&linkCode=osi&th=1&psc=1">View Product</a></div><div class="product"><a href="https://www.amazon.com/dp/B01N1LL62W?tag=eloabder-20&linkCode=osi&th=1&psc=1"><img src="https://m.media-amazon.com/images/I/41kwN8dWWzL._SL500_.jpg" alt="Product Image"></a><p>CeraVe Foaming Facial Cleanser | Daily Face Wash for Oily Skin with Hyaluronic Acid, Ceramides, and Niacinamide| Fragrance Free | 16 Fluid Ounce</p><p>$15.19 ($0.95 / Fl Oz)</p><a href="https://www.amazon.com/dp/B01N1LL62W?tag=eloabder-20&linkCode=osi&th=1&psc=1">View Product</a></div><div class="product"><a href="https://www.amazon.com/dp/B00U1YCRD8?tag=eloabder-20&linkCode=osi&th=1&psc=1"><img src="https://m.media-amazon.com/images/I/31LVb8KvKwL._SL500_.jpg" alt="Product Image"></a><p>CeraVe SA Cleanser | Salicylic Acid Cleanser with Hyaluronic Acid, Niacinamide & Ceramides| BHA Exfoliant for Face | Fragrance Free Non-Comedogenic | 8 Ounce</p><p>$12.37 ($1.55 / Ounce)</p><a href="https://www.amazon.com/dp/B00U1YCRD8?tag=eloabder-20&linkCode=osi&th=1&psc=1">View Product</a></div><div class="product"><a href="https://www.amazon.com/dp/B0BVV8BNYJ?tag=eloabder-20&linkCode=osi&th=1&psc=1"><img src="https://m.media-amazon.com/images/I/31tSZvBReoL._SL500_.jpg" alt="Product Image"></a><p>ANUA Heartleaf Quercetinol Pore Deep Cleansing Foam, Facial Cleanser, for Double Cleansing, BHA, Hyaluronic Acid, Glycerin, Face Wash, Blackhead Remover, Korean Skincare (150ml/5.07 fl.oz.)</p><p>$13.00 ($2.56 / Fl Oz)</p><a href="https://www.amazon.com/dp/B0BVV8BNYJ?tag=eloabder-20&linkCode=osi&th=1&psc=1">View Product</a></div><div class="product"><a href="https://www.amazon.com/dp/B00QY1XZ4W?tag=eloabder-20&linkCode=osi&th=1&psc=1"><img src="https://m.media-amazon.com/images/I/319pG+OQZxL._SL500_.jpg" alt="Product Image"></a><p>Vanicream Gentle Facial Cleanser with Pump Dispenser - 8 fl oz - Formulated Without Common Irritants for Those with Sensitive Skin</p><p>$8.86 ($1.11 / Fl Oz)</p><a href="https://www.amazon.com/dp/B00QY1XZ4W?tag=eloabder-20&linkCode=osi&th=1&psc=1">View Product</a></div><div class="product"><a href="https://www.amazon.com/dp/B016NRXO06?tag=eloabder-20&linkCode=osi&th=1&psc=1"><img src="https://m.media-amazon.com/images/I/31jSFIvh2TS._SL500_.jpg" alt="Product Image"></a><p>COSRX Low pH Good Morning Gel Cleanser, Daily Mild Face Cleanser for Sensitive Skin with BHA & Tea-Tree Oil, PH Balancing, Korean Skincare (5.07fl.oz/150ml)</p><p>$11.49 ($2.27 / Fl Oz)</p><a href="https://www.amazon.com/dp/B016NRXO06?tag=eloabder-20&linkCode=osi&th=1&psc=1">View Product</a></div><div class="product"><a href="https://www.amazon.com/dp/B09Y4HHY1P?tag=eloabder-20&linkCode=osi&th=1&psc=1"><img src="https://m.media-amazon.com/images/I/41Crw80Q3yL._SL500_.jpg" alt="Product Image"></a><p>Cetaphil Face Wash, Daily Facial Cleanser for Sensitive, Combination to Oily Skin, NEW 16 oz, Fragrance Free, Gentle Foaming, Soap Free, Hypoallergenic (Packaging May Vary)</p><p>$11.97 ($0.75 / Fl Oz)</p><a href="https://www.amazon.com/dp/B09Y4HHY1P?tag=eloabder-20&linkCode=osi&th=1&psc=1">View Product</a></div><div class="product"><a href="https://www.amazon.com/dp/B0BN2PX8V3?tag=eloabder-20&linkCode=osi&th=1&psc=1"><img src="https://m.media-amazon.com/images/I/31n4TECLwuL._SL500_.jpg" alt="Product Image"></a><p>ANUA Heartleaf Pore Control Cleansing Oil, Oil Cleanser for Face, Makeup Blackhead Remover, Korean Skin Care 6.76 fl oz(200ml) (original)</p><p>$17.69 ($2.64 / Fl Oz)</p><a href="https://www.amazon.com/dp/B0BN2PX8V3?tag=eloabder-20&linkCode=osi&th=1&psc=1">View Product</a></div>
<div class="product"><a href="https://www.amazon.com/dp/B08CMS8P67?tag=eloabder-20&linkCode=osi&th=1&psc=1"><img src="https://m.media-amazon.com/images/I/31LVyuSsJEL._SL500_.jpg" alt="Product Image"></a><p>Anua Heartleaf 77 Soothing Toner I pH 5.5 Trouble Care, Calming Skin, Refreshing, Hydrating, Purifying, Cruelty Free, Vegan,(250ml / 8.45 fl.oz.)</p><p>$19.69 ($2.33 / Fl Oz)</p><a href="https://www.amazon.com/dp/B08CMS8P67?tag=eloabder-20&linkCode=osi&th=1&psc=1">View Product</a></div><div class="product"><a href="https://www.amazon.com/dp/B09LKXR62L?tag=eloabder-20&linkCode=osi&th=1&psc=1"><img src="https://m.media-amazon.com/images/I/31D6ydy59dL._SL500_.jpg" alt="Product Image"></a><p>CeraVe Hydrating Toner for Face Non-Alcoholic with Hyaluronic Acid, Niacinamide, and Ceramides for Sensitive Dry Skin, Fragrance-Free Non Comedogenic, Full Size, 6.8 Fl Oz</p><p>$9.86 ($1.45 / Ounce)</p><a href="https://www.amazon.com/dp/B09LKXR62L?tag=eloabder-20&linkCode=osi&th=1&psc=1">View Product</a></div><div class="product"><a href="https://www.amazon.com/dp/B0CG1H8YRS?tag=eloabder-20&linkCode=osi&th=1&psc=1"><img src="https://m.media-amazon.com/images/I/31OZES5j9LL._SL500_.jpg" alt="Product Image"></a><p>TIRTIR Milk Skin Rice Toner | Deep Moisturizing, Instant Glow, 2% Niacinamide, Rice Bran Extract, Ceramide, Panthenol, Cruelty-Free, Fungal Acne Friendly, Vegan, 5.07 fl.oz.</p><p>$24.99 ($4.93 / Fl Oz)</p><a href="https://www.amazon.com/dp/B0CG1H8YRS?tag=eloabder-20&linkCode=osi&th=1&psc=1">View Product</a></div><div class="product"><a href="https://www.amazon.com/dp/B007HD570Q?tag=eloabder-20&linkCode=osi&th=1&psc=1"><img src="https://m.media-amazon.com/images/I/31uC8ENEVqL._SL500_.jpg" alt="Product Image"></a><p>Thayers Alcohol-Free, Hydrating Rose Petal Witch Hazel Facial Toner with Aloe Vera Formula, Vegan, Dermatologist Tested and Recommended, 12 Oz</p><p>$10.53 ($0.88 / Fl Oz)</p><a href="https://www.amazon.com/dp/B007HD570Q?tag=eloabder-20&linkCode=osi&th=1&psc=1">View Product</a></div><div class="product"><a href="https://www.amazon.com/dp/B01LZK411L?tag=eloabder-20&linkCode=osi&th=1&psc=1"><img src="https://m.media-amazon.com/images/I/31la+He5vRL._SL500_.jpg" alt="Product Image"></a><p>ACWELL Licorice pH Balancing Korean Toner for Cleansing 5.07 fl.oz. - Alcohol-Free PH5.5 Hydrating Facial Astringent - Skin Clarifying & Hydration Boosting Toner</p><p>$16.00 ($3.14 / Fl Oz)</p><a href="https://www.amazon.com/dp/B01LZK411L?tag=eloabder-20&linkCode=osi&th=1&psc=1">View Product</a></div><div class="product"><a href="https://www.amazon.com/dp/B07BYJF7L7?tag=eloabder-20&linkCode=osi&th=1&psc=1"><img src="https://m.media-amazon.com/images/I/31+G3Xc+J7L._SL500_.jpg" alt="Product Image"></a><p>SOME BY MI AHA BHA PHA 30 Days Miracle Toner - 5.07Oz, 150ml - Made from Tea Tree Water for Sensitive Skin - Mild Exfoliating Daily Face Toner - Skin Wastes, Sebum and Oiliness Care - Korean Skin Care</p><p>$12.00 ($2.37 / Fl Oz)</p><a href="https://www.amazon.com/dp/B07BYJF7L7?tag=eloabder-20&linkCode=osi&th=1&psc=1">View Product</a></div><div class="product"><a href="https://www.amazon.com/dp/B00LO2RO7K?tag=eloabder-20&linkCode=osi&th=1&psc=1"><img src="https://m.media-amazon.com/images/I/31Wb52+KYzL._SL500_.jpg" alt="Product Image"></a><p>La Roche-Posay Effaclar Clarifying Solution Acne Toner with Salicylic Acid and Glycolic Acid, Pore Refining Oily Skin Toner, Gentle Exfoliant to Unclog Pores and Remove Dead Skin Cells</p><p>$16.99 ($2.51 / Fl Oz)</p><a href="https://www.amazon.com/dp/B00LO2RO7K?tag=eloabder-20&linkCode=osi&th=1&psc=1">View Product</a></div><div class="product"><a href="https://www.amazon.com/dp/B008EPPIQ4?tag=eloabder-20&linkCode=osi&th=1&psc=1"><img src="https://m.media-amazon.com/images/I/31-lQL0AkZL._SL500_.jpg" alt="Product Image"></a><p>Paula's Choice Skin Balancing Pore-Reducing Toner for Combination and Oily Skin, Minimizes Large Pores, 6.4 Fluid Ounce Bottle</p><p>$26.00 ($4.06 / Fl Oz)</p><a href="https://www.amazon.com/dp/B008EPPIQ4?tag=eloabder-20&linkCode=osi&th=1&psc=1">View Product</a></div><div class="product"><a href="https://www.amazon.com/dp/B073P6BPF5?tag=eloabder-20&linkCode=osi&th=1&psc=1"><img src="https://m.media-amazon.com/images/I/31hqlVDLizL._SL500_.jpg" alt="Product Image"></a><p>COSRX AHA/BHA Clarifying Treatment Toner, 5.07 fl.oz / 150ml | Exfoliating Facial Spray | Korean Skin Care, Hydrating, Mild Exfoliation, Vegan, Animal Testing Free, Paraben Free</p><p>$10.75 ($2.11 / Fl Oz)</p><a href="https://www.amazon.com/dp/B073P6BPF5?tag=eloabder-20&linkCode=osi&th=1&psc=1">View Product</a></div>
<div class="product"><a href="https://www.amazon.com/dp/B07C5SS6YD?tag=eloabder-20&linkCode=osi&th=1&psc=1"><img src="https://m.media-amazon.com/images/I/31tzIszvgAL._SL500_.jpg" alt="Product Image"></a><p>Paula's Choice Skin Perfecting 2% BHA Liquid Salicylic Acid Exfoliant, Gentle Facial Exfoliator for Blackheads, Large Pores, Wrinkles & Fine Lines, Travel Size, 1 Fluid Ounce</p><p>$14.00</p><a href="https://www.amazon.com/dp/B07C5SS6YD?tag=eloabder-20&linkCode=osi&th=1&psc=1">View Product</a></div><div class="product"><a href="https://www.amazon.com/dp/B07VW3YSWH?tag=eloabder-20&linkCode=osi&th=1&psc=1"><img src="https://m.media-amazon.com/images/I/410j9ZFktHL._SL500_.jpg" alt="Product Image"></a><p>Tree Hut Vitamin C Shea Sugar Scrub, 18 oz, Ultra Hydrating and Exfoliating Scrub for Nourishing Essential Body Care</p><p>$8.94 ($0.50 / Ounce)</p><a href="https://www.amazon.com/dp/B07VW3YSWH?tag=eloabder-20&linkCode=osi&th=1&psc=1">View Product</a></div><div class="product"><a href="https://www.amazon.com/dp/B07NHZP4FW?tag=eloabder-20&linkCode=osi&th=1&psc=1"><img src="https://m.media-amazon.com/images/I/41znKaYV17L._SL500_.jpg" alt="Product Image"></a><p>Seraphic Skincare (Original) Premium Exfoliating Mitt for Body (2pc) – 100% Vegan Viscose Traditional Body Scrub Glove Kessa Korean Washcloth – Body Exfoliator for Self-Tan Removal & Keratosis Pilaris</p><p>$12.99 ($6.50 / Count)</p><a href="https://www.amazon.com/dp/B07NHZP4FW?tag=eloabder-20&linkCode=osi&th=1&psc=1">View Product</a></div><div class="product"><a href="https://www.amazon.com/dp/B001VMJSCW?tag=eloabder-20&linkCode=osi&th=1&psc=1"><img src="https://m.media-amazon.com/images/I/31N7x4-aJAL._SL500_.jpg" alt="Product Image"></a><p>Dermalogica Daily Microfoliant, Face Exfoliator Scrub Powder with Salicylic Acid and Papaya Enzyme, Achieve Brighter, Smoother Skin Daily, 0.45 Oz</p><p>$19.00 ($42.22 / Ounce)</p><a href="https://www.amazon.com/dp/B001VMJSCW?tag=eloabder-20&linkCode=osi&th=1&psc=1">View Product</a></div><div class="product"><a href="https://www.amazon.com/dp/B09Q88TVGJ?tag=eloabder-20&linkCode=osi&th=1&psc=1"><img src="https://m.media-amazon.com/images/I/31jQFJt0t7L._SL500_.jpg" alt="Product Image"></a><p>tingl Face and Body Exfoliator Pads - Anti Aging Acne Treatment with Glycolic Acid, Lactic Acid, and Salicylic Acid - Pore Minimizer, Oil Cleanser, Blackhead Remover and Skin Exfoliator in One</p><p>$38.00 ($38.00 / Count)</p><a href="https://www.amazon.com/dp/B09Q88TVGJ?tag=eloabder-20&linkCode=osi&th=1&psc=1">View Product</a></div><div class="product"><a href="https://www.amazon.com/dp/B0BNWXFH3P?tag=eloabder-20&linkCode=osi&th=1&psc=1"><img src="https://m.media-amazon.com/images/I/51HkdST1FCL._SL500_.jpg" alt="Product Image"></a><p>Dermasuri Deep Exfoliating Glove for Shower - Exfoliating Mitt Body Scrubber - Skin Exfoliator & Dead Skin Remover - Keratosis Pilaris Scrub - Spray Tan Remover - Korean Skincare for Body (2 Pack)</p><p>$19.99 ($10.00 / Count)</p><a href="https://www.amazon.com/dp/B0BNWXFH3P?tag=eloabder-20&linkCode=osi&th=1&psc=1">View Product</a></div><div class="product"><a href="https://www.amazon.com/dp/B076DSRB6B?tag=eloabder-20&linkCode=osi&th=1&psc=1"><img src="https://m.media-amazon.com/images/I/51lTK55c5UL._SL500_.jpg" alt="Product Image"></a><p>Himalayan Salt Scrub Face Foot & Body Exfoliator Infused with Collagen and Stem Cell Natural Exfoliating Salt Body Scrub for Toning Cellulite Skin Care by M3 Naturals</p><p>$25.81 ($2.15 / Ounce)</p><a href="https://www.amazon.com/dp/B076DSRB6B?tag=eloabder-20&linkCode=osi&th=1&psc=1">View Product</a></div><div class="product"><a href="https://www.amazon.com/dp/B004GEV9JW?tag=eloabder-20&linkCode=osi&th=1&psc=1"><img src="https://m.media-amazon.com/images/I/41MgyDfHXfL._SL500_.jpg" alt="Product Image"></a><p>Buf-Puf Gentle Facial Sponge, Dermatologist Developed, Removes Deep Down Dirt & Makeup That Causes Breakouts and Blackheads, Reusable, Exfoliating, 1 Count</p><p>$8.71</p><a href="https://www.amazon.com/dp/B004GEV9JW?tag=eloabder-20&linkCode=osi&th=1&psc=1">View Product</a></div><div class="product"><a href="https://www.amazon.com/dp/B0000632EN?tag=eloabder-20&linkCode=osi&th=1&psc=1"><img src="https://m.media-amazon.com/images/I/314AH1Zo0lL._SL500_.jpg" alt="Product Image"></a><p>Aveeno Positively Radiant Exfoliating Facial Scrub, Brightening Face Scrub with Soy Extract to Visibly Improve Skin Tone and Texture, Oil-Free, Soap-Free, Hypoallergenic Formula, 5 FL OZ</p><p>$7.97 ($1.59 / Ounce)</p><a href="https://www.amazon.com/dp/B0000632EN?tag=eloabder-20&linkCode=osi&th=1&psc=1">View Product</a></div>
<div class="product"><a href="https://www.amazon.com/dp/B005IHT94S?tag=eloabder-20&linkCode=osi&th=1&psc=1"><img src="https://m.media-amazon.com/images/I/31YAXVCRMAL._SL500_.jpg" alt="Product Image"></a><p>Neutrogena Ultra Sheer Dry-Touch Water Resistant and Non-Greasy Sunscreen Lotion with Broad Spectrum SPF 70, 3 Fl Oz (Pack of 1)</p><p>$9.88 ($3.29 / Fl Oz)</p><a href="https://www.amazon.com/dp/B005IHT94S?tag=eloabder-20&linkCode=osi&th=1&psc=1">View Product</a></div><div class="product"><a href="https://www.amazon.com/dp/B078BC1NJ6?tag=eloabder-20&linkCode=osi&th=1&psc=1"><img src="https://m.media-amazon.com/images/I/51V4LMN2zEL._SL500_.jpg" alt="Product Image"></a><p>Coppertone Sport Sunscreen Spray SPF 50, Water Resistant Spray Sunscreen, Broad Spectrum SPF 50 Sunscreen, Bulk Sunscreen Pack, 5.5 Oz Bottle, Pack of 3</p><p>$20.63 ($1.25 / Ounce)</p><a href="https://www.amazon.com/dp/B078BC1NJ6?tag=eloabder-20&linkCode=osi&th=1&psc=1">View Product</a></div><div class="product"><a href="https://www.amazon.com/dp/B01MQXX9US?tag=eloabder-20&linkCode=osi&th=1&psc=1"><img src="https://m.media-amazon.com/images/I/41Zi7BP15NL._SL500_.jpg" alt="Product Image"></a><p>Banana Boat Sport Ultra SPF 50 Sunscreen Spray Twin Pack | Banana Boat Sunscreen Spray SPF 50, Spray On Sunscreen, Water Resistant Sunscreen, Oxybenzone Free Sunscreen Pack, 6oz each</p><p>$13.97 ($1.16 / Ounce)</p><a href="https://www.amazon.com/dp/B01MQXX9US?tag=eloabder-20&linkCode=osi&th=1&psc=1">View Product</a></div><div class="product"><a href="https://www.amazon.com/dp/B00AEN4QZ8?tag=eloabder-20&linkCode=osi&th=1&psc=1"><img src="https://m.media-amazon.com/images/I/31QMrCJPoeL._SL500_.jpg" alt="Product Image"></a><p>Neutrogena Beach Defense Water-Resistant Face & Body SPF 70 Sunscreen Lotion with Broad Spectrum UVA/UVB Protection, Oil-Free Fast-Absorbing Sunscreen Lotion, Oxybenzone-Free, 6.7 oz</p><p>$9.60 ($1.43 / Fl Oz)</p><a href="https://www.amazon.com/dp/B00AEN4QZ8?tag=eloabder-20&linkCode=osi&th=1&psc=1">View Product</a></div><div class="product"><a href="https://www.amazon.com/dp/B076GZX3KL?tag=eloabder-20&linkCode=osi&th=1&psc=1"><img src="https://m.media-amazon.com/images/I/41BQoEZMuTL._SL500_.jpg" alt="Product Image"></a><p>Neutrogena Sunscreen Spray, Ultra Sheer ® Body Mist, Broad Spectrum SPF 70, Non-Greasy Water Resistant Body Sunscreen Mist, Non-Comedogenic, 5 oz (Pack of 3)</p><p>$22.60 ($1.51 / Ounce)</p><a href="https://www.amazon.com/dp/B076GZX3KL?tag=eloabder-20&linkCode=osi&th=1&psc=1">View Product</a></div><div class="product"><a href="https://www.amazon.com/dp/B004D2DR0Q?tag=eloabder-20&linkCode=osi&th=1&psc=1"><img src="https://m.media-amazon.com/images/I/41QwzCWNnFL._SL500_.jpg" alt="Product Image"></a><p>Neutrogena Ultra Sheer Dry-Touch Water Resistant and Non-Greasy Sunscreen Lotion with Broad Spectrum SPF 45, TSA-Compliant travel Size, 3 Fl Oz, Pack of 2, 6 Fl Oz</p><p>$13.99 ($2.33 / Fl Oz)</p><a href="https://www.amazon.com/dp/B004D2DR0Q?tag=eloabder-20&linkCode=osi&th=1&psc=1">View Product</a></div><div class="product"><a href="https://www.amazon.com/dp/B002CML1VG?tag=eloabder-20&linkCode=osi&th=1&psc=1"><img src="https://m.media-amazon.com/images/I/41ufC4L5QQL._SL500_.jpg" alt="Product Image"></a><p>La Roche-Posay Anthelios Melt-In Milk Sunscreen SPF 60 | Sunscreen For Body & Face | Broad Spectrum SPF + Antioxidants | Oil Free Sunscreen Lotion | Lightweight & Fast Absorbing | Oxybenzone Free</p><p>$37.99 ($7.60 / Fl Oz)</p><a href="https://www.amazon.com/dp/B002CML1VG?tag=eloabder-20&linkCode=osi&th=1&psc=1">View Product</a></div><div class="product"><a href="https://www.amazon.com/dp/B00B81XR1Y?tag=eloabder-20&linkCode=osi&th=1&psc=1"><img src="https://m.media-amazon.com/images/I/41NtDXr-dML._SL500_.jpg" alt="Product Image"></a><p>Banana Boat Sport Ultra SPF 30 Sunscreen Spray Twin Pack | Banana Boat Sunscreen Spray SPF 30, Spray On Sunscreen, Water Resistant Sunscreen, Oxybenzone Free Sunscreen Pack, 6oz each</p><p>$13.47 ($1.12 / Ounce)</p><a href="https://www.amazon.com/dp/B00B81XR1Y?tag=eloabder-20&linkCode=osi&th=1&psc=1">View Product</a></div><div class="product"><a href="https://www.amazon.com/dp/B07X1YDGSF?tag=eloabder-20&linkCode=osi&th=1&psc=1"><img src="https://m.media-amazon.com/images/I/31PSmI7nKIL._SL500_.jpg" alt="Product Image"></a><p>Neutrogena Beach Defense Sunscreen Spray SPF 50 Water-Resistant Body Spray with Broad Spectrum , PABA-Free, Oxybenzone-Free & Fast-Drying, Superior Sun Protection, 6.5 oz, Transparent</p><p>$9.88 ($1.52 / Ounce)</p><a href="https://www.amazon.com/dp/B07X1YDGSF?tag=eloabder-20&linkCode=osi&th=1&psc=1">View Product</a></div>
<div class="product"><a href="https://www.amazon.com/dp/B00JJPMXDO?tag=eloabder-20&linkCode=osi&th=1&psc=1"><img src="https://m.media-amazon.com/images/I/41xUbY21ojL._SL500_.jpg" alt="Product Image"></a><p>CeraVe Eye Repair Cream | Under Eye Cream For Puffiness And Bags Under Eyes | Hyaluronic Acid + Niacinamide + Marine Botanical Complex | Hydrating Eye Cream | Oil Free & Opthalmologist Tested</p><p>$13.43 ($26.86 / Ounce)</p><a href="https://www.amazon.com/dp/B00JJPMXDO?tag=eloabder-20&linkCode=osi&th=1&psc=1">View Product</a></div><div class="product"><a href="https://www.amazon.com/dp/B0B3GCCRVH?tag=eloabder-20&linkCode=osi&th=1&psc=1"><img src="https://m.media-amazon.com/images/I/41EdCdrw-AL._SL500_.jpg" alt="Product Image"></a><p>CeraVe Skin Renewing Eye Cream For Wrinkles | Under Eye Cream With Peptides + Caffeine + Niacinamide | Anti Aging Eye Cream For Wrinkles & Crows Feet | Paraben Free & Opthalmologist Tested</p><p>$18.49 ($36.98 / Ounce)</p><a href="https://www.amazon.com/dp/B0B3GCCRVH?tag=eloabder-20&linkCode=osi&th=1&psc=1">View Product</a></div><div class="product"><a href="https://www.amazon.com/dp/B00005333I?tag=eloabder-20&linkCode=osi&th=1&psc=1"><img src="https://m.media-amazon.com/images/I/31webfO63dL._SL500_.jpg" alt="Product Image"></a><p>L'Oreal Paris Dermo-Expertise Eye Defense Eye Cream with Caffeine and Hyaluronic Acid 0.5 oz</p><p>$12.27 ($24.54 / Ounce)</p><a href="https://www.amazon.com/dp/B00005333I?tag=eloabder-20&linkCode=osi&th=1&psc=1">View Product</a></div><div class="product"><a href="https://www.amazon.com/dp/B0CZJ8N83D?tag=eloabder-20&linkCode=osi&th=1&psc=1"><img src="https://m.media-amazon.com/images/I/31fQO3OHiML._SL500_.jpg" alt="Product Image"></a><p>PRIME PROMETICS PrimeEyes Hydrate Under Eye Cream for Mature Women – Hydrating Eye Cream for Dark Circles and Wrinkle Repair – Soft, Glowing & Healthy Under Eyes</p><p>$62.00</p><a href="https://www.amazon.com/dp/B0CZJ8N83D?tag=eloabder-20&linkCode=osi&th=1&psc=1">View Product</a></div><div class="product"><a href="https://www.amazon.com/dp/B0009RFB76?tag=eloabder-20&linkCode=osi&th=1&psc=1"><img src="https://m.media-amazon.com/images/I/31M2iQDNDOL._SL500_.jpg" alt="Product Image"></a><p>RoC Retinol Correxion Under Eye Cream for Dark Circles & Puffiness, Daily Wrinkle Cream, Anti Aging Line Smoothing Skin Care Treatment for Women and Men, 0.5 oz (Packaging May Vary)</p><p>$19.77 ($39.54 / Fl Oz)</p><a href="https://www.amazon.com/dp/B0009RFB76?tag=eloabder-20&linkCode=osi&th=1&psc=1">View Product</a></div><div class="product"><a href="https://www.amazon.com/dp/B0D3TG6MN3?tag=eloabder-20&linkCode=osi&th=1&psc=1"><img src="https://m.media-amazon.com/images/I/21-DQIJf5xL._SL500_.jpg" alt="Product Image"></a><p>Dr.Melaxin Eyephalt Eyebag Cream for Puffiness, Dark Circles&Fine Lines | EGF Anti-Aging Under Eye Moisturizer with Niacinamide&Ceramide 0.33 fl.oz.</p><p>$59.00 ($178.79 / Fl Oz)</p><a href="https://www.amazon.com/dp/B0D3TG6MN3?tag=eloabder-20&linkCode=osi&th=1&psc=1">View Product</a></div><div class="product"><a href="https://www.amazon.com/dp/B07CKJRJXB?tag=eloabder-20&linkCode=osi&th=1&psc=1"><img src="https://m.media-amazon.com/images/I/31pJCzbhXrL._SL500_.jpg" alt="Product Image"></a><p>No7 Lift & Luminate Triple Action Eye Cream - Anti-Aging Under Eye Cream for Dark Circles, Puffiness & Wrinkles - Formulated with Vitamin C to Brighten and Refresh Tired Eyes (0.5 Fl Oz)</p><p>$15.99</p><a href="https://www.amazon.com/dp/B07CKJRJXB?tag=eloabder-20&linkCode=osi&th=1&psc=1">View Product</a></div>
<div class="product"><a href="https://www.amazon.com/dp/B0BBSP2JNQ?tag=eloabder-20&linkCode=osi&th=1&psc=1"><img src="https://m.media-amazon.com/images/I/51qb7tiAJgL._SL500_.jpg" alt="Product Image"></a><p>SimplyVital Face Moisturizer Collagen Cream - Anti Aging Neck and Décolleté - Made in USA Day & Night Face Cream - Moisturizing, Lifting & Recovery – 1.7oz</p><p>$22.89 ($13.46 / Fl Oz)</p><a href="https://www.amazon.com/dp/B0BBSP2JNQ?tag=eloabder-20&linkCode=osi&th=1&psc=1">View Product</a></div><div class="product"><a href="https://www.amazon.com/dp/B008EKY8VK?tag=eloabder-20&linkCode=osi&th=1&psc=1"><img src="https://m.media-amazon.com/images/I/419EZkaOOIL._SL500_.jpg" alt="Product Image"></a><p>L'Oreal Paris Revitalift Triple Power Anti-Aging Face Moisturizer, Pro Retinol, Hyaluronic Acid & Vitamin C to Reduce Wrinkles, Firm & Brighten Skin, 1.7 Oz</p><p>$17.86 ($10.51 / Ounce)</p><a href="https://www.amazon.com/dp/B008EKY8VK?tag=eloabder-20&linkCode=osi&th=1&psc=1">View Product</a></div><div class="product"><a href="https://www.amazon.com/dp/B00HNSSPDG?tag=eloabder-20&linkCode=osi&th=1&psc=1"><img src="https://m.media-amazon.com/images/I/41zARcUorbL._SL500_.jpg" alt="Product Image"></a><p>Neutrogena Triple Age Repair Anti-Aging Night Cream with Vitamin C; Fights Wrinkles & Evens Tone, Firming Anti-Wrinkle Face & Neck Cream; Glycerin & Shea Butter, 1.7 oz</p><p>$19.19 ($11.29 / Ounce)</p><a href="https://www.amazon.com/dp/B00HNSSPDG?tag=eloabder-20&linkCode=osi&th=1&psc=1">View Product</a></div><div class="product"><a href="https://www.amazon.com/dp/B0C9H6PD9B?tag=eloabder-20&linkCode=osi&th=1&psc=1"><img src="https://m.media-amazon.com/images/I/51MQp9qtYZL._SL500_.jpg" alt="Product Image"></a><p>Collagen Face Moisturizer with Airless Pump - Collagen Botanical Stem Cells Cream for Skin with Retinol, Niacinamide, Hyaluronic Acid - Anti-Aging Day & Night Cream - Made in USA (1.7 Oz)</p><p>$14.99 ($8.82 / Ounce)</p><a href="https://www.amazon.com/dp/B0C9H6PD9B?tag=eloabder-20&linkCode=osi&th=1&psc=1">View Product</a></div><div class="product"><a href="https://www.amazon.com/dp/B01ES349CY?tag=eloabder-20&linkCode=osi&th=1&psc=1"><img src="https://m.media-amazon.com/images/I/51C9olHbYgL._SL500_.jpg" alt="Product Image"></a><p>LilyAna Naturals Retinol Cream - Made in USA, Anti Aging Moisturizer for Face and Neck,Wrinkle, Retinol Complex - 1.7oz</p><p>$18.16 ($10.68 / Ounce)</p><a href="https://www.amazon.com/dp/B01ES349CY?tag=eloabder-20&linkCode=osi&th=1&psc=1">View Product</a></div><div class="product"><a href="https://www.amazon.com/dp/B00QSHEN0M?tag=eloabder-20&linkCode=osi&th=1&psc=1"><img src="https://m.media-amazon.com/images/I/41XiN2SLyrL._SL500_.jpg" alt="Product Image"></a><p>Burt's Bees Renewal Firming Face Cream, Anti-Aging Retinol Alternative, Moisturizing Natural Origin Skin Care, 1.8 Ounce (Packaging May Vary)</p><p>$9.75 ($5.42 / Ounce)</p><a href="https://www.amazon.com/dp/B00QSHEN0M?tag=eloabder-20&linkCode=osi&th=1&psc=1">View Product</a></div><div class="product"><a href="https://www.amazon.com/dp/B0744JV661?tag=eloabder-20&linkCode=osi&th=1&psc=1"><img src="https://m.media-amazon.com/images/I/41uJ0OhvRuL._SL500_.jpg" alt="Product Image"></a><p>RoC Retinol Correxion Max Daily Hydration Anti-Aging Face Moisturizer with Hyaluronic Acid, Oil Free Skin Care Cream for Fine Lines, Dark Spots, Post-Acne Scars, 1.7 Ounces (Packaging May Vary)</p><p>$21.53 ($12.66 / Ounce)</p><a href="https://www.amazon.com/dp/B0744JV661?tag=eloabder-20&linkCode=osi&th=1&psc=1">View Product</a></div><div class="product"><a href="https://www.amazon.com/dp/B004D2C57M?tag=eloabder-20&linkCode=osi&th=1&psc=1"><img src="https://m.media-amazon.com/images/I/4106jzuxtsL._SL500_.jpg" alt="Product Image"></a><p>Neutrogena Retinol Face Moisturizer, Rapid Wrinkle Repair with SPF 30 Sunscreen, Daily Anti-Aging Face Cream with Retinol & Hyaluronic Acid to Fight Fine Lines, Wrinkles, & Dark Spots, 1 fl. oz</p><p>$17.14</p><a href="https://www.amazon.com/dp/B004D2C57M?tag=eloabder-20&linkCode=osi&th=1&psc=1">View Product</a></div><div class="product"><a href="https://www.amazon.com/dp/B0B5TBVX6C?tag=eloabder-20&linkCode=osi&th=1&psc=1"><img src="https://m.media-amazon.com/images/I/51nRJsctWHL._SL500_.jpg" alt="Product Image"></a><p>Retinol Cream for Face - Facial Moisturizer with Collagen and Hyaluronic Acid, Anti-Wrinkle Reduce Fine Lines Vitamin C+E Natural-Ingredient Day Night Anti-Aging For Women Men</p><p>$14.99 ($8.82 / Fl Oz)</p><a href="https://www.amazon.com/dp/B0B5TBVX6C?tag=eloabder-20&linkCode=osi&th=1&psc=1">View Product</a></div>
<div class="product"><a href="https://www.amazon.com/dp/B00DG8F02Q?tag=eloabder-20&linkCode=osi&th=1&psc=1"><img src="https://m.media-amazon.com/images/I/31+WLRw2Y6L._SL500_.jpg" alt="Product Image"></a><p>NIVEA Shea Nourish Body Lotion, 48-Hour Moisturizing Shea Butter Lotion for Dry Skin with Deep Nourishing Serum, 16.9 Fl Oz Pump Bottle</p><p>$6.29 ($0.37 / Fl Oz)</p><a href="https://www.amazon.com/dp/B00DG8F02Q?tag=eloabder-20&linkCode=osi&th=1&psc=1">View Product</a></div><div class="product"><a href="https://www.amazon.com/dp/B076G2XGY3?tag=eloabder-20&linkCode=osi&th=1&psc=1"><img src="https://m.media-amazon.com/images/I/41jIXvha20L._SL500_.jpg" alt="Product Image"></a><p>NIVEA Essentially Enriched Body Lotion for Dry Skin, Pack of 2, 16.9 Fl Oz Pump Bottles</p><p>$10.98 ($0.32 / Fl Oz)</p><a href="https://www.amazon.com/dp/B076G2XGY3?tag=eloabder-20&linkCode=osi&th=1&psc=1">View Product</a></div><div class="product"><a href="https://www.amazon.com/dp/B00DG8EZKO?tag=eloabder-20&linkCode=osi&th=1&psc=1"><img src="https://m.media-amazon.com/images/I/31DT3ghuyXL._SL500_.jpg" alt="Product Image"></a><p>NIVEA Intense Healing Body Lotion for Dry Skin, 72-Hour Moisturizing Lotion with Deep Nourishing Serum and Provitamin B5, 16.9 Fl Oz Pump Bottle</p><p>$6.29 ($0.37 / Fl Oz)</p><a href="https://www.amazon.com/dp/B00DG8EZKO?tag=eloabder-20&linkCode=osi&th=1&psc=1">View Product</a></div><div class="product"><a href="https://www.amazon.com/dp/B08KT5HM98?tag=eloabder-20&linkCode=osi&th=1&psc=1"><img src="https://m.media-amazon.com/images/I/311EVJ1x7tL._SL500_.jpg" alt="Product Image"></a><p>eos Shea Better Body Lotion- Coconut Waters, 24-Hour Moisture Skin Care, Lightweight & Non-Greasy, Made with Natural Shea, Vegan, 16 fl oz</p><p>$8.98 ($0.56 / Fl Oz)</p><a href="https://www.amazon.com/dp/B08KT5HM98?tag=eloabder-20&linkCode=osi&th=1&psc=1">View Product</a></div><div class="product"><a href="https://www.amazon.com/dp/B0034F9K36?tag=eloabder-20&linkCode=osi&th=1&psc=1"><img src="https://m.media-amazon.com/images/I/319i3EFVPvL._SL500_.jpg" alt="Product Image"></a><p>Jergens Ultra Healing Dry Skin Moisturizer, Body and Hand Lotion for Dry Skin, for Quick Absorption into Extra Dry Skin, with HYDRALUCENCE blend, Vitamins C, E, and B5, 32 Ounce</p><p>$8.17 ($0.26 / Fl Oz)</p><a href="https://www.amazon.com/dp/B0034F9K36?tag=eloabder-20&linkCode=osi&th=1&psc=1">View Product</a></div><div class="product"><a href="https://www.amazon.com/dp/B003JT8PKQ?tag=eloabder-20&linkCode=osi&th=1&psc=1"><img src="https://m.media-amazon.com/images/I/31TFisQDpKL._SL500_.jpg" alt="Product Image"></a><p>Lubriderm Daily Moisture Lotion + Pro-Ceramide with Shea Butter & Glycerin Helps Moisturize Dry Skin, Hydrating Face, Hand & Body Lotion is Lightly Scented & Non-Greasy, 24 fl. oz</p><p>$10.12 ($0.42 / Fl Oz)</p><a href="https://www.amazon.com/dp/B003JT8PKQ?tag=eloabder-20&linkCode=osi&th=1&psc=1">View Product</a></div><div class="product"><a href="https://www.amazon.com/dp/B07RK4HST7?tag=eloabder-20&linkCode=osi&th=1&psc=1"><img src="https://m.media-amazon.com/images/I/412DGoW35mL._SL500_.jpg" alt="Product Image"></a><p>CeraVe Daily Moisturizing Lotion for Dry Skin | Body Lotion & Face Moisturizer with Hyaluronic Acid and Ceramides | Daily Moisturizer | Fragrance Free | Oil-Free | 19 Ounce</p><p>$18.50 ($0.97 / Fl Oz)</p><a href="https://www.amazon.com/dp/B07RK4HST7?tag=eloabder-20&linkCode=osi&th=1&psc=1">View Product</a></div><div class="product"><a href="https://www.amazon.com/dp/B0D484X4RL?tag=eloabder-20&linkCode=osi&th=1&psc=1"><img src="https://m.media-amazon.com/images/I/31rZLOx+KEL._SL500_.jpg" alt="Product Image"></a><p>Native Body Lotion Contains Naturally Derived Plant-Based Moisturizers for Women and Men | Restores Dry Skin, Coconut & Vanilla, 16.5 fl oz</p><p>$13.97 ($0.85 / Fl Oz)</p><a href="https://www.amazon.com/dp/B0D484X4RL?tag=eloabder-20&linkCode=osi&th=1&psc=1">View Product</a></div><div class="product"><a href="https://www.amazon.com/dp/B073CXZ8KR?tag=eloabder-20&linkCode=osi&th=1&psc=1"><img src="https://m.media-amazon.com/images/I/31r1ImnqoOL._SL500_.jpg" alt="Product Image"></a><p>Nivea Oil Infused Cherry Blossom and Jojoba Oil Body Lotion, Non-Greasy Cherry Blossom Scented Lotion Moisturizes for 24+ Hours, 16.9 Fl Oz Pump Bottle</p><p>$6.29 ($0.37 / Fl Oz)</p><a href="https://www.amazon.com/dp/B073CXZ8KR?tag=eloabder-20&linkCode=osi&th=1&psc=1">View Product</a></div><div class="product"><a href="https://www.amazon.com/dp/B09HHBKK15?tag=eloabder-20&linkCode=osi&th=1&psc=1"><img src="https://m.media-amazon.com/images/I/31gFI+hSGmL._SL500_.jpg" alt="Product Image"></a><p>Amazon Basics Cocoa Butter Body Lotion, Lightly scented, 20.3 fl oz</p><p>$4.89 ($0.24 / Fl Oz)</p><a href="https://www.amazon.com/dp/B09HHBKK15?tag=eloabder-20&linkCode=osi&th=1&psc=1">View Product</a></div>
<div class="product"><a href="https://www.amazon.com/dp/B0BVBZPX9B?tag=eloabder-20&linkCode=osi&th=1&psc=1"><img src="https://m.media-amazon.com/images/I/61Y09jlKZkL._SL500_.jpg" alt="Product Image"></a><p>Dove Deep Moisture Body Wash 30.6 Fl Oz Pack of 3 with Pump, Luxurious Hydration for Dry Skin, Cleanser with 24hr Renewing MicroMoisture</p><p>$23.22 ($0.25 / Fl Oz)</p><a href="https://www.amazon.com/dp/B0BVBZPX9B?tag=eloabder-20&linkCode=osi&th=1&psc=1">View Product</a></div><div class="product"><a href="https://www.amazon.com/dp/B0BT1VXDGD?tag=eloabder-20&linkCode=osi&th=1&psc=1"><img src="https://m.media-amazon.com/images/I/217eAv7yKyL._SL500_.jpg" alt="Product Image"></a><p>Method Body Wash, Pure Peace, Paraben and Phthalate Free, Biodegradable Formula, 28 oz (Pack of 1)</p><p>$11.48 ($0.41 / Fl Oz)</p><a href="https://www.amazon.com/dp/B0BT1VXDGD?tag=eloabder-20&linkCode=osi&th=1&psc=1">View Product</a></div><div class="product"><a href="https://www.amazon.com/dp/B0BVBYQGTW?tag=eloabder-20&linkCode=osi&th=1&psc=1"><img src="https://m.media-amazon.com/images/I/61En44WjwPL._SL500_.jpg" alt="Product Image"></a><p>Dove Body Wash with Pump Sensitive Skin 3 Count Hypoallergenic, Paraben-Free, Sulfate-Free, Cruelty-Free, Moisturizing Skin Cleanser Effectively Washes Away Bacteria While Nourishing Skin 30.6 oz</p><p>$23.22 ($0.25 / Fl Oz)</p><a href="https://www.amazon.com/dp/B0BVBYQGTW?tag=eloabder-20&linkCode=osi&th=1&psc=1">View Product</a></div><div class="product"><a href="https://www.amazon.com/dp/B0CGY5BLBW?tag=eloabder-20&linkCode=osi&th=1&psc=1"><img src="https://m.media-amazon.com/images/I/61X7MjVU6uL._SL500_.jpg" alt="Product Image"></a><p>Dove Exfoliating Body Wash Glow Recharge Energizes & illuminates skin 3% brightening serum with vitamin C 18.5 oz</p><p>$9.79 ($0.53 / Fl Oz)</p><a href="https://www.amazon.com/dp/B0CGY5BLBW?tag=eloabder-20&linkCode=osi&th=1&psc=1">View Product</a></div><div class="product"><a href="https://www.amazon.com/dp/B082QB23YG?tag=eloabder-20&linkCode=osi&th=1&psc=1"><img src="https://m.media-amazon.com/images/I/31QPAuuaLwL._SL500_.jpg" alt="Product Image"></a><p>NIVEA Refreshing White Peach and Jasmine Body Wash, Scented Body Wash with Nourishing Serum, Plant-Derived Oils, Essential Skin Lipids and Vitamins, 20 Fl Oz Bottle</p><p>$4.89 ($0.24 / Fl Oz)</p><a href="https://www.amazon.com/dp/B082QB23YG?tag=eloabder-20&linkCode=osi&th=1&psc=1">View Product</a></div><div class="product"><a href="https://www.amazon.com/dp/B0BHH1LBX2?tag=eloabder-20&linkCode=osi&th=1&psc=1"><img src="https://m.media-amazon.com/images/I/41aG-jLyOqL._SL500_.jpg" alt="Product Image"></a><p>Olay Ultra Rich Moisture Body Wash for Women, Deeply Nourishes, Vitamin B3 Complex, Clinically Proven, Shea Butter Scent, 22 fl oz (Pack of 4)</p><p>$27.96 ($0.32 / Fl Oz)</p><a href="https://www.amazon.com/dp/B0BHH1LBX2?tag=eloabder-20&linkCode=osi&th=1&psc=1">View Product</a></div><div class="product"><a href="https://www.amazon.com/dp/B07FD24RTR?tag=eloabder-20&linkCode=osi&th=1&psc=1"><img src="https://m.media-amazon.com/images/I/31klAgInvXL._SL500_.jpg" alt="Product Image"></a><p>Aveeno Stress Relief Body Wash with Soothing Oat for Sensitive Skin, Lavender Body Wash to help you feel Calm and Relaxed, Sulfate-Free, 33 FL OZ</p><p>$13.48 ($0.41 / Fl Oz)</p><a href="https://www.amazon.com/dp/B07FD24RTR?tag=eloabder-20&linkCode=osi&th=1&psc=1">View Product</a></div><div class="product"><a href="https://www.amazon.com/dp/B082QC2MCX?tag=eloabder-20&linkCode=osi&th=1&psc=1"><img src="https://m.media-amazon.com/images/I/31ohT5XH1TS._SL500_.jpg" alt="Product Image"></a><p>NIVEA Shea Butter Nourishing Body Wash, Moisturizing Body Wash with Nourishing Serum, Plant-Derived Oils, Essential Skin Lipids and Vitamins, 20 Fl Oz Bottle</p><p>$5.29 ($0.26 / Fl Oz)</p><a href="https://www.amazon.com/dp/B082QC2MCX?tag=eloabder-20&linkCode=osi&th=1&psc=1">View Product</a></div><div class="product"><a href="https://www.amazon.com/dp/B0BVBYDTZ6?tag=eloabder-20&linkCode=osi&th=1&psc=1"><img src="https://m.media-amazon.com/images/I/61UbJzK8yIL._SL500_.jpg" alt="Product Image"></a><p>Dove Body Wash with Pump Refreshing Cucumber and Green Tea 3 Count Refreshes Skin Cleanser That Effectively Washes Away Bacteria While Nourishing Your Skin 30.6 oz</p><p>$29.91 ($0.33 / Fl Oz)</p><a href="https://www.amazon.com/dp/B0BVBYDTZ6?tag=eloabder-20&linkCode=osi&th=1&psc=1">View Product</a></div><div class="product"><a href="https://www.amazon.com/dp/B082QBPDJC?tag=eloabder-20&linkCode=osi&th=1&psc=1"><img src="https://m.media-amazon.com/images/I/31tC4JDwHQL._SL500_.jpg" alt="Product Image"></a><p>NIVEA Coconut and Almond Milk Pampering Body Wash, Moisturizing Body Wash with Nourishing Serum, Plant-Derived Oils, Essential Skin Lipids and Vitamins, 20 Fl Oz Bottle</p><p>$4.99 ($0.25 / Fl Oz)</p><a href="https://www.amazon.com/dp/B082QBPDJC?tag=eloabder-20&linkCode=osi&th=1&psc=1">View Product</a></div>
<div class="product"><a href="https://www.amazon.com/dp/B07N7MWX72?tag=eloabder-20&linkCode=osi&th=1&psc=1"><img src="https://m.media-amazon.com/images/I/414aNTDFuRL._SL500_.jpg" alt="Product Image"></a><p>Mielle Organics Rosemary Mint Strengthening Shampoo Infused with Biotin, Cleanses and Helps Strengthen Weak and Brittle Hair, 12 Ounces</p><p>$9.97 ($0.83 / Fl Oz)</p><a href="https://www.amazon.com/dp/B07N7MWX72?tag=eloabder-20&linkCode=osi&th=1&psc=1">View Product</a></div><div class="product"><a href="https://www.amazon.com/dp/B01N97PCBH?tag=eloabder-20&linkCode=osi&th=1&psc=1"><img src="https://m.media-amazon.com/images/I/41KYNMCTIPL._SL500_.jpg" alt="Product Image"></a><p>Garnier Fructis Pure Clean Purifying Shampoo, Silicone-Free, 12.5 Fl Oz, 1 Count (Packaging May Vary)</p><p>$3.97 ($0.32 / Fl Oz)</p><a href="https://www.amazon.com/dp/B01N97PCBH?tag=eloabder-20&linkCode=osi&th=1&psc=1">View Product</a></div><div class="product"><a href="https://www.amazon.com/dp/B07D37PQGL?tag=eloabder-20&linkCode=osi&th=1&psc=1"><img src="https://m.media-amazon.com/images/I/31+tZhs5TNL._SL500_.jpg" alt="Product Image"></a><p>Olaplex No. 4 Bond Maintenance Shampoo, Repairs, Strengthens, & Nourishes All Hair Types, Adds Shine & Leaves Hair Feeling Soft, 8.5 fl oz</p><p>$30.00 ($3.53 / Fl Oz)</p><a href="https://www.amazon.com/dp/B07D37PQGL?tag=eloabder-20&linkCode=osi&th=1&psc=1">View Product</a></div><div class="product"><a href="https://www.amazon.com/dp/B084LHV2M1?tag=eloabder-20&linkCode=osi&th=1&psc=1"><img src="https://m.media-amazon.com/images/I/4174ry43L0L._SL500_.jpg" alt="Product Image"></a><p>Herbal Essences Hello hydration shampoo shampooing for hair 29.2 FL OZ</p><p>$7.97 ($0.27 / Fl Oz)</p><a href="https://www.amazon.com/dp/B084LHV2M1?tag=eloabder-20&linkCode=osi&th=1&psc=1">View Product</a></div><div class="product"><a href="https://www.amazon.com/dp/B08SSM21R4?tag=eloabder-20&linkCode=osi&th=1&psc=1"><img src="https://m.media-amazon.com/images/I/31WbRm+ZKEL._SL500_.jpg" alt="Product Image"></a><p>Redken All Soft Shampoo | Deeply Moisturizes and Hydrates | Softens, Smooths, and Adds Shine | Safe for Color-Treated Hair | Nourishing Shampoo for Dry Hair | With Argan Oil</p><p>$26.00 ($2.57 / Fl Oz)</p><a href="https://www.amazon.com/dp/B08SSM21R4?tag=eloabder-20&linkCode=osi&th=1&psc=1">View Product</a></div><div class="product"><a href="https://www.amazon.com/dp/B0D4SBLLRJ?tag=eloabder-20&linkCode=osi&th=1&psc=1"><img src="https://m.media-amazon.com/images/I/41uWwx+mKwL._SL500_.jpg" alt="Product Image"></a><p>Olaplex Wash and Shine Kit</p><p>$57.00</p><a href="https://www.amazon.com/dp/B0D4SBLLRJ?tag=eloabder-20&linkCode=osi&th=1&psc=1">View Product</a></div><div class="product"><a href="https://www.amazon.com/dp/B086S4Q7JH?tag=eloabder-20&linkCode=osi&th=1&psc=1"><img src="https://m.media-amazon.com/images/I/51i3YLQncNL._SL500_.jpg" alt="Product Image"></a><p>Herbal Essences Shampoo and Conditioner Set, Vitamin E, Rose Hips and Jojoba Extract, Smooth Collection, Bundle</p><p>$13.81 ($0.24 / Fl Oz)</p><a href="https://www.amazon.com/dp/B086S4Q7JH?tag=eloabder-20&linkCode=osi&th=1&psc=1">View Product</a></div><div class="product"><a href="https://www.amazon.com/dp/B01ENCBOA0?tag=eloabder-20&linkCode=osi&th=1&psc=1"><img src="https://m.media-amazon.com/images/I/41wcbs9bSAL._SL500_.jpg" alt="Product Image"></a><p>Rosemary and Biotin Shampoo for Thinning Hair - Vegan Volumizing Shampoo for Fine Hair with Argan and Tea Tree Oil - Paraben Silicone and Sulfate Free Shampoo for Dry Damaged Weak and Thin Hair Care</p><p>$12.95 ($1.62 / Fl Oz)</p><a href="https://www.amazon.com/dp/B01ENCBOA0?tag=eloabder-20&linkCode=osi&th=1&psc=1">View Product</a></div><div class="product"><a href="https://www.amazon.com/dp/B07NQ69L7P?tag=eloabder-20&linkCode=osi&th=1&psc=1"><img src="https://m.media-amazon.com/images/I/51c83KZZLJL._SL500_.jpg" alt="Product Image"></a><p>Herbal Essences Argan Oil of Morocco Shampoo & Conditioner Set, Repair & Smooth, Kew Endorsed, Fizzy Citrus Scent, Paraben-Free, Safe for Color-Treated Hair, pH-Balanced, 20.2 Fl Oz Each, 2 Pack</p><p>$24.99</p><a href="https://www.amazon.com/dp/B07NQ69L7P?tag=eloabder-20&linkCode=osi&th=1&psc=1">View Product</a></div>
<div class="product"><a href="https://www.amazon.com/dp/B0891BBRHW?tag=eloabder-20&linkCode=osi&th=1&psc=1"><img src="https://m.media-amazon.com/images/I/31ndDwe7VSL._SL500_.jpg" alt="Product Image"></a><p>Pureology Hydrate Moisturizing Conditioner | Softens and Deeply Hydrates Dry Hair | For Medium to Thick Color Treated or Natural Hair | Sulfate Free Conditioner | Vegan</p><p>$37.00 ($4.11 / Fl Oz)</p><a href="https://www.amazon.com/dp/B0891BBRHW?tag=eloabder-20&linkCode=osi&th=1&psc=1">View Product</a></div><div class="product"><a href="https://www.amazon.com/dp/B07D37SBHF?tag=eloabder-20&linkCode=osi&th=1&psc=1"><img src="https://m.media-amazon.com/images/I/31ivDW-ouZL._SL500_.jpg" alt="Product Image"></a><p>Olaplex No. 5 Bond Maintenance Conditioner, Repairs, Strengthens, & Nourishes All Hair Types, Leaving Hair Feeling Soft & Adds Shine, 8.5 fl oz"</p><p>$30.00 ($3.53 / Fl Oz)</p><a href="https://www.amazon.com/dp/B07D37SBHF?tag=eloabder-20&linkCode=osi&th=1&psc=1">View Product</a></div><div class="product"><a href="https://www.amazon.com/dp/B07CLD17F5?tag=eloabder-20&linkCode=osi&th=1&psc=1"><img src="https://m.media-amazon.com/images/I/61hTHQjDOkL._SL500_.jpg" alt="Product Image"></a><p>Dove Ultra Care Conditioner Coconut & Hydration for Dry Hair Conditioner with Coconut Oil, Jojoba Oil & Sweet Almond Oil 25.4 oz</p><p>$7.49 ($0.29 / Fl Oz)</p><a href="https://www.amazon.com/dp/B07CLD17F5?tag=eloabder-20&linkCode=osi&th=1&psc=1">View Product</a></div><div class="product"><a href="https://www.amazon.com/dp/B0752CBW5T?tag=eloabder-20&linkCode=osi&th=1&psc=1"><img src="https://m.media-amazon.com/images/I/31-KMa7LAlS._SL500_.jpg" alt="Product Image"></a><p>L'Oreal Paris Elvive Total Repair 5 Repairing Conditioner for Damaged Hair Conditioner with Protein and Ceramide for Strong Silky Shiny Healthy Renewed Hair 28 Fl Oz</p><p>$8.49 ($0.30 / Fl Oz)</p><a href="https://www.amazon.com/dp/B0752CBW5T?tag=eloabder-20&linkCode=osi&th=1&psc=1">View Product</a></div><div class="product"><a href="https://www.amazon.com/dp/B00L01DEII?tag=eloabder-20&linkCode=osi&th=1&psc=1"><img src="https://m.media-amazon.com/images/I/31EJqWmmSNL._SL500_.jpg" alt="Product Image"></a><p>Biolage Ultra Hydra Source Conditioning Balm | Deep Hydrating Conditioner | Renews Hair's Moisture | For Very Dry Hair | Silicone-Free | Vegan | Salon Conditioner | 33.8 Fl. Oz</p><p>$42.00 ($1.24 / Fl Oz)</p><a href="https://www.amazon.com/dp/B00L01DEII?tag=eloabder-20&linkCode=osi&th=1&psc=1">View Product</a></div><div class="product"><a href="https://www.amazon.com/dp/B08SSCQH77?tag=eloabder-20&linkCode=osi&th=1&psc=1"><img src="https://m.media-amazon.com/images/I/31P8RgJeqwL._SL500_.jpg" alt="Product Image"></a><p>Redken All Soft Conditioner | For Dry / Brittle Hair | Moisturizes & Provides Intense Softness | With Argan Oil | 10.1 Fl Oz</p><p>$26.00 ($2.57 / Fl Oz)</p><a href="https://www.amazon.com/dp/B08SSCQH77?tag=eloabder-20&linkCode=osi&th=1&psc=1">View Product</a></div><div class="product"><a href="https://www.amazon.com/dp/B074VLNPSG?tag=eloabder-20&linkCode=osi&th=1&psc=1"><img src="https://m.media-amazon.com/images/I/319FOowuSkL._SL500_.jpg" alt="Product Image"></a><p>Garnier Fructis Grow Strong Conditioner, 33.8 Fl Oz, 1 Count (Packaging May Vary)</p><p>$8.49 ($0.25 / Fl Oz)</p><a href="https://www.amazon.com/dp/B074VLNPSG?tag=eloabder-20&linkCode=osi&th=1&psc=1">View Product</a></div><div class="product"><a href="https://www.amazon.com/dp/B00JAI4FGI?tag=eloabder-20&linkCode=osi&th=1&psc=1"><img src="https://m.media-amazon.com/images/I/212rXWGPu1L._SL500_.jpg" alt="Product Image"></a><p>Biolage Color Last Conditioner | Helps Protect Hair & Maintain Vibrant Color | For Color-Treated and Natural Hair | Paraben & Silicone-Free | Vegan | Cruelty Free | Color Protecting Salon Conditioner</p><p>$24.00 ($1.78 / Fl Oz)</p><a href="https://www.amazon.com/dp/B00JAI4FGI?tag=eloabder-20&linkCode=osi&th=1&psc=1">View Product</a></div>
<div class="product"><a href="https://www.amazon.com/dp/B00I32AN4K?tag=eloabder-20&linkCode=osi&th=1&psc=1"><img src="https://m.media-amazon.com/images/I/51KpmxinYYL._SL500_.jpg" alt="Product Image"></a><p>Arvazallia Hydrating Argan Oil Hair Mask and Deep Conditioner for Dry or Damaged Hair - 8.45 Oz</p><p>$12.95 ($1.53 / Fl Oz)</p><a href="https://www.amazon.com/dp/B00I32AN4K?tag=eloabder-20&linkCode=osi&th=1&psc=1">View Product</a></div><div class="product"><a href="https://www.amazon.com/dp/B07H3GBSC3?tag=eloabder-20&linkCode=osi&th=1&psc=1"><img src="https://m.media-amazon.com/images/I/41I862UzKRL._SL500_.jpg" alt="Product Image"></a><p>amika soulfood nourishing Mask, 8 Fl oz</p><p>$34.00 ($4.25 / Fl Oz)</p><a href="https://www.amazon.com/dp/B07H3GBSC3?tag=eloabder-20&linkCode=osi&th=1&psc=1">View Product</a></div><div class="product"><a href="https://www.amazon.com/dp/B075L6BL61?tag=eloabder-20&linkCode=osi&th=1&psc=1"><img src="https://m.media-amazon.com/images/I/41zCFV7oGTL._SL500_.jpg" alt="Product Image"></a><p>Karseell Collagen Hair Treatment Deep Repair Conditioning Argan Oil Collagen Hair Mask Essence for Dry Damaged Hair All Hair Types 16.90 oz 500ml</p><p>$23.33 ($1.38 / Fl Oz)</p><a href="https://www.amazon.com/dp/B075L6BL61?tag=eloabder-20&linkCode=osi&th=1&psc=1">View Product</a></div><div class="product"><a href="https://www.amazon.com/dp/B0BQ54DQNM?tag=eloabder-20&linkCode=osi&th=1&psc=1"><img src="https://m.media-amazon.com/images/I/41uhtWPJeuL._SL500_.jpg" alt="Product Image"></a><p>Eva NYC Therapy Session Hair Mask, Deep Conditioning Hair Mask Infused with Argan Oil and Plant Protein, 16.9 fl oz</p><p>$19.00 ($1.12 / Fl Oz)</p><a href="https://www.amazon.com/dp/B0BQ54DQNM?tag=eloabder-20&linkCode=osi&th=1&psc=1">View Product</a></div><div class="product"><a href="https://www.amazon.com/dp/B01I2ZQJSG?tag=eloabder-20&linkCode=osi&th=1&psc=1"><img src="https://m.media-amazon.com/images/I/41ctrFUeQAL._SL500_.jpg" alt="Product Image"></a><p>Elizavecca cer-100 collagen coating hair protein treatment 100ml</p><p>$7.40 ($2.19 / Fl Oz)</p><a href="https://www.amazon.com/dp/B01I2ZQJSG?tag=eloabder-20&linkCode=osi&th=1&psc=1">View Product</a></div><div class="product"><a href="https://www.amazon.com/dp/B07N7NBYSP?tag=eloabder-20&linkCode=osi&th=1&psc=1"><img src="https://m.media-amazon.com/images/I/515lD0OXQ+L._SL500_.jpg" alt="Product Image"></a><p>Mielle Organics Rosemary Mint Strengthening Hair Masque, Essential Oil & Biotin Deep Treatment, Miracle Repair for Dry, Damaged, & Frizzy Hair, 12 Ounces</p><p>$9.97 ($0.83 / Ounce)</p><a href="https://www.amazon.com/dp/B07N7NBYSP?tag=eloabder-20&linkCode=osi&th=1&psc=1">View Product</a></div><div class="product"><a href="https://www.amazon.com/dp/B002N5MKMG?tag=eloabder-20&linkCode=osi&th=1&psc=1"><img src="https://m.media-amazon.com/images/I/41NxqnExYnL._SL500_.jpg" alt="Product Image"></a><p>Moroccanoil Intense Hydrating Mask, 8.5 Fl. Oz.</p><p>$42.00 ($4.94 / Fl Oz)</p><a href="https://www.amazon.com/dp/B002N5MKMG?tag=eloabder-20&linkCode=osi&th=1&psc=1">View Product</a></div><div class="product"><a href="https://www.amazon.com/dp/B07M7PP9KX?tag=eloabder-20&linkCode=osi&th=1&psc=1"><img src="https://m.media-amazon.com/images/I/41Mpv3wIxEL._SL500_.jpg" alt="Product Image"></a><p>Marc Anthony Grow Long Hair Anti-Breakage Mask, 10.4 OZ</p><p>$8.99 ($0.90 / Fl Oz)</p><a href="https://www.amazon.com/dp/B07M7PP9KX?tag=eloabder-20&linkCode=osi&th=1&psc=1">View Product</a></div><div class="product"><a href="https://www.amazon.com/dp/B09HR5KSR8?tag=eloabder-20&linkCode=osi&th=1&psc=1"><img src="https://m.media-amazon.com/images/I/51aIw6AhsXL._SL500_.jpg" alt="Product Image"></a><p>K18 Mini Leave-In Molecular Hair Mask, Repairs Dry or Damaged Hair, Reverse Hair Damage from Bleach, Color, Chemical Services & Heat, 0.51 Fl Oz</p><p>$29.00 ($56.86 / Fl Oz)</p><a href="https://www.amazon.com/dp/B09HR5KSR8?tag=eloabder-20&linkCode=osi&th=1&psc=1">View Product</a></div>
<div class="product"><a href="https://www.amazon.com/dp/B004J1MNII?tag=eloabder-20&linkCode=osi&th=1&psc=1"><img src="https://m.media-amazon.com/images/I/31nFgivW0gL._SL500_.jpg" alt="Product Image"></a><p>Moroccanoil Hydrating Styling Cream, Travel Size, 2.53 Fl Oz</p><p>$16.00 ($6.40 / Fl Oz)</p><a href="https://www.amazon.com/dp/B004J1MNII?tag=eloabder-20&linkCode=osi&th=1&psc=1">View Product</a></div><div class="product"><a href="https://www.amazon.com/dp/B00G187CP6?tag=eloabder-20&linkCode=osi&th=1&psc=1"><img src="https://m.media-amazon.com/images/I/31belqXvyyL._SL500_.jpg" alt="Product Image"></a><p>COLOR WOW One Minute Transformation – Instant frizz fix| Nourishing styling cream smooths, tames + defrizzes on the spot| Avocado oil + Omega 3’s hydrate, repair for silkier, smoother texture</p><p>$24.00</p><a href="https://www.amazon.com/dp/B00G187CP6?tag=eloabder-20&linkCode=osi&th=1&psc=1">View Product</a></div><div class="product"><a href="https://www.amazon.com/dp/B073CWSQ51?tag=eloabder-20&linkCode=osi&th=1&psc=1"><img src="https://m.media-amazon.com/images/I/41lIHxirIkL._SL500_.jpg" alt="Product Image"></a><p>COLOR WOW Dream Coat Supernatural Spray, 6.7 Fl Oz – Keep Your Hair Frizz-Free and Shiny No Matter the Weather with Award-Winning Anti-Humidity Treatment</p><p>$28.00 ($4.18 / Fl Oz)</p><a href="https://www.amazon.com/dp/B073CWSQ51?tag=eloabder-20&linkCode=osi&th=1&psc=1">View Product</a></div><div class="product"><a href="https://www.amazon.com/dp/B075RGHQVF?tag=eloabder-20&linkCode=osi&th=1&psc=1"><img src="https://m.media-amazon.com/images/I/21TgD3HaqbL._SL500_.jpg" alt="Product Image"></a><p>American Crew Men's Fiber Cream, Like Hair Gel with Medium Hold & Natural Shine, 3.3 Fl Oz</p><p>$9.94 ($3.01 / Ounce)</p><a href="https://www.amazon.com/dp/B075RGHQVF?tag=eloabder-20&linkCode=osi&th=1&psc=1">View Product</a></div><div class="product"><a href="https://www.amazon.com/dp/B0BLWTQ7JC?tag=eloabder-20&linkCode=osi&th=1&psc=1"><img src="https://m.media-amazon.com/images/I/31jMkcol7VL._SL500_.jpg" alt="Product Image"></a><p>DAE Cactus Fruit 3-In-1 Styling Cream - Smooth Styles, Prep Shiny Blowouts, Defines Curls (5 oz.)</p><p>$30.00 ($6.00 / Ounce)</p><a href="https://www.amazon.com/dp/B0BLWTQ7JC?tag=eloabder-20&linkCode=osi&th=1&psc=1">View Product</a></div><div class="product"><a href="https://www.amazon.com/dp/B00H3DOSPU?tag=eloabder-20&linkCode=osi&th=1&psc=1"><img src="https://m.media-amazon.com/images/I/317clPmAyiL._SL500_.jpg" alt="Product Image"></a><p>Biolage Styling Gelée | Firm Hold That Adds Body, Shine & Control | For All Hair Types | Paraben-Free | Vegan | 16.9 fl. oz. | 16.9 Fl. Oz</p><p>$24.00 ($1.42 / Fl Oz)</p><a href="https://www.amazon.com/dp/B00H3DOSPU?tag=eloabder-20&linkCode=osi&th=1&psc=1">View Product</a></div><div class="product"><a href="https://www.amazon.com/dp/B08SNSSTPZ?tag=eloabder-20&linkCode=osi&th=1&psc=1"><img src="https://m.media-amazon.com/images/I/31KrkpMat6L._SL500_.jpg" alt="Product Image"></a><p>L3 Level 3 Styling Powder - Natural Look Mens Powder - Easy to Apply with No Oil or Greasy Residue (Small - 30 Grams)</p><p>$9.99 ($9.51 / Fl Oz)</p><a href="https://www.amazon.com/dp/B08SNSSTPZ?tag=eloabder-20&linkCode=osi&th=1&psc=1">View Product</a></div><div class="product"><a href="https://www.amazon.com/dp/B09MZS3D3K?tag=eloabder-20&linkCode=osi&th=1&psc=1"><img src="https://m.media-amazon.com/images/I/31CADZzpR7L._SL500_.jpg" alt="Product Image"></a><p>Marc Anthony Biotin Styling Hair Cream, Instantly Thick - Biotin & Vitamin E Hair Thickening Cream, Lightweight Hold for Thicker & Fuller Hair - Volumizing Hair Product for Thin, Flat Hair</p><p>$8.99 ($1.82 / Ounce)</p><a href="https://www.amazon.com/dp/B09MZS3D3K?tag=eloabder-20&linkCode=osi&th=1&psc=1">View Product</a></div><div class="product"><a href="https://www.amazon.com/dp/B0009OMNQQ?tag=eloabder-20&linkCode=osi&th=1&psc=1"><img src="https://m.media-amazon.com/images/I/21BMUFOie3L._SL500_.jpg" alt="Product Image"></a><p>Paul Mitchell Extra-Body Sculpting Foam, Thickens + Builds Body, For Fine Hair, 6.7 oz.</p><p>$16.50 ($2.46 / Fl Oz)</p><a href="https://www.amazon.com/dp/B0009OMNQQ?tag=eloabder-20&linkCode=osi&th=1&psc=1">View Product</a></div>
<div class="product"><a href="https://www.amazon.com/dp/B09LXMXSMN?tag=eloabder-20&linkCode=osi&th=1&psc=1"><img src="https://m.media-amazon.com/images/I/51Sly6w-y7L._SL500_.jpg" alt="Product Image"></a><p>Revlon ColorSilk Beautiful Color Permanent Hair Color, Long-Lasting High-Definition Color, Shine & Silky Softness with 100% Gray Coverage, Ammonia Free, 41 Medium Brown, 3 Pack</p><p>$11.91 ($0.90 / Fl Oz)</p><a href="https://www.amazon.com/dp/B09LXMXSMN?tag=eloabder-20&linkCode=osi&th=1&psc=1">View Product</a></div><div class="product"><a href="https://www.amazon.com/dp/B004INIW1Y?tag=eloabder-20&linkCode=osi&th=1&psc=1"><img src="https://m.media-amazon.com/images/I/51QXVxOgEkL._SL500_.jpg" alt="Product Image"></a><p>L'Oreal Paris Excellence Creme Permanent Hair Color, 4 Dark Brown, 100 percent Gray Coverage Hair Dye, Pack of 1</p><p>$10.97</p><a href="https://www.amazon.com/dp/B004INIW1Y?tag=eloabder-20&linkCode=osi&th=1&psc=1">View Product</a></div><div class="product"><a href="https://www.amazon.com/dp/B00TUM6QUC?tag=eloabder-20&linkCode=osi&th=1&psc=1"><img src="https://m.media-amazon.com/images/I/511vRRkzayL._SL500_.jpg" alt="Product Image"></a><p>Schwarzkopf Keratin Color Permanent Hair Color, 6.0 Delicate Praline, 1 Application - Salon Inspired Permanent Hair Dye, for up to 80% Less Breakage vs Untreated Hair and up to 100% Gray Coverage</p><p>$11.97</p><a href="https://www.amazon.com/dp/B00TUM6QUC?tag=eloabder-20&linkCode=osi&th=1&psc=1">View Product</a></div><div class="product"><a href="https://www.amazon.com/dp/B00006JN4M?tag=eloabder-20&linkCode=osi&th=1&psc=1"><img src="https://m.media-amazon.com/images/I/41YBT6aEgWL._SL500_.jpg" alt="Product Image"></a><p>L'Oreal Paris Superior Preference Fade-Defying + Shine Permanent Hair Color, 6 Light Brown, Pack of 1, Hair Dye</p><p>$11.97</p><a href="https://www.amazon.com/dp/B00006JN4M?tag=eloabder-20&linkCode=osi&th=1&psc=1">View Product</a></div><div class="product"><a href="https://www.amazon.com/dp/B07HXH48TF?tag=eloabder-20&linkCode=osi&th=1&psc=1"><img src="https://m.media-amazon.com/images/I/51VP1hHWq9L._SL500_.jpg" alt="Product Image"></a><p>Garnier Hair Color Nutrisse Nourishing Creme, 50 Medium Natural Brown (Truffle) Permanent Hair Dye, 2 Count (Packaging May Vary)</p><p>$16.98 ($8.49 / Count)</p><a href="https://www.amazon.com/dp/B07HXH48TF?tag=eloabder-20&linkCode=osi&th=1&psc=1">View Product</a></div><div class="product"><a href="https://www.amazon.com/dp/B001UMV18M?tag=eloabder-20&linkCode=osi&th=1&psc=1"><img src="https://m.media-amazon.com/images/I/51h21IlxAhL._SL500_.jpg" alt="Product Image"></a><p>Garnier Hair Color Nutrisse Nourishing Creme, 415 Soft Mahogany Brown (Raspberry Truffle) Permanent Hair Dye, 1 Count (Packaging May Vary)</p><p>$8.47</p><a href="https://www.amazon.com/dp/B001UMV18M?tag=eloabder-20&linkCode=osi&th=1&psc=1">View Product</a></div><div class="product"><a href="https://www.amazon.com/dp/B0B3KWJ242?tag=eloabder-20&linkCode=osi&th=1&psc=1"><img src="https://m.media-amazon.com/images/I/41fqsQmb0VL._SL500_.jpg" alt="Product Image"></a><p>COLORCHARM Demi Permanent Hair Color, 3N Medium Neutral Brown 2 oz</p><p>$9.99 ($5.00 / Fl Oz)</p><a href="https://www.amazon.com/dp/B0B3KWJ242?tag=eloabder-20&linkCode=osi&th=1&psc=1">View Product</a></div>
<div class="product"><a href="https://www.amazon.com/dp/B01ACPW1SG?tag=eloabder-20&linkCode=osi&th=1&psc=1"><img src="https://m.media-amazon.com/images/I/41aIRzbHxNL._SL500_.jpg" alt="Product Image"></a><p>CoverGirl & Olay Simply Ageless 3-in-1 Liquid Foundation, Matte Finish, Hyaluronic & Vitamin C Formula, Cruelty Free, Classic Ivory, 1 Count</p><p>$10.49</p><a href="https://www.amazon.com/dp/B01ACPW1SG?tag=eloabder-20&linkCode=osi&th=1&psc=1">View Product</a></div><div class="product"><a href="https://www.amazon.com/dp/B07MWSP8SG?tag=eloabder-20&linkCode=osi&th=1&psc=1"><img src="https://m.media-amazon.com/images/I/31B37fmqI7L._SL500_.jpg" alt="Product Image"></a><p>e.l.f. Flawless Finish Foundation, Improves Uneven Skin Tone, Lightweight, Medium Coverage & Semi-Matte, Vegan & Cruelty-Free, Beige 0.67 Fl Oz</p><p>$6.00</p><a href="https://www.amazon.com/dp/B07MWSP8SG?tag=eloabder-20&linkCode=osi&th=1&psc=1">View Product</a></div><div class="product"><a href="https://www.amazon.com/dp/B00PFCSUNC?tag=eloabder-20&linkCode=osi&th=1&psc=1"><img src="https://m.media-amazon.com/images/I/41FK6ukLnvL._SL500_.jpg" alt="Product Image"></a><p>Maybelline Fit Me Matte + Poreless Liquid Oil-Free Foundation Makeup, Natural Ivory, 1 Count (Packaging May Vary)</p><p>$7.10</p><a href="https://www.amazon.com/dp/B00PFCSUNC?tag=eloabder-20&linkCode=osi&th=1&psc=1">View Product</a></div><div class="product"><a href="https://www.amazon.com/dp/B0BCGZMTSY?tag=eloabder-20&linkCode=osi&th=1&psc=1"><img src="https://m.media-amazon.com/images/I/31Qa6QbmaiL._SL500_.jpg" alt="Product Image"></a><p>L'Oreal Paris True Match Super-Blendable Foundation, Medium Coverage Liquid Foundation Makeup, N3, Light Medium, 1 Fl Oz</p><p>$9.97</p><a href="https://www.amazon.com/dp/B0BCGZMTSY?tag=eloabder-20&linkCode=osi&th=1&psc=1">View Product</a></div><div class="product"><a href="https://www.amazon.com/dp/B000IEMGGE?tag=eloabder-20&linkCode=osi&th=1&psc=1"><img src="https://m.media-amazon.com/images/I/41RtSkNmHSL._SL500_.jpg" alt="Product Image"></a><p>LAURA GELLER NEW YORK Award-Winning Baked Balance-n-Brighten Color Correcting Powder Foundation - Fair - Buildable Light to Medium Coverage - Demi-Matte Natural Finish</p><p>$22.13</p><a href="https://www.amazon.com/dp/B000IEMGGE?tag=eloabder-20&linkCode=osi&th=1&psc=1">View Product</a></div><div class="product"><a href="https://www.amazon.com/dp/B01LMMZY6O?tag=eloabder-20&linkCode=osi&th=1&psc=1"><img src="https://m.media-amazon.com/images/I/41WWjJXCsFL._SL500_.jpg" alt="Product Image"></a><p>IT Cosmetics Your Skin But Better CC+ Cream, Medium (W) - Color Correcting Cream, Full-Coverage Foundation, Hydrating Serum & SPF 50+ Sunscreen - Natural Finish - 1.08 fl oz</p><p>$47.00 ($43.52 / Fl Oz)</p><a href="https://www.amazon.com/dp/B01LMMZY6O?tag=eloabder-20&linkCode=osi&th=1&psc=1">View Product</a></div><div class="product"><a href="https://www.amazon.com/dp/B07CVFY5PQ?tag=eloabder-20&linkCode=osi&th=1&psc=1"><img src="https://m.media-amazon.com/images/I/416VSGy4SKL._SL500_.jpg" alt="Product Image"></a><p>MagicMinerals AirBrush Foundation by Jerome Alexander – 2pc Set with Airbrush Foundation and Kabuki Brush - Spray Makeup with Anti-aging Ingredients for Smooth Radiant Skin - Medium</p><p>$19.99 ($11.11 / Fl Oz)</p><a href="https://www.amazon.com/dp/B07CVFY5PQ?tag=eloabder-20&linkCode=osi&th=1&psc=1">View Product</a></div><div class="product"><a href="https://www.amazon.com/dp/B0039UTUZE?tag=eloabder-20&linkCode=osi&th=1&psc=1"><img src="https://m.media-amazon.com/images/I/41eXDpZ835L._SL500_.jpg" alt="Product Image"></a><p>Revlon Liquid Foundation, ColorStay Face Makeup for Combination & Oily Skin, SPF 15, Medium-Full Coverage with Matte Finish, Natural Beige ((220), 1.0 oz</p><p>$9.70</p><a href="https://www.amazon.com/dp/B0039UTUZE?tag=eloabder-20&linkCode=osi&th=1&psc=1">View Product</a></div><div class="product"><a href="https://www.amazon.com/dp/B00I52QPAE?tag=eloabder-20&linkCode=osi&th=1&psc=1"><img src="https://m.media-amazon.com/images/I/317EDqzSg+L._SL500_.jpg" alt="Product Image"></a><p>Revlon Liquid Foundation, Age Defying 3XFace Makeup, Anti-Aging and Firming Formula, SPF 30, Longwear Medium Buildable Coverage with Natural Finish, 035 Natural Beige, 1 Fl Oz</p><p>$13.48</p><a href="https://www.amazon.com/dp/B00I52QPAE?tag=eloabder-20&linkCode=osi&th=1&psc=1">View Product</a></div><div class="product"><a href="https://www.amazon.com/dp/B07H621Q3H?tag=eloabder-20&linkCode=osi&th=1&psc=1"><img src="https://m.media-amazon.com/images/I/31JtVpLZ4FL._SL500_.jpg" alt="Product Image"></a><p>L'Oreal Paris Makeup Infallible Up to 32 Hour Fresh Wear Lightweight Foundation, 420 True Beige, 1 Fl Oz, Packaging May Vary</p><p>$11.98</p><a href="https://www.amazon.com/dp/B07H621Q3H?tag=eloabder-20&linkCode=osi&th=1&psc=1">View Product</a></div>
<div class="product"><a href="https://www.amazon.com/dp/B07Q9V4KMJ?tag=eloabder-20&linkCode=osi&th=1&psc=1"><img src="https://m.media-amazon.com/images/I/31pro1JWTCL._SL500_.jpg" alt="Product Image"></a><p>Maybelline Instant Age Rewind Eraser Dark Circles Treatment Multi-Use Concealer, 115, 1 Count (Packaging May Vary)</p><p>$8.42</p><a href="https://www.amazon.com/dp/B07Q9V4KMJ?tag=eloabder-20&linkCode=osi&th=1&psc=1">View Product</a></div><div class="product"><a href="https://www.amazon.com/dp/B07ZR14WBZ?tag=eloabder-20&linkCode=osi&th=1&psc=1"><img src="https://m.media-amazon.com/images/I/313ljymBVaL._SL500_.jpg" alt="Product Image"></a><p>e.l.f. Hydrating Camo Concealer, Lightweight, Full Coverage, Long Lasting, Conceals, Corrects, Covers, Hydrates, Highlights, Light Sand, Satin Finish, 25 Shades, All-Day Wear, 0.20 Fl Oz</p><p>$7.00</p><a href="https://www.amazon.com/dp/B07ZR14WBZ?tag=eloabder-20&linkCode=osi&th=1&psc=1">View Product</a></div><div class="product"><a href="https://www.amazon.com/dp/B0046VJV36?tag=eloabder-20&linkCode=osi&th=1&psc=1"><img src="https://m.media-amazon.com/images/I/31-ZFCLgLcL._SL500_.jpg" alt="Product Image"></a><p>Maybelline New York Fit Me Liquid Concealer Makeup, Natural Coverage, Lightweight, Conceals, Covers Oil-Free, Fair, 1 Count (Packaging May Vary)</p><p>$6.31</p><a href="https://www.amazon.com/dp/B0046VJV36?tag=eloabder-20&linkCode=osi&th=1&psc=1">View Product</a></div><div class="product"><a href="https://www.amazon.com/dp/B07ZR1CQHS?tag=eloabder-20&linkCode=osi&th=1&psc=1"><img src="https://m.media-amazon.com/images/I/31s0zWRX+4L._SL500_.jpg" alt="Product Image"></a><p>e.l.f. 16HR Camo Concealer, Full Coverage, Highly Pigmented Concealer With Matte Finish, Crease-proof, Vegan & Cruelty-Free, Light Ivory, 0.203 Fl Oz</p><p>$7.00</p><a href="https://www.amazon.com/dp/B07ZR1CQHS?tag=eloabder-20&linkCode=osi&th=1&psc=1">View Product</a></div><div class="product"><a href="https://www.amazon.com/dp/B009WI05BU?tag=eloabder-20&linkCode=osi&th=1&psc=1"><img src="https://m.media-amazon.com/images/I/312BFbzGKlL._SL500_.jpg" alt="Product Image"></a><p>L.A. Girl Pro Concealer, Fawn, 0.28 Oz (LAX-GC983-A)</p><p>$4.99</p><a href="https://www.amazon.com/dp/B009WI05BU?tag=eloabder-20&linkCode=osi&th=1&psc=1">View Product</a></div><div class="product"><a href="https://www.amazon.com/dp/B0814SLHQH?tag=eloabder-20&linkCode=osi&th=1&psc=1"><img src="https://m.media-amazon.com/images/I/312GW4aGnRL._SL500_.jpg" alt="Product Image"></a><p>Neutrogena Healthy Skin Radiant Brightening Cream Concealer with Peptides & Vitamin E Antioxidant,Lightweight Perfecting Concealer,Non-Comedogenic,Bisque Light/Medium 02 neutral undertones,0.24 oz</p><p>$5.62</p><a href="https://www.amazon.com/dp/B0814SLHQH?tag=eloabder-20&linkCode=osi&th=1&psc=1">View Product</a></div><div class="product"><a href="https://www.amazon.com/dp/B06XQWS1N9?tag=eloabder-20&linkCode=osi&th=1&psc=1"><img src="https://m.media-amazon.com/images/I/31rKumTg1GL._SL500_.jpg" alt="Product Image"></a><p>COVERGIRL Smoothers Concealer, Medium 715, 0.14 ounce (packaging may vary)</p><p>$7.28</p><a href="https://www.amazon.com/dp/B06XQWS1N9?tag=eloabder-20&linkCode=osi&th=1&psc=1">View Product</a></div><div class="product"><a href="https://www.amazon.com/dp/B07GWH2GDP?tag=eloabder-20&linkCode=osi&th=1&psc=1"><img src="https://m.media-amazon.com/images/I/41U+lbOEtuL._SL500_.jpg" alt="Product Image"></a><p>IT Cosmetics Bye Bye Under Eye Full Coverage Concealer - for Dark Circles, Fine Lines, Redness & Discoloration – Waterproof - Anti-Aging - Natural Finish – 0.4 fl oz</p><p>$17.40 ($43.50 / Fl Oz)</p><a href="https://www.amazon.com/dp/B07GWH2GDP?tag=eloabder-20&linkCode=osi&th=1&psc=1">View Product</a></div><div class="product"><a href="https://www.amazon.com/dp/B07H67H5LH?tag=eloabder-20&linkCode=osi&th=1&psc=1"><img src="https://m.media-amazon.com/images/I/31bWoYCj-nL._SL500_.jpg" alt="Product Image"></a><p>L'Oreal Paris Makeup Infallible Full Wear Waterproof Matte Concealer, Full Coverage, Ivory, 0.33 fl. oz.</p><p>$10.82</p><a href="https://www.amazon.com/dp/B07H67H5LH?tag=eloabder-20&linkCode=osi&th=1&psc=1">View Product</a></div><div class="product"><a href="https://www.amazon.com/dp/B0B51NLJWQ?tag=eloabder-20&linkCode=osi&th=1&psc=1"><img src="https://m.media-amazon.com/images/I/31GXqccxM0L._SL500_.jpg" alt="Product Image"></a><p>Fièra Luxury Concealer with Anti-Aging - All Day Coverage for Dark Circles, Fine Lines, Wrinkles & Spots - Neutral Beige, 0.5 Ounce</p><p>$27.00</p><a href="https://www.amazon.com/dp/B0B51NLJWQ?tag=eloabder-20&linkCode=osi&th=1&psc=1">View Product</a></div>
<div class="product"><a href="https://www.amazon.com/dp/B092JQ23N5?tag=eloabder-20&linkCode=osi&th=1&psc=1"><img src="https://m.media-amazon.com/images/I/51OUufwItlL._SL500_.jpg" alt="Product Image"></a><p>URBAN DECAY 24/7 Longwear Eyeshadow Single (Sin - Champagne Shimmer), High-Pigment Eye Shadow Compact, Smooth & Blendable Colors, Crease-free, Vegan - 0.06 oz</p><p>$22.00</p><a href="https://www.amazon.com/dp/B092JQ23N5?tag=eloabder-20&linkCode=osi&th=1&psc=1">View Product</a></div><div class="product"><a href="https://www.amazon.com/dp/B01IW02HX2?tag=eloabder-20&linkCode=osi&th=1&psc=1"><img src="https://m.media-amazon.com/images/I/510F-WOAL4L._SL500_.jpg" alt="Product Image"></a><p>NYX PROFESSIONAL MAKEUP Ultimate Shadow Palette, Eyeshadow Palette - Warm Neutrals</p><p>$12.40</p><a href="https://www.amazon.com/dp/B01IW02HX2?tag=eloabder-20&linkCode=osi&th=1&psc=1">View Product</a></div><div class="product"><a href="https://www.amazon.com/dp/B085WR3YDT?tag=eloabder-20&linkCode=osi&th=1&psc=1"><img src="https://m.media-amazon.com/images/I/41cuO8PyoTL._SL500_.jpg" alt="Product Image"></a><p>wet n wild Color Icon Cream Eyeshadow Multi-Stick, Moisturizing, Nourishing Velvety Cream-to-Powder Buildable & Blendable Formula, Cruelty-Free & Vegan - Champagne Room</p><p>$3.28</p><a href="https://www.amazon.com/dp/B085WR3YDT?tag=eloabder-20&linkCode=osi&th=1&psc=1">View Product</a></div><div class="product"><a href="https://www.amazon.com/dp/B00L5SMFJU?tag=eloabder-20&linkCode=osi&th=1&psc=1"><img src="https://m.media-amazon.com/images/I/41-WaM3A3tL._SL500_.jpg" alt="Product Image"></a><p>Covergirl Eye Enhancers Eye Shadow Palette, Natural Nudes, 0.19 Ounce</p><p>$4.97</p><a href="https://www.amazon.com/dp/B00L5SMFJU?tag=eloabder-20&linkCode=osi&th=1&psc=1">View Product</a></div><div class="product"><a href="https://www.amazon.com/dp/B01LW1983J?tag=eloabder-20&linkCode=osi&th=1&psc=1"><img src="https://m.media-amazon.com/images/I/51EsPf59XBL._SL500_.jpg" alt="Product Image"></a><p>Julep Eyeshadow 101 Crème to Powder Waterproof Eyeshadow Stick, Champagne Shimmer</p><p>$18.00</p><a href="https://www.amazon.com/dp/B01LW1983J?tag=eloabder-20&linkCode=osi&th=1&psc=1">View Product</a></div><div class="product"><a href="https://www.amazon.com/dp/B00UKP1M2K?tag=eloabder-20&linkCode=osi&th=1&psc=1"><img src="https://m.media-amazon.com/images/I/41hSsvPHKxL._SL500_.jpg" alt="Product Image"></a><p>Maybelline The Blushed Nudes Eyeshadow Palette Makeup, 12 Pigmented Matte & Shimmer Shades, Blendable Powder, 1 Count</p><p>$9.32</p><a href="https://www.amazon.com/dp/B00UKP1M2K?tag=eloabder-20&linkCode=osi&th=1&psc=1">View Product</a></div><div class="product"><a href="https://www.amazon.com/dp/B073ZBGLJF?tag=eloabder-20&linkCode=osi&th=1&psc=1"><img src="https://m.media-amazon.com/images/I/41go9Ug8AOL._SL500_.jpg" alt="Product Image"></a><p>BestLand 2 Pack 12 Colors Makeup Nude Colors Eyeshadow Palette Natural Nude Matte Shimmer Glitter Pigment Eye Shadow Pallete Set Waterproof Smokey Professional Beauty Makeup Kit (2 PCS)</p><p>$9.99</p><a href="https://www.amazon.com/dp/B073ZBGLJF?tag=eloabder-20&linkCode=osi&th=1&psc=1">View Product</a></div><div class="product"><a href="https://www.amazon.com/dp/B08RS6WNX7?tag=eloabder-20&linkCode=osi&th=1&psc=1"><img src="https://m.media-amazon.com/images/I/51qCii788PL._SL500_.jpg" alt="Product Image"></a><p>wet n wild Color Icon 5-Pan Palette Brown Walking On Eggshells</p><p>$3.19</p><a href="https://www.amazon.com/dp/B08RS6WNX7?tag=eloabder-20&linkCode=osi&th=1&psc=1">View Product</a></div><div class="product"><a href="https://www.amazon.com/dp/B0CV5ZTFCR?tag=eloabder-20&linkCode=osi&th=1&psc=1"><img src="https://m.media-amazon.com/images/I/21inptU-eJL._SL500_.jpg" alt="Product Image"></a><p>Covergirl Clean Eye Color, French Violet, Eyeshadow Sticks, Ultra Creamy Formula, Lightweight, Buildable Formula, Lasts All Day, Smudge-Proof, 0.05oz</p><p>$8.98</p><a href="https://www.amazon.com/dp/B0CV5ZTFCR?tag=eloabder-20&linkCode=osi&th=1&psc=1">View Product</a></div><div class="product"><a href="https://www.amazon.com/dp/B0CXF99TNQ?tag=eloabder-20&linkCode=osi&th=1&psc=1"><img src="https://m.media-amazon.com/images/I/31kCYsLvwwL._SL500_.jpg" alt="Product Image"></a><p>L'Oreal Paris Makeup Paradise Le Shadow Stick Eyeshadow, Blendable, Smudge-Resistant, Cream Eyeshadow, 120 Magnetic Mauve (Shimmering Lavender Mauve), 0.05 Oz</p><p>$9.98</p><a href="https://www.amazon.com/dp/B0CXF99TNQ?tag=eloabder-20&linkCode=osi&th=1&psc=1">View Product</a></div>
<div class="product"><a href="https://www.amazon.com/dp/B0BG7MWNNN?tag=eloabder-20&linkCode=osi&th=1&psc=1"><img src="https://m.media-amazon.com/images/I/41E8W4N+FkL._SL500_.jpg" alt="Product Image"></a><p>Prime Prometics PrimeLash Mascara for Older Women – Volumizing, Incredible Length in 2 Coats – Long-Stay, Zero Clumps, Hypoallergenic (Brown)</p><p>$28.00</p><a href="https://www.amazon.com/dp/B0BG7MWNNN?tag=eloabder-20&linkCode=osi&th=1&psc=1">View Product</a></div><div class="product"><a href="https://www.amazon.com/dp/B00T0C9XRK?tag=eloabder-20&linkCode=osi&th=1&psc=1"><img src="https://m.media-amazon.com/images/I/41IP2ZEXFNL._SL500_.jpg" alt="Product Image"></a><p>essence | Lash Princess False Lash Effect Mascara | Volumizing & Lengthening | Cruelty Free & Paraben Free</p><p>$4.99 ($12.17 / Fl Oz )</p><a href="https://www.amazon.com/dp/B00T0C9XRK?tag=eloabder-20&linkCode=osi&th=1&psc=1">View Product</a></div><div class="product"><a href="https://www.amazon.com/dp/B01DPA6OHO?tag=eloabder-20&linkCode=osi&th=1&psc=1"><img src="https://m.media-amazon.com/images/I/31xGLWu4IKL._SL500_.jpg" alt="Product Image"></a><p>L'Oreal Paris Makeup Voluminous Lash Boosting Conditioning Primer Mascara, White Primer, 0.24 fl; oz.</p><p>$8.98</p><a href="https://www.amazon.com/dp/B01DPA6OHO?tag=eloabder-20&linkCode=osi&th=1&psc=1">View Product</a></div><div class="product"><a href="https://www.amazon.com/dp/B004BD107O?tag=eloabder-20&linkCode=osi&th=1&psc=1"><img src="https://m.media-amazon.com/images/I/31OWqsdljyL._SL500_.jpg" alt="Product Image"></a><p>L'Oreal Paris Makeup Telescopic Original Lengthening Mascara, Blackest Black, 0.27 Fl Oz (1 Count)</p><p>$10.99</p><a href="https://www.amazon.com/dp/B004BD107O?tag=eloabder-20&linkCode=osi&th=1&psc=1">View Product</a></div><div class="product"><a href="https://www.amazon.com/dp/B06XF2TR11?tag=eloabder-20&linkCode=osi&th=1&psc=1"><img src="https://m.media-amazon.com/images/I/31B6RR270IL._SL500_.jpg" alt="Product Image"></a><p>L'Oreal Paris Voluminous Makeup Lash Paradise Mascara, Voluptuous Volume, Intense Length, Feathery Soft Full Lashes, No Flaking, No Smudging, No Clumping, Blackest Black, 1 Count</p><p>$9.97</p><a href="https://www.amazon.com/dp/B06XF2TR11?tag=eloabder-20&linkCode=osi&th=1&psc=1">View Product</a></div><div class="product"><a href="https://www.amazon.com/dp/B00PFCT2R0?tag=eloabder-20&linkCode=osi&th=1&psc=1"><img src="https://m.media-amazon.com/images/I/31RyE6ZtDIL._SL500_.jpg" alt="Product Image"></a><p>Maybelline Lash Sensational Washable Mascara, Lengthening and Volumizing for a Full Fan Effect, Blackest Black, 1 Count</p><p>$9.09</p><a href="https://www.amazon.com/dp/B00PFCT2R0?tag=eloabder-20&linkCode=osi&th=1&psc=1">View Product</a></div><div class="product"><a href="https://www.amazon.com/dp/B08TPCHYLW?tag=eloabder-20&linkCode=osi&th=1&psc=1"><img src="https://m.media-amazon.com/images/I/31EWIaihEwL._SL500_.jpg" alt="Product Image"></a><p>Lancôme Lash Idôle Lash-Lifting & Volumizing Mascara - Black Mascara for Instant Volume, Length & Lift - Smudge Proof & Up To 24H Wear - Black</p><p>$30.00 ($111.11 / Fl Oz)</p><a href="https://www.amazon.com/dp/B08TPCHYLW?tag=eloabder-20&linkCode=osi&th=1&psc=1">View Product</a></div><div class="product"><a href="https://www.amazon.com/dp/B08M96YZN1?tag=eloabder-20&linkCode=osi&th=1&psc=1"><img src="https://m.media-amazon.com/images/I/31ByMmFi-qL._SL500_.jpg" alt="Product Image"></a><p>CoverGirl Lash Blast Clean Volume Mascara, Vegan Formula, Volumizing, Smudge-Proof, Cruelty Free, Very Black, 1 Count</p><p>$9.37</p><a href="https://www.amazon.com/dp/B08M96YZN1?tag=eloabder-20&linkCode=osi&th=1&psc=1">View Product</a></div>
<div class="product"><a href="https://www.amazon.com/dp/B0C9TXLWLY?tag=eloabder-20&linkCode=osi&th=1&psc=1"><img src="https://m.media-amazon.com/images/I/31-5KVw5KDL._SL500_.jpg" alt="Product Image"></a><p>PRIME PROMETICS PrimeEyes Glide Eyeliner for Mature Women – Water-Resistant, Long-Stay and Mess-Proof – Gel Cream Texture, Discreet Sharpener and Effective Smudger (Black)</p><p>$28.00 ($28.00 / Count)</p><a href="https://www.amazon.com/dp/B0C9TXLWLY?tag=eloabder-20&linkCode=osi&th=1&psc=1">View Product</a></div><div class="product"><a href="https://www.amazon.com/dp/B07MWSXPT1?tag=eloabder-20&linkCode=osi&th=1&psc=1"><img src="https://m.media-amazon.com/images/I/315xthaPi6L._SL500_.jpg" alt="Product Image"></a><p>e.l.f. No Budge Retractable Eyeliner, Creamy, Ultra-Pigmented & Waterproof, Creates Bold & Defined Lines, Vegan & Cruelty-Free, Black 0.006 Oz</p><p>$4.00</p><a href="https://www.amazon.com/dp/B07MWSXPT1?tag=eloabder-20&linkCode=osi&th=1&psc=1">View Product</a></div><div class="product"><a href="https://www.amazon.com/dp/B074Y8LM6T?tag=eloabder-20&linkCode=osi&th=1&psc=1"><img src="https://m.media-amazon.com/images/I/316blXt1KxL._SL500_.jpg" alt="Product Image"></a><p>NYX PROFESSIONAL MAKEUP Epic Ink Liner, Waterproof Liquid Eyeliner - Black, Vegan Formula</p><p>$8.06</p><a href="https://www.amazon.com/dp/B074Y8LM6T?tag=eloabder-20&linkCode=osi&th=1&psc=1">View Product</a></div><div class="product"><a href="https://www.amazon.com/dp/B01J1A3TFW?tag=eloabder-20&linkCode=osi&th=1&psc=1"><img src="https://m.media-amazon.com/images/I/51z42sdOArL._SL500_.jpg" alt="Product Image"></a><p>Revlon Pencil Eyeliner, ColorStay Eye Makeup with Built-in Sharpener, Waterproof, Smudge-proof, Longwearing with Ultra-Fine Tip, 201 Black, 2 count (Pack of 1)</p><p>$11.38</p><a href="https://www.amazon.com/dp/B01J1A3TFW?tag=eloabder-20&linkCode=osi&th=1&psc=1">View Product</a></div><div class="product"><a href="https://www.amazon.com/dp/B07W8JJ61X?tag=eloabder-20&linkCode=osi&th=1&psc=1"><img src="https://m.media-amazon.com/images/I/31wj5vRROwL._SL500_.jpg" alt="Product Image"></a><p>Maybelline Hyper Easy Liquid Pen No-Skip Eyeliner, Satin Finish, Waterproof Formula, Pitch Black, 0.018 Fl Oz</p><p>$8.38</p><a href="https://www.amazon.com/dp/B07W8JJ61X?tag=eloabder-20&linkCode=osi&th=1&psc=1">View Product</a></div><div class="product"><a href="https://www.amazon.com/dp/B005G9E9FW?tag=eloabder-20&linkCode=osi&th=1&psc=1"><img src="https://m.media-amazon.com/images/I/51poZdEojrL._SL500_.jpg" alt="Product Image"></a><p>NYX PROFESSIONAL MAKEUP Vivid Rich Mechanical Eye Pencil, Vivid Rich Mechanical, Creamy Retractable Eyeliner - Smokin Topaz, Brown Eyeliner</p><p>$6.00</p><a href="https://www.amazon.com/dp/B005G9E9FW?tag=eloabder-20&linkCode=osi&th=1&psc=1">View Product</a></div><div class="product"><a href="https://www.amazon.com/dp/B07NX61ZHN?tag=eloabder-20&linkCode=osi&th=1&psc=1"><img src="https://m.media-amazon.com/images/I/31kQNTwJazL._SL500_.jpg" alt="Product Image"></a><p>Rimmel London exaggerate auto waterproof eye definer in blackest black, 2 Count</p><p>$6.97</p><a href="https://www.amazon.com/dp/B07NX61ZHN?tag=eloabder-20&linkCode=osi&th=1&psc=1">View Product</a></div><div class="product"><a href="https://www.amazon.com/dp/B0BQWT8R9K?tag=eloabder-20&linkCode=osi&th=1&psc=1"><img src="https://m.media-amazon.com/images/I/31F1asQuosL._SL500_.jpg" alt="Product Image"></a><p>wet n wild Breakup Proof Liquid Eyeliner - Ultra-Fine Brush, Waterproof, Long-Lasting - Cruelty-Free & Vegan - Ultra Black</p><p>$4.04</p><a href="https://www.amazon.com/dp/B0BQWT8R9K?tag=eloabder-20&linkCode=osi&th=1&psc=1">View Product</a></div><div class="product"><a href="https://www.amazon.com/dp/B082YPRCMM?tag=eloabder-20&linkCode=osi&th=1&psc=1"><img src="https://m.media-amazon.com/images/I/317ubI9GTBL._SL500_.jpg" alt="Product Image"></a><p>wet n wild Mega Last Breakup Proof Eyeliner, Quick Drying, Waterproof, 16-Hour Wear - Cruelty-Free & Vegan - Blackest Black</p><p>$2.28</p><a href="https://www.amazon.com/dp/B082YPRCMM?tag=eloabder-20&linkCode=osi&th=1&psc=1">View Product</a></div><div class="product"><a href="https://www.amazon.com/dp/B07GX832KD?tag=eloabder-20&linkCode=osi&th=1&psc=1"><img src="https://m.media-amazon.com/images/I/315wR2F58-L._SL500_.jpg" alt="Product Image"></a><p>Maybelline TattooStudio Long-Lasting Sharpenable Eyeliner Pencil, Glide on Smooth Gel Pigments with 36 Hour Wear, Waterproof, Deep Onyx, 1 Count</p><p>$6.66</p><a href="https://www.amazon.com/dp/B07GX832KD?tag=eloabder-20&linkCode=osi&th=1&psc=1">View Product</a></div>
<div class="product"><a href="https://www.amazon.com/dp/B09T8DQ1SG?tag=eloabder-20&linkCode=osi&th=1&psc=1"><img src="https://m.media-amazon.com/images/I/41gpuwrIhOL._SL500_.jpg" alt="Product Image"></a><p>Maybelline Super Stay Vinyl Ink Longwear No-Budge Liquid Lipcolor Makeup, Highly Pigmented Color and Instant Shine, Royal, Deep Wine Red Lipstick, 0.14 fl oz, 1 Count</p><p>$9.82</p><a href="https://www.amazon.com/dp/B09T8DQ1SG?tag=eloabder-20&linkCode=osi&th=1&psc=1">View Product</a></div><div class="product"><a href="https://www.amazon.com/dp/B004BCTEF0?tag=eloabder-20&linkCode=osi&th=1&psc=1"><img src="https://m.media-amazon.com/images/I/31G9f-P8tML._SL500_.jpg" alt="Product Image"></a><p>L’Oréal Paris Colour Riche Original Creamy, Hydrating Satin Lipstick with Argan Oil and Vitamin E, Saucy Mauve , 1 Count</p><p>$6.71</p><a href="https://www.amazon.com/dp/B004BCTEF0?tag=eloabder-20&linkCode=osi&th=1&psc=1">View Product</a></div><div class="product"><a href="https://www.amazon.com/dp/B08H4FSGDX?tag=eloabder-20&linkCode=osi&th=1&psc=1"><img src="https://m.media-amazon.com/images/I/31OAiyoloML._SL500_.jpg" alt="Product Image"></a><p>Maybelline Super Stay Matte Ink Liquid Lipstick Makeup, Long Lasting High Impact Color, Up to 16H Wear, Exhilarator, Ruby Red, 1 Count</p><p>$9.18</p><a href="https://www.amazon.com/dp/B08H4FSGDX?tag=eloabder-20&linkCode=osi&th=1&psc=1">View Product</a></div><div class="product"><a href="https://www.amazon.com/dp/B07XTTDTWR?tag=eloabder-20&linkCode=osi&th=1&psc=1"><img src="https://m.media-amazon.com/images/I/31M4QldCq3L._SL500_.jpg" alt="Product Image"></a><p>REVLON Lipstick, Super Lustrous Lipstick, Creamy Formula For Soft, Fuller-Looking Lips, Moisturized Feel in Nudes & Browns, Bare It All (755) 0.15 oz</p><p>$6.48</p><a href="https://www.amazon.com/dp/B07XTTDTWR?tag=eloabder-20&linkCode=osi&th=1&psc=1">View Product</a></div><div class="product"><a href="https://www.amazon.com/dp/B079KFP7NT?tag=eloabder-20&linkCode=osi&th=1&psc=1"><img src="https://m.media-amazon.com/images/I/41Ih8G0FSmL._SL500_.jpg" alt="Product Image"></a><p>wet n wild Silk Finish Lipstick, Hydrating Rich Buildable Lip Color, Formulated with Vitamins A,E, & Macadamia for Ultimate Hydration, Cruelty-Free & Vegan - Raging Red</p><p>$1.29</p><a href="https://www.amazon.com/dp/B079KFP7NT?tag=eloabder-20&linkCode=osi&th=1&psc=1">View Product</a></div><div class="product"><a href="https://www.amazon.com/dp/B002F3R44K?tag=eloabder-20&linkCode=osi&th=1&psc=1"><img src="https://m.media-amazon.com/images/I/41-gXIE96GL._SL500_.jpg" alt="Product Image"></a><p>Revlon Lipstick, Super Lustrous Lipstick, Creamy Formula For Soft, Fuller-Looking Lips, Moisturized Feel in Pinks, Pink In The Afternoon (415) 0.15 oz</p><p>$6.48</p><a href="https://www.amazon.com/dp/B002F3R44K?tag=eloabder-20&linkCode=osi&th=1&psc=1">View Product</a></div><div class="product"><a href="https://www.amazon.com/dp/B001LFER98?tag=eloabder-20&linkCode=osi&th=1&psc=1"><img src="https://m.media-amazon.com/images/I/41wezVKuIoL._SL500_.jpg" alt="Product Image"></a><p>REVLON Lipstick, Super Lustrous Lipstick, Creamy Formula For Soft, Fuller-Looking Lips, Moisturized Feel in Reds & Corals, Peach Me (628) 0.15 oz</p><p>$4.99</p><a href="https://www.amazon.com/dp/B001LFER98?tag=eloabder-20&linkCode=osi&th=1&psc=1">View Product</a></div><div class="product"><a href="https://www.amazon.com/dp/B082YQ2978?tag=eloabder-20&linkCode=osi&th=1&psc=1"><img src="https://m.media-amazon.com/images/I/31QsMhXUSeL._SL500_.jpg" alt="Product Image"></a><p>wet n wild Mega Last High-Shine Lipstick Lip Color, Infused with Seed Oils For a Nourishing High-Shine, Buildable & Blendable Creamy Color, Cruelty-Free & Vegan - Mad for Mauve</p><p>$2.28</p><a href="https://www.amazon.com/dp/B082YQ2978?tag=eloabder-20&linkCode=osi&th=1&psc=1">View Product</a></div>
<div class="product"><a href="https://www.amazon.com/dp/B09SP2XHKT?tag=eloabder-20&linkCode=osi&th=1&psc=1"><img src="https://m.media-amazon.com/images/I/31KGrScgA8L._SL500_.jpg" alt="Product Image"></a><p>NYX PROFESSIONAL MAKEUP Butter Gloss, Non-Sticky Lip Gloss - Sugar Glass (Clear)</p><p>$5.99</p><a href="https://www.amazon.com/dp/B09SP2XHKT?tag=eloabder-20&linkCode=osi&th=1&psc=1">View Product</a></div><div class="product"><a href="https://www.amazon.com/dp/B08GSTZ7ZW?tag=eloabder-20&linkCode=osi&th=1&psc=1"><img src="https://m.media-amazon.com/images/I/41nPuTtXVgL._SL500_.jpg" alt="Product Image"></a><p>Ruby Kisses Broadway Vita-Lip Clear Lip Gloss - Moisturizing, Hydrating, Nourishing with Mint, Rosehip, Coconut, Mango, Argan, Honey & Shea</p><p>$7.99 ($2.12 / Ounce)</p><a href="https://www.amazon.com/dp/B08GSTZ7ZW?tag=eloabder-20&linkCode=osi&th=1&psc=1">View Product</a></div><div class="product"><a href="https://www.amazon.com/dp/B015RPE14S?tag=eloabder-20&linkCode=osi&th=1&psc=1"><img src="https://m.media-amazon.com/images/I/31FRC3fz7EL._SL500_.jpg" alt="Product Image"></a><p>L.A. Colors High Shine Shea Butter Lip Gloss, Clear, 0.14 Ounce</p><p>$1.98</p><a href="https://www.amazon.com/dp/B015RPE14S?tag=eloabder-20&linkCode=osi&th=1&psc=1">View Product</a></div><div class="product"><a href="https://www.amazon.com/dp/B00Q26VWZI?tag=eloabder-20&linkCode=osi&th=1&psc=1"><img src="https://m.media-amazon.com/images/I/31Bqig96T0L._SL500_.jpg" alt="Product Image"></a><p>Rimmel Stay Glossy Lip Gloss - Non-Sticky and Lightweight Formula for Lip Color and Shine - 130 Blushing Belgraves, .18oz</p><p>$4.32</p><a href="https://www.amazon.com/dp/B00Q26VWZI?tag=eloabder-20&linkCode=osi&th=1&psc=1">View Product</a></div><div class="product"><a href="https://www.amazon.com/dp/B0C1MH8R2M?tag=eloabder-20&linkCode=osi&th=1&psc=1"><img src="https://m.media-amazon.com/images/I/31adT7DtBYL._SL500_.jpg" alt="Product Image"></a><p>Maybelline New York Lifter Gloss Hydrating Lip Gloss with Hyaluronic Acid, Gummy Bear, Sheer Light Pink, 1 Count</p><p>$8.98</p><a href="https://www.amazon.com/dp/B0C1MH8R2M?tag=eloabder-20&linkCode=osi&th=1&psc=1">View Product</a></div><div class="product"><a href="https://www.amazon.com/dp/B01N1ZC8JZ?tag=eloabder-20&linkCode=osi&th=1&psc=1"><img src="https://m.media-amazon.com/images/I/41fsaqWz6SL._SL500_.jpg" alt="Product Image"></a><p>Broadway Vita-Lip Clear Lip Gloss 0.47oz/14ml (5PCS Mint & Coconut & Rosehip & Mango Butter & Argan Oil) (5 PCS SET)</p><p>$5.99</p><a href="https://www.amazon.com/dp/B01N1ZC8JZ?tag=eloabder-20&linkCode=osi&th=1&psc=1">View Product</a></div><div class="product"><a href="https://www.amazon.com/dp/B07DY2QRF6?tag=eloabder-20&linkCode=osi&th=1&psc=1"><img src="https://m.media-amazon.com/images/I/31qXrVfhvCL._SL500_.jpg" alt="Product Image"></a><p>LANEIGE Lip Glowy Balm Berry: Hydrate, Glossy, Lightweight, Moisturize & Tint with Shea Butter</p><p>$19.00 ($54.29 / Ounce)</p><a href="https://www.amazon.com/dp/B07DY2QRF6?tag=eloabder-20&linkCode=osi&th=1&psc=1">View Product</a></div><div class="product"><a href="https://www.amazon.com/dp/B09DMGWJKY?tag=eloabder-20&linkCode=osi&th=1&psc=1"><img src="https://m.media-amazon.com/images/I/41nIFmIKHRL._SL500_.jpg" alt="Product Image"></a><p>Broadway Vita-Lip Clear Lip Gloss Moisturizing Hydrating Nourishing Long Lasting High Shine Glossy Lip Care Gloss 0.47oz/14ml (10 PCS SET)</p><p>$9.99</p><a href="https://www.amazon.com/dp/B09DMGWJKY?tag=eloabder-20&linkCode=osi&th=1&psc=1">View Product</a></div><div class="product"><a href="https://www.amazon.com/dp/B0BSR85M24?tag=eloabder-20&linkCode=osi&th=1&psc=1"><img src="https://m.media-amazon.com/images/I/31eKHNoE3KL._SL500_.jpg" alt="Product Image"></a><p>e.l.f. Lip Lacquer, Nourishing, Non-Sticky Ultra-Shine Lip Gloss With Sheer Color, Infused With Vitamins A & E, Vegan & Cruelty-Free, Whisper Pink</p><p>$3.00</p><a href="https://www.amazon.com/dp/B0BSR85M24?tag=eloabder-20&linkCode=osi&th=1&psc=1">View Product</a></div><div class="product"><a href="https://www.amazon.com/dp/B081C6PXZJ?tag=eloabder-20&linkCode=osi&th=1&psc=1"><img src="https://m.media-amazon.com/images/I/51+emO79aqL._SL500_.jpg" alt="Product Image"></a><p>NICKA K NEW YORK VARIETY SET OF 5 NK Hydrating Lip Gel - Vitamin E (Clear, Rosehip Oil, Bubble Gum, Cherry, Strawberry)</p><p>$5.43</p><a href="https://www.amazon.com/dp/B081C6PXZJ?tag=eloabder-20&linkCode=osi&th=1&psc=1">View Product</a></div>
<div class="product"><a href="https://www.amazon.com/dp/B07PNCB73M?tag=eloabder-20&linkCode=osi&th=1&psc=1"><img src="https://m.media-amazon.com/images/I/41+KYSFOLML._SL500_.jpg" alt="Product Image"></a><p>Milani Baked Blush - Petal Primavera (0.12 Ounce) Cruelty-Free Powder Blush - Shape, Contour & Highlight Face for a Shimmery or Matte Finish</p><p>$8.97</p><a href="https://www.amazon.com/dp/B07PNCB73M?tag=eloabder-20&linkCode=osi&th=1&psc=1">View Product</a></div><div class="product"><a href="https://www.amazon.com/dp/B0CZ5HLDK9?tag=eloabder-20&linkCode=osi&th=1&psc=1"><img src="https://m.media-amazon.com/images/I/41rZu1cS8QL._SL500_.jpg" alt="Product Image"></a><p>NYX PROFESSIONAL MAKEUP Buttermelt Powder Blush, Fade and Transfer-Resistant Blush, Up to 12HR Make Up Wear, Vegan Formula - For The Butta</p><p>$9.97</p><a href="https://www.amazon.com/dp/B0CZ5HLDK9?tag=eloabder-20&linkCode=osi&th=1&psc=1">View Product</a></div><div class="product"><a href="https://www.amazon.com/dp/B0CPFYGNR7?tag=eloabder-20&linkCode=osi&th=1&psc=1"><img src="https://m.media-amazon.com/images/I/31EJvMa7jyL._SL500_.jpg" alt="Product Image"></a><p>e.l.f. Camo Liquid Blush, Long-lasting Liquid Blush For High-pigment Color, Creates A Soft, Dewy Finish, Vegan & Cruelty-free, Dusty Rosé</p><p>$7.00</p><a href="https://www.amazon.com/dp/B0CPFYGNR7?tag=eloabder-20&linkCode=osi&th=1&psc=1">View Product</a></div><div class="product"><a href="https://www.amazon.com/dp/B06XDNPXD1?tag=eloabder-20&linkCode=osi&th=1&psc=1"><img src="https://m.media-amazon.com/images/I/41IryPTf51L._SL500_.jpg" alt="Product Image"></a><p>Maybelline Fit Me Powder Blush, Lightweight, Smooth, Blendable, Long-lasting All-Day Face Enhancing Makeup Color, Mauve, 1 Count</p><p>$4.62</p><a href="https://www.amazon.com/dp/B06XDNPXD1?tag=eloabder-20&linkCode=osi&th=1&psc=1">View Product</a></div><div class="product"><a href="https://www.amazon.com/dp/B082YPNTZ4?tag=eloabder-20&linkCode=osi&th=1&psc=1"><img src="https://m.media-amazon.com/images/I/41vtXkWXs8L._SL500_.jpg" alt="Product Image"></a><p>wet n wild Color Icon Blush, Effortless Glow & Seamless Blend infused with Luxuriously Smooth Jojoba Oil, Sheer Finish with a Matte Natural Glow, Cruelty-Free & Vegan - Pinch Me Pink</p><p>$3.28</p><a href="https://www.amazon.com/dp/B082YPNTZ4?tag=eloabder-20&linkCode=osi&th=1&psc=1">View Product</a></div><div class="product"><a href="https://www.amazon.com/dp/B0CPFWJJQJ?tag=eloabder-20&linkCode=osi&th=1&psc=1"><img src="https://m.media-amazon.com/images/I/41+GdEwyGqL._SL500_.jpg" alt="Product Image"></a><p>e.l.f. Primer-Infused Matte Blush, Long-Lasting, Lightweight & Buildable Powder Blush, Delivers A Matte Finish, Vegan & Cruelty-Free, Always Crushing</p><p>$7.00</p><a href="https://www.amazon.com/dp/B0CPFWJJQJ?tag=eloabder-20&linkCode=osi&th=1&psc=1">View Product</a></div><div class="product"><a href="https://www.amazon.com/dp/B0B64GX5LN?tag=eloabder-20&linkCode=osi&th=1&psc=1"><img src="https://m.media-amazon.com/images/I/31aZBeyUSsL._SL500_.jpg" alt="Product Image"></a><p>LAURA GELLER NEW YORK Serum Blush Tint, Lightweight Liquid Blush for Cheeks, Weightless Watercolor Sheer Finish, Practical Pink</p><p>$15.74</p><a href="https://www.amazon.com/dp/B0B64GX5LN?tag=eloabder-20&linkCode=osi&th=1&psc=1">View Product</a></div><div class="product"><a href="https://www.amazon.com/dp/B00J56D0G6?tag=eloabder-20&linkCode=osi&th=1&psc=1"><img src="https://m.media-amazon.com/images/I/31MVN0QAhfL._SL500_.jpg" alt="Product Image"></a><p>e.l.f. Cosmetics Powder Blush Palette, Four Blush Shades for Beautiful, Long-Lasting Pigment, Light</p><p>$6.00</p><a href="https://www.amazon.com/dp/B00J56D0G6?tag=eloabder-20&linkCode=osi&th=1&psc=1">View Product</a></div><div class="product"><a href="https://www.amazon.com/dp/B0BHFBBH25?tag=eloabder-20&linkCode=osi&th=1&psc=1"><img src="https://m.media-amazon.com/images/I/31uqOuPPf5L._SL500_.jpg" alt="Product Image"></a><p>SHEGLAM Color Bloom Liquid Blush Makeup for Cheeks Matte Finish - Love Cake</p><p>$6.99</p><a href="https://www.amazon.com/dp/B0BHFBBH25?tag=eloabder-20&linkCode=osi&th=1&psc=1">View Product</a></div><div class="product"><a href="https://www.amazon.com/dp/B07J47FHR1?tag=eloabder-20&linkCode=osi&th=1&psc=1"><img src="https://m.media-amazon.com/images/I/41Xyor9x2SL._SL500_.jpg" alt="Product Image"></a><p>Nars Blush in ORGASM Full Size 0.16 oz. / 4.8 g in Retail Box New Edition</p><p>$22.00</p><a href="https://www.amazon.com/dp/B07J47FHR1?tag=eloabder-20&linkCode=osi&th=1&psc=1">View Product</a></div>
<div class="product"><a href="https://www.amazon.com/dp/B018B8Q5Z6?tag=eloabder-20&linkCode=osi&th=1&psc=1"><img src="https://m.media-amazon.com/images/I/41D9ZHQRaSL._SL500_.jpg" alt="Product Image"></a><p>Physicians Formula Murumuru Butter Bronzer, Moisturizing, Nourishing Murumuru Butter Blend for Silky All-Day Luminous Glow, Dermatologist Tested, Hypoallergenic, Vegan & Cruelty-Free -Bronzer</p><p>$12.15</p><a href="https://www.amazon.com/dp/B018B8Q5Z6?tag=eloabder-20&linkCode=osi&th=1&psc=1">View Product</a></div><div class="product"><a href="https://www.amazon.com/dp/B001B0H82Q?tag=eloabder-20&linkCode=osi&th=1&psc=1"><img src="https://m.media-amazon.com/images/I/41I3B-YoLkL._SL500_.jpg" alt="Product Image"></a><p>Rimmel London Natural - 022 Sun Bronze - Bronzer, Matte Finish, 0.49oz</p><p>$3.97</p><a href="https://www.amazon.com/dp/B001B0H82Q?tag=eloabder-20&linkCode=osi&th=1&psc=1">View Product</a></div><div class="product"><a href="https://www.amazon.com/dp/B0BM5HX7DN?tag=eloabder-20&linkCode=osi&th=1&psc=1"><img src="https://m.media-amazon.com/images/I/41DwoHQgzsL._SL500_.jpg" alt="Product Image"></a><p>Benefit Hoola Matte Bronzer Mini 0.08 Ounce</p><p>$17.92</p><a href="https://www.amazon.com/dp/B0BM5HX7DN?tag=eloabder-20&linkCode=osi&th=1&psc=1">View Product</a></div><div class="product"><a href="https://www.amazon.com/dp/B07M7NGVW7?tag=eloabder-20&linkCode=osi&th=1&psc=1"><img src="https://m.media-amazon.com/images/I/51dvod9PjTL._SL500_.jpg" alt="Product Image"></a><p>wet n wild Color Icon Bronzer What Shady Beaches</p><p>$2.96</p><a href="https://www.amazon.com/dp/B07M7NGVW7?tag=eloabder-20&linkCode=osi&th=1&psc=1">View Product</a></div><div class="product"><a href="https://www.amazon.com/dp/B0CPFVTY7M?tag=eloabder-20&linkCode=osi&th=1&psc=1"><img src="https://m.media-amazon.com/images/I/41rO68Q0mlL._SL500_.jpg" alt="Product Image"></a><p>e.l.f. Primer-Infused Bronzer, Long-Lasting, Lightweight & Buildable Powder Bronzer, Delivers A Matte Finish, Vegan & Cruelty-Free, Fresh Tan</p><p>$7.00</p><a href="https://www.amazon.com/dp/B0CPFVTY7M?tag=eloabder-20&linkCode=osi&th=1&psc=1">View Product</a></div><div class="product"><a href="https://www.amazon.com/dp/B07ZR187P5?tag=eloabder-20&linkCode=osi&th=1&psc=1"><img src="https://m.media-amazon.com/images/I/410nkMFZLYL._SL500_.jpg" alt="Product Image"></a><p>e.l.f. Primer-infused Bronzer, Long-Wear, Matte, Bold, Lightweight, Blends Easily, Contours Cheeks, Forever Sun Kissed, All-Day Wear, 0.35 Oz</p><p>$7.00 ($20.00 / Ounce)</p><a href="https://www.amazon.com/dp/B07ZR187P5?tag=eloabder-20&linkCode=osi&th=1&psc=1">View Product</a></div><div class="product"><a href="https://www.amazon.com/dp/B00518N3VE?tag=eloabder-20&linkCode=osi&th=1&psc=1"><img src="https://m.media-amazon.com/images/I/41SzIseWK6L._SL500_.jpg" alt="Product Image"></a><p>Milani Baked Bronzer - Glow, Cruelty-Free Shimmer Bronzing Powder to Use For Contour Makeup, Highlighters Makeup, Bronzer Makeup, 0.25 Ounce</p><p>$9.97 ($39.88 / Ounce)</p><a href="https://www.amazon.com/dp/B00518N3VE?tag=eloabder-20&linkCode=osi&th=1&psc=1">View Product</a></div><div class="product"><a href="https://www.amazon.com/dp/B0CNTYPSSZ?tag=eloabder-20&linkCode=osi&th=1&psc=1"><img src="https://m.media-amazon.com/images/I/416D4Z7hQ8L._SL500_.jpg" alt="Product Image"></a><p>Milani Cheek Kiss Cream Bronzer-110 Hey Honey</p><p>$9.97</p><a href="https://www.amazon.com/dp/B0CNTYPSSZ?tag=eloabder-20&linkCode=osi&th=1&psc=1">View Product</a></div><div class="product"><a href="https://www.amazon.com/dp/B006WZ9O72?tag=eloabder-20&linkCode=osi&th=1&psc=1"><img src="https://m.media-amazon.com/images/I/51rDNo9JnqL._SL500_.jpg" alt="Product Image"></a><p>Physicians Formula Bronze Booster Glow-Boosting Season-to-Season, Customizable Seasonal Glow Glow, Lasting Tan Boost, Hypoallergenic Powder, Cruelty-Free & Hypoallergenic- Light-to-Medium</p><p>$12.98</p><a href="https://www.amazon.com/dp/B006WZ9O72?tag=eloabder-20&linkCode=osi&th=1&psc=1">View Product</a></div>
<div class="product"><a href="https://www.amazon.com/dp/B09288DSSX?tag=eloabder-20&linkCode=osi&th=1&psc=1"><img src="https://m.media-amazon.com/images/I/417z6evbmhL._SL500_.jpg" alt="Product Image"></a><p>KYDA Face Highlighter Palette, High Glossy Face Illuminator Palette, Narutal Glow Finish, Pearl Shimmer Smooth Baked Powder, Lasting Sparkling Highlighter Makeup-SUN GLOW</p><p>$9.99</p><a href="https://www.amazon.com/dp/B09288DSSX?tag=eloabder-20&linkCode=osi&th=1&psc=1">View Product</a></div><div class="product"><a href="https://www.amazon.com/dp/B082YPL2SV?tag=eloabder-20&linkCode=osi&th=1&psc=1"><img src="https://m.media-amazon.com/images/I/51Y+MCkwArL._SL500_.jpg" alt="Product Image"></a><p>Wet n Wild MegaGlo Blushlighter, Blendable Blush & Highlighter Set, Shimmery Metallic Finish, Highlight Bling</p><p>$5.47</p><a href="https://www.amazon.com/dp/B082YPL2SV?tag=eloabder-20&linkCode=osi&th=1&psc=1">View Product</a></div><div class="product"><a href="https://www.amazon.com/dp/B0C41PSDZF?tag=eloabder-20&linkCode=osi&th=1&psc=1"><img src="https://m.media-amazon.com/images/I/41FLNU-tL-L._SL500_.jpg" alt="Product Image"></a><p>NYX PROFESSIONAL MAKEUP, Jumbo Multi-Use Face Highlighter Stick - Vanilla Ice Cream</p><p>$7.97</p><a href="https://www.amazon.com/dp/B0C41PSDZF?tag=eloabder-20&linkCode=osi&th=1&psc=1">View Product</a></div><div class="product"><a href="https://www.amazon.com/dp/B0C6V67KJW?tag=eloabder-20&linkCode=osi&th=1&psc=1"><img src="https://m.media-amazon.com/images/I/31Yh8b8JEjL._SL500_.jpg" alt="Product Image"></a><p>e.l.f. Halo Glow Highlight Beauty Wand, Liquid Highlighter Wand For Luminous, Glowing Skin, Buildable Formula, Vegan & Cruelty-free,Champagne Campaign</p><p>$9.00</p><a href="https://www.amazon.com/dp/B0C6V67KJW?tag=eloabder-20&linkCode=osi&th=1&psc=1">View Product</a></div><div class="product"><a href="https://www.amazon.com/dp/B073WMG59J?tag=eloabder-20&linkCode=osi&th=1&psc=1"><img src="https://m.media-amazon.com/images/I/51fz8bpJNNL._SL500_.jpg" alt="Product Image"></a><p>wet n wild MegaGlo Highlighting Powder, Highlighter Makeup, Shimmer Glow, Pink Rose Gold Blossom Glow</p><p>$5.41</p><a href="https://www.amazon.com/dp/B073WMG59J?tag=eloabder-20&linkCode=osi&th=1&psc=1">View Product</a></div><div class="product"><a href="https://www.amazon.com/dp/B07QPY11KY?tag=eloabder-20&linkCode=osi&th=1&psc=1"><img src="https://m.media-amazon.com/images/I/312T7p8cW6L._SL500_.jpg" alt="Product Image"></a><p>Revolution Beauty, Reloaded Pressed Powder Highlighter, Intensely Pigmented for a High Impact Dewy Finish, Dare To Divulge, 0.22 Oz.</p><p>$6.91</p><a href="https://www.amazon.com/dp/B07QPY11KY?tag=eloabder-20&linkCode=osi&th=1&psc=1">View Product</a></div><div class="product"><a href="https://www.amazon.com/dp/B074PTZCNW?tag=eloabder-20&linkCode=osi&th=1&psc=1"><img src="https://m.media-amazon.com/images/I/31btEAGukiL._SL500_.jpg" alt="Product Image"></a><p>L'Oreal Paris Makeup True Match Lumi Glotion, Natural Glow Enhancer, Illuminator Highlighter Skin Tint, for an All Day Radiant Glow, Light, 1.35 Ounces</p><p>$12.81</p><a href="https://www.amazon.com/dp/B074PTZCNW?tag=eloabder-20&linkCode=osi&th=1&psc=1">View Product</a></div><div class="product"><a href="https://www.amazon.com/dp/B075K784FK?tag=eloabder-20&linkCode=osi&th=1&psc=1"><img src="https://m.media-amazon.com/images/I/51q6Nf009iL._SL500_.jpg" alt="Product Image"></a><p>Physicians Formula Murumuru Butter Highlighter Makeup Face Powder Make Up, Pearl, Dermatologist Approved</p><p>$10.00</p><a href="https://www.amazon.com/dp/B075K784FK?tag=eloabder-20&linkCode=osi&th=1&psc=1">View Product</a></div><div class="product"><a href="https://www.amazon.com/dp/B0BD9HYBKD?tag=eloabder-20&linkCode=osi&th=1&psc=1"><img src="https://m.media-amazon.com/images/I/319tXl8nMUL._SL500_.jpg" alt="Product Image"></a><p>LAURA GELLER NEW YORK Baked Natural Glow Highlighter Radiance Enhancing Makeup, French Vanilla</p><p>$18.99</p><a href="https://www.amazon.com/dp/B0BD9HYBKD?tag=eloabder-20&linkCode=osi&th=1&psc=1">View Product</a></div><div class="product"><a href="https://www.amazon.com/dp/B083574V27?tag=eloabder-20&linkCode=osi&th=1&psc=1"><img src="https://m.media-amazon.com/images/I/41fyFVpDrXL._SL500_.jpg" alt="Product Image"></a><p>Milani Baked Highlighter (Dolce Perla) - Cruelty-Free Powder Highlighter, Highlight Face for a Shimmery or Matte Finish</p><p>$10.97 ($39.18 / Ounce)</p><a href="https://www.amazon.com/dp/B083574V27?tag=eloabder-20&linkCode=osi&th=1&psc=1">View Product</a></div>
<div class="product"><a href="https://www.amazon.com/dp/B0CMHSNYG8?tag=eloabder-20&linkCode=osi&th=1&psc=1"><img src="https://m.media-amazon.com/images/I/51iVcKQ6eIL._SL500_.jpg" alt="Product Image"></a><p>JODSONE Gel Nail Set 20 Colors High Shine Gorgeous Gel Polish Base Top Matte Coat Nice Gifts Show Charm</p><p>$19.99</p><a href="https://www.amazon.com/dp/B0CMHSNYG8?tag=eloabder-20&linkCode=osi&th=1&psc=1">View Product</a></div><div class="product"><a href="https://www.amazon.com/dp/B09KC56289?tag=eloabder-20&linkCode=osi&th=1&psc=1"><img src="https://m.media-amazon.com/images/I/51M-P1nM7QL._SL500_.jpg" alt="Product Image"></a><p>JODSONE 36 PCS Gel Nail Polish Set-32 Colors Gel Polish Kit Base Coat Glossy Matte and Glitter Top Coat Nail Polish Set Green Blue Red Pink Collection Gifts for Women</p><p>$25.99</p><a href="https://www.amazon.com/dp/B09KC56289?tag=eloabder-20&linkCode=osi&th=1&psc=1">View Product</a></div><div class="product"><a href="https://www.amazon.com/dp/B00GXVVDG0?tag=eloabder-20&linkCode=osi&th=1&psc=1"><img src="https://m.media-amazon.com/images/I/21vF-y2FfJL._SL500_.jpg" alt="Product Image"></a><p>Essie Nail Polish, Salon-Quality, 8-free Vegan, Finish, Mademoiselle, 0.46 Ounces (Packaging May Vary) Sheer Pink</p><p>$8.99</p><a href="https://www.amazon.com/dp/B00GXVVDG0?tag=eloabder-20&linkCode=osi&th=1&psc=1">View Product</a></div><div class="product"><a href="https://www.amazon.com/dp/B0987JZSP8?tag=eloabder-20&linkCode=osi&th=1&psc=1"><img src="https://m.media-amazon.com/images/I/31VZYZfCKbL._SL500_.jpg" alt="Product Image"></a><p>OPI Nature Strong Vegan Nail Polish, Knowledge is Flower, Pink Nail Polish, Natural Origin, Cruelty-Free Nail Lacquer, 0.5 fl oz.</p><p>$12.99 ($25.98 / Fl Oz)</p><a href="https://www.amazon.com/dp/B0987JZSP8?tag=eloabder-20&linkCode=osi&th=1&psc=1">View Product</a></div><div class="product"><a href="https://www.amazon.com/dp/B0CYLRWVVF?tag=eloabder-20&linkCode=osi&th=1&psc=1"><img src="https://m.media-amazon.com/images/I/51G1EY8ny6L._SL500_.jpg" alt="Product Image"></a><p>modelones Pearl Nail Polish 6 Colors Shimmer Pearl White Pink Mermaid Purple Nail Polish Set Summer Quick Dry Nail Polish Finger Nail Polish Bulk Manicure Diy Nail Art Salon Home Gift For Women Girl</p><p>$12.99</p><a href="https://www.amazon.com/dp/B0CYLRWVVF?tag=eloabder-20&linkCode=osi&th=1&psc=1">View Product</a></div>
<div class="product"><a href="https://www.amazon.com/dp/B005HGWGVS?tag=eloabder-20&linkCode=osi&th=1&psc=1"><img src="https://m.media-amazon.com/images/I/41NVfMcQBQL._SL500_.jpg" alt="Product Image"></a><p>Hard As Hoof Nail Strengthening Cream with Coconut Scent, Nail Growth & Conditioning Cuticle Cream Stops Splits, Chips, Cracks & Strengthens Nails, 1 oz</p><p>$8.88</p><a href="https://www.amazon.com/dp/B005HGWGVS?tag=eloabder-20&linkCode=osi&th=1&psc=1">View Product</a></div><div class="product"><a href="https://www.amazon.com/dp/B08YMJ4X4B?tag=eloabder-20&linkCode=osi&th=1&psc=1"><img src="https://m.media-amazon.com/images/I/41JNcOM8lBL._SL500_.jpg" alt="Product Image"></a><p>C CARE Sweet Almond Cuticle Oil For Nails - Repairs Cuticles Overnight - Moisturizes and Strengthens Nails and Cuticles - Dropper & Brush included - 2.5oz</p><p>$5.97 ($2.39 / Fl Oz)</p><a href="https://www.amazon.com/dp/B08YMJ4X4B?tag=eloabder-20&linkCode=osi&th=1&psc=1">View Product</a></div><div class="product"><a href="https://www.amazon.com/dp/B0046MK34G?tag=eloabder-20&linkCode=osi&th=1&psc=1"><img src="https://m.media-amazon.com/images/I/41PPyJFVAlL._SL500_.jpg" alt="Product Image"></a><p>Sally Hansen Instant Cuticle Remover™, Nail Treatment, Fast Drying, Contains Aloe and Chamomile</p><p>$4.97</p><a href="https://www.amazon.com/dp/B0046MK34G?tag=eloabder-20&linkCode=osi&th=1&psc=1">View Product</a></div><div class="product"><a href="https://www.amazon.com/dp/B00F644LTQ?tag=eloabder-20&linkCode=osi&th=1&psc=1"><img src="https://m.media-amazon.com/images/I/31+v2SZDagL._SL500_.jpg" alt="Product Image"></a><p>Cuccio Naturale Revitalizing- Hydrating Oil For Repaired Cuticles Overnight - Remedy For Damaged Skin And Thin Nails - Paraben /Cruelty-Free Formula - Milk And Honey - 2.5 Oz</p><p>$9.48 ($3.79 / Fl Oz)</p><a href="https://www.amazon.com/dp/B00F644LTQ?tag=eloabder-20&linkCode=osi&th=1&psc=1">View Product</a></div><div class="product"><a href="https://www.amazon.com/dp/B007QBKX08?tag=eloabder-20&linkCode=osi&th=1&psc=1"><img src="https://m.media-amazon.com/images/I/51BgkFaTnpL._SL500_.jpg" alt="Product Image"></a><p>Nail Tek Repairs Damaged Nails kit.Intensive Therapy(.5OZ),Foundation(.5OZ)& Renew(.48OZ)</p><p>$14.95</p><a href="https://www.amazon.com/dp/B007QBKX08?tag=eloabder-20&linkCode=osi&th=1&psc=1">View Product</a></div>
<div class="product"><a href="https://www.amazon.com/dp/B017PCGAXQ?tag=eloabder-20&linkCode=osi&th=1&psc=1"><img src="https://m.media-amazon.com/images/I/31-daQlUgGL._SL500_.jpg" alt="Product Image"></a><p>Garnier Micellar Water For Waterproof Makeup, Hydrating Facial Cleanser & Makeup Remover, Suitable for Sensitive Skin, Vegan, Cruelty Free, 13.5 Fl Oz (400mL), 1 Count</p><p>$8.97 ($0.66 / Fl Oz)</p><a href="https://www.amazon.com/dp/B017PCGAXQ?tag=eloabder-20&linkCode=osi&th=1&psc=1">View Product</a></div><div class="product"><a href="https://www.amazon.com/dp/B017PCGABI?tag=eloabder-20&linkCode=osi&th=1&psc=1"><img src="https://m.media-amazon.com/images/I/3106WC85aAL._SL500_.jpg" alt="Product Image"></a><p>Garnier Micellar Water, Hydrating Facial Cleanser & Makeup Remover, Suitable for Sensitive Skin, Vegan, Cruelty Free, 13.5 Fl Oz (400mL), 1 Count</p><p>$8.97 ($0.66 / Fl Oz)</p><a href="https://www.amazon.com/dp/B017PCGABI?tag=eloabder-20&linkCode=osi&th=1&psc=1">View Product</a></div><div class="product"><a href="https://www.amazon.com/dp/B00U2VQZDS?tag=eloabder-20&linkCode=osi&th=1&psc=1"><img src="https://m.media-amazon.com/images/I/41VzZfHAKpL._SL500_.jpg" alt="Product Image"></a><p>Neutrogena Makeup Remover Wipes, Ultra-Soft Cleansing Facial Towelettes for Waterproof Makeup, Alcohol-Free, Plant-Based, Twin Pack, 25 Count (Pack of 2)</p><p>$9.16 ($0.18 / Count)</p><a href="https://www.amazon.com/dp/B00U2VQZDS?tag=eloabder-20&linkCode=osi&th=1&psc=1">View Product</a></div><div class="product"><a href="https://www.amazon.com/dp/B07T9JV956?tag=eloabder-20&linkCode=osi&th=1&psc=1"><img src="https://m.media-amazon.com/images/I/310x+0QrxsL._SL500_.jpg" alt="Product Image"></a><p>Neutrogena Gentle Oil-Free Eye Makeup Remover & Cleanser for Sensitive Eyes, Non-Greasy Makeup Remover, Removes Waterproof Mascara, Dermatologist & Ophthalmologist Tested, 8.0 fl. oz</p><p>$9.39 ($1.17 / Fl Oz)</p><a href="https://www.amazon.com/dp/B07T9JV956?tag=eloabder-20&linkCode=osi&th=1&psc=1">View Product</a></div><div class="product"><a href="https://www.amazon.com/dp/B01M31HY3S?tag=eloabder-20&linkCode=osi&th=1&psc=1"><img src="https://m.media-amazon.com/images/I/319i79e7f4L._SL500_.jpg" alt="Product Image"></a><p>Cetaphil Gentle Waterproof Makeup Remover, Mother's Day Gifts, Oil-Free Formula Suitable for Sensitive Skin, 6.0 Fluid Ounce</p><p>$9.87 ($1.64 / Fl Oz)</p><a href="https://www.amazon.com/dp/B01M31HY3S?tag=eloabder-20&linkCode=osi&th=1&psc=1">View Product</a></div><div class="product"><a href="https://www.amazon.com/dp/B07SS6LFRG?tag=eloabder-20&linkCode=osi&th=1&psc=1"><img src="https://m.media-amazon.com/images/I/31Mwa89HfCL._SL500_.jpg" alt="Product Image"></a><p>Amazon Basics Eye Makeup Remover, Removes Waterproof Mascara, Dermatologist Tested, Fragrance Free, 5.5 Fl Oz (Pack of 1)</p><p>$5.99 ($1.09 / Fl Oz)</p><a href="https://www.amazon.com/dp/B07SS6LFRG?tag=eloabder-20&linkCode=osi&th=1&psc=1">View Product</a></div><div class="product"><a href="https://www.amazon.com/dp/B08TQTT8LK?tag=eloabder-20&linkCode=osi&th=1&psc=1"><img src="https://m.media-amazon.com/images/I/31R-Y-dhjEL._SL500_.jpg" alt="Product Image"></a><p>e.l.f. Holy Hydration! Makeup Melting Cleansing Balm, Face Cleanser & Makeup Remover, Infused with Hyaluronic Acid to Hydrate Skin, 2 Oz</p><p>$11.00 ($5.50 / Ounce)</p><a href="https://www.amazon.com/dp/B08TQTT8LK?tag=eloabder-20&linkCode=osi&th=1&psc=1">View Product</a></div><div class="product"><a href="https://www.amazon.com/dp/B08Q3CQM7X?tag=eloabder-20&linkCode=osi&th=1&psc=1"><img src="https://m.media-amazon.com/images/I/31edyzkByfL._SL500_.jpg" alt="Product Image"></a><p>JUNO & Co. Clean 10 Cleansing Balm 10 Ingredients Makeup Remover 85g / 3.0oz</p><p>$14.99 ($5.00 / Ounce)</p><a href="https://www.amazon.com/dp/B08Q3CQM7X?tag=eloabder-20&linkCode=osi&th=1&psc=1">View Product</a></div><div class="product"><a href="https://www.amazon.com/dp/B0B1PP1XCM?tag=eloabder-20&linkCode=osi&th=1&psc=1"><img src="https://m.media-amazon.com/images/I/31kOCqV2+BL._SL500_.jpg" alt="Product Image"></a><p>CeraVe Cleansing Balm for Sensitive Skin | Hydrating Makeup Remover with Ceramides and Plant-based Jojoba Oil for Face | Non-Comedogenic Fragrance Free Non-Greasy |1.3 Ounces</p><p>$9.97 ($7.67 / Ounce)</p><a href="https://www.amazon.com/dp/B0B1PP1XCM?tag=eloabder-20&linkCode=osi&th=1&psc=1">View Product</a></div><div class="product"><a href="https://www.amazon.com/dp/B0BX65V1BZ?tag=eloabder-20&linkCode=osi&th=1&psc=1"><img src="https://m.media-amazon.com/images/I/31t6WiWvdDL._SL500_.jpg" alt="Product Image"></a><p>Prime Prometics PrimeSkin Beauty Water – Deeply Hydrating Pro-Age Make-Up Remover for Mature Women – Clean, One Swipe – for All Skin Types – pH balanced, Hypoallergenic</p><p>$27.00 ($5.29 / Fl Oz)</p><a href="https://www.amazon.com/dp/B0BX65V1BZ?tag=eloabder-20&linkCode=osi&th=1&psc=1">View Product</a></div>
<div class="product"><a href="https://www.amazon.com/dp/B07XC569XF?tag=eloabder-20&linkCode=osi&th=1&psc=1"><img src="https://m.media-amazon.com/images/I/4109uyzn-sL._SL500_.jpg" alt="Product Image"></a><p>Neutrogena Hydro Boost Facial Cleansing Towelettes + Hyaluronic Acid, Hydrating Makeup Remover Face Wipes Remove Dirt & Waterproof Makeup, Hypoallergenic, 100% Plant-Based Cloth, 2 x 25 ct</p><p>$13.20 ($0.26 / Count)</p><a href="https://www.amazon.com/dp/B07XC569XF?tag=eloabder-20&linkCode=osi&th=1&psc=1">View Product</a></div><div class="product"><a href="https://www.amazon.com/dp/B00479FP4Q?tag=eloabder-20&linkCode=osi&th=1&psc=1"><img src="https://m.media-amazon.com/images/I/41L2wro-FlL._SL500_.jpg" alt="Product Image"></a><p>Olay Daily Facials, Daily Clean Makeup Removing Facial Cleansing Wipes, 5-in-1 Water Activated Cloths, Exfoliates, Tones and Hydrates Skin, 66 count</p><p>$9.74 ($0.15 / Count)</p><a href="https://www.amazon.com/dp/B00479FP4Q?tag=eloabder-20&linkCode=osi&th=1&psc=1">View Product</a></div><div class="product"><a href="https://www.amazon.com/dp/B0864VDH6F?tag=eloabder-20&linkCode=osi&th=1&psc=1"><img src="https://m.media-amazon.com/images/I/418baEPkUdL._SL500_.jpg" alt="Product Image"></a><p>Amazon Basics Make Up Remover Wipes, Night Calming, 50 Count (2 Packs of 25) (Previously Solimo)</p><p>$7.93 ($0.16 / Count)</p><a href="https://www.amazon.com/dp/B0864VDH6F?tag=eloabder-20&linkCode=osi&th=1&psc=1">View Product</a></div><div class="product"><a href="https://www.amazon.com/dp/B093T3LQPP?tag=eloabder-20&linkCode=osi&th=1&psc=1"><img src="https://m.media-amazon.com/images/I/51mLU+qr6tL._SL500_.jpg" alt="Product Image"></a><p>Burt's Bees Rose Water Face Wipes, for All Skin Types, Hydrating Micellar Makeup Remover & Facial Cleansing Towelettes, 30 Ct (3-Pack)</p><p>$16.47 ($0.18 / Count)</p><a href="https://www.amazon.com/dp/B093T3LQPP?tag=eloabder-20&linkCode=osi&th=1&psc=1">View Product</a></div><div class="product"><a href="https://www.amazon.com/dp/B00NUJQG7Y?tag=eloabder-20&linkCode=osi&th=1&psc=1"><img src="https://m.media-amazon.com/images/I/51apu8FIluL._SL500_.jpg" alt="Product Image"></a><p>Burt's Bees Aloe Vera Face Wipes, for Sensitive Skin, Soothing Makeup Remover & Facial Cleansing Towelettes, 30 Ct. (3-Pack)</p><p>$16.41 ($0.18 / Count)</p><a href="https://www.amazon.com/dp/B00NUJQG7Y?tag=eloabder-20&linkCode=osi&th=1&psc=1">View Product</a></div><div class="product"><a href="https://www.amazon.com/dp/B09LXWPB1V?tag=eloabder-20&linkCode=osi&th=1&psc=1"><img src="https://m.media-amazon.com/images/I/4117i-jJMKL._SL500_.jpg" alt="Product Image"></a><p>CeraVe Hydrating Facial Cleansing Makeup Remover Wipes| Plant Based Face Biodegradable in Home Compost| Wash Cloth| Suitable for Sensitive Skin| Fragrance-free Non-comedogenic| 25 Count</p><p>$9.97 ($0.40 / Count)</p><a href="https://www.amazon.com/dp/B09LXWPB1V?tag=eloabder-20&linkCode=osi&th=1&psc=1">View Product</a></div><div class="product"><a href="https://www.amazon.com/dp/B006RFZ9IK?tag=eloabder-20&linkCode=osi&th=1&psc=1"><img src="https://m.media-amazon.com/images/I/41c4Ogejt9L._SL500_.jpg" alt="Product Image"></a><p>Bioré Daily Make Up Removing Cloths, Facial Cleansing Wipes with Dirt-grabbing Fibers for Deep Pore Cleansing without Oily Residue, 60 Count</p><p>$11.99 ($0.20 / Count)</p><a href="https://www.amazon.com/dp/B006RFZ9IK?tag=eloabder-20&linkCode=osi&th=1&psc=1">View Product</a></div><div class="product"><a href="https://www.amazon.com/dp/B01M4NFD2N?tag=eloabder-20&linkCode=osi&th=1&psc=1"><img src="https://m.media-amazon.com/images/I/41-iPdzYWDL._SL500_.jpg" alt="Product Image"></a><p>Cetaphil Gentle Makeup Removing Face Wipes, Daily Cleansing Facial Towelettes Gently Remove Makeup, Fragrance and Alcohol Free, 25 Count</p><p>$6.85 ($0.27 / Count)</p><a href="https://www.amazon.com/dp/B01M4NFD2N?tag=eloabder-20&linkCode=osi&th=1&psc=1">View Product</a></div><div class="product"><a href="https://www.amazon.com/dp/B0B644ZQLV?tag=eloabder-20&linkCode=osi&th=1&psc=1"><img src="https://m.media-amazon.com/images/I/41E5FGVZrnL._SL500_.jpg" alt="Product Image"></a><p>Cetaphil Face and Body Wipes, Gentle Skin Cleansing Cloths, 25 Count (Pack of 3), for Dry, Sensitive Skin, Flip Top Closure, Great for the Gym, Hypoallergenic, Fragrance Free</p><p>$20.91 ($0.28 / Count)</p><a href="https://www.amazon.com/dp/B0B644ZQLV?tag=eloabder-20&linkCode=osi&th=1&psc=1">View Product</a></div>
<div class="product"><a href="https://www.amazon.com/dp/B08RD6S5HF?tag=eloabder-20&linkCode=osi&th=1&psc=1"><img src="https://m.media-amazon.com/images/I/41uDw-xQNuL._SL500_.jpg" alt="Product Image"></a><p>BAIMEI IcyMe Gua Sha & Jade Roller Facial Tools Face Roller and Gua Sha Set for Puffiness and Redness Reducing Skin Care Routine, Self Care Gift for Men Women - Green</p><p>$9.99</p><a href="https://www.amazon.com/dp/B08RD6S5HF?tag=eloabder-20&linkCode=osi&th=1&psc=1">View Product</a></div><div class="product"><a href="https://www.amazon.com/dp/B09961TCV4?tag=eloabder-20&linkCode=osi&th=1&psc=1"><img src="https://m.media-amazon.com/images/I/41cLCDErk6L._SL500_.jpg" alt="Product Image"></a><p>huefull Gua Sha Facial Tools & Jade Roller Set for Skin Care, Reduce Puffiness and Improve Wrinkles, Guasha Tool for Face, Gua Sha Stone Self Care Gift for Woman Man</p><p>$7.99 ($4.00 / Count)</p><a href="https://www.amazon.com/dp/B09961TCV4?tag=eloabder-20&linkCode=osi&th=1&psc=1">View Product</a></div><div class="product"><a href="https://www.amazon.com/dp/B09P88YNZZ?tag=eloabder-20&linkCode=osi&th=1&psc=1"><img src="https://m.media-amazon.com/images/I/31gv5dz1KML._SL500_.jpg" alt="Product Image"></a><p>Ice Roller for Face and Eye, Ice Face Roller,Facial Beauty Ice Roller Skin Care Tools, Ice Facial Cube, Gua Sha Face Massage, Silicone Ice Mold for Face Beauty (Pink)</p><p>$5.99 ($1.20 / Ounce)</p><a href="https://www.amazon.com/dp/B09P88YNZZ?tag=eloabder-20&linkCode=osi&th=1&psc=1">View Product</a></div><div class="product"><a href="https://www.amazon.com/dp/B09V5TRZTS?tag=eloabder-20&linkCode=osi&th=1&psc=1"><img src="https://m.media-amazon.com/images/I/31NWpXealIL._SL500_.jpg" alt="Product Image"></a><p>ROSELYNBOUTIQUE Ice Roller for Face Wrinkles Fine Lines Puffiness Stick Massager Facial Skin Care Tools Self Care Gifts for Men Women (Green)</p><p>$6.39</p><a href="https://www.amazon.com/dp/B09V5TRZTS?tag=eloabder-20&linkCode=osi&th=1&psc=1">View Product</a></div><div class="product"><a href="https://www.amazon.com/dp/B0BR7YG7QH?tag=eloabder-20&linkCode=osi&th=1&psc=1"><img src="https://m.media-amazon.com/images/I/41gFogNe+dL._SL500_.jpg" alt="Product Image"></a><p>8 Pieces Triangle Powder Puff Face Soft Triangle Makeup Puff Velour Cosmetic Foundation Blender Sponge Beauty Makeup Tools</p><p>$3.99 ($0.50 / Count)</p><a href="https://www.amazon.com/dp/B0BR7YG7QH?tag=eloabder-20&linkCode=osi&th=1&psc=1">View Product</a></div><div class="product"><a href="https://www.amazon.com/dp/B09XJYZDVG?tag=eloabder-20&linkCode=osi&th=1&psc=1"><img src="https://m.media-amazon.com/images/I/41jMEmTiSQL._SL500_.jpg" alt="Product Image"></a><p>Aaiffey Eyeliner Applicator Kit, Eyeliner Tool with Eyeliner Cream Black Eyeliner Gel Reusable Silicone Eye Liner Applicator Waterproof Eyeliner Easy No-Skip (eyeliner tool +black eyeliner creams)</p><p>$9.98</p><a href="https://www.amazon.com/dp/B09XJYZDVG?tag=eloabder-20&linkCode=osi&th=1&psc=1">View Product</a></div>
<div class="product"><a href="https://www.amazon.com/dp/B075S543DR?tag=eloabder-20&linkCode=osi&th=1&psc=1"><img src="https://m.media-amazon.com/images/I/418N6a3fvaL._SL500_.jpg" alt="Product Image"></a><p>EcoTools Start The Day Beautifully 6 Piece Makeup Brush Set, Makeup Brushes For Eyeshadow, Blush, Concealer, & Foundation Application, Eco-Friendly, Gift Set, Synthetic Hair, Vegan & Cruelty-Free</p><p>$9.98</p><a href="https://www.amazon.com/dp/B075S543DR?tag=eloabder-20&linkCode=osi&th=1&psc=1">View Product</a></div><div class="product"><a href="https://www.amazon.com/dp/B07FTXBNVL?tag=eloabder-20&linkCode=osi&th=1&psc=1"><img src="https://m.media-amazon.com/images/I/41O4pc78hYL._SL500_.jpg" alt="Product Image"></a><p>Real Techniques 5 Piece Everyday Essentials Makeup Brush Set, Includes 4 Brushes & Makeup Sponge, For Foundation, Blush, Bronzer, Contour, Eyeshadow, & Powder, Travel Gift Set, Cruelty-Free & Vegan</p><p>$13.99</p><a href="https://www.amazon.com/dp/B07FTXBNVL?tag=eloabder-20&linkCode=osi&th=1&psc=1">View Product</a></div>
<div class="product"><a href="https://www.amazon.com/dp/B00WZQTCS8?tag=eloabder-20&linkCode=osi&th=1&psc=1"><img src="https://m.media-amazon.com/images/I/41iVoW5QboL._SL500_.jpg" alt="Product Image"></a><p>NYX PROFESSIONAL MAKEUP Micro Brow Pencil, Eyebrow Pencil - Espresso</p><p>$7.50</p><a href="https://www.amazon.com/dp/B00WZQTCS8?tag=eloabder-20&linkCode=osi&th=1&psc=1">View Product</a></div><div class="product"><a href="https://www.amazon.com/dp/B01643FI0I?tag=eloabder-20&linkCode=osi&th=1&psc=1"><img src="https://m.media-amazon.com/images/I/21w1DpgxRoL._SL500_.jpg" alt="Product Image"></a><p>L'Oreal Paris Makeup Brow Stylist Definer Waterproof Eyebrow Pencil, Ultra-Fine Mechanical Pencil, Draws Tiny Brow Hairs and Fills in Sparse Areas and Gaps, Dark Brunette, 0.003 Ounce (Pack of 1)</p><p>$8.98</p><a href="https://www.amazon.com/dp/B01643FI0I?tag=eloabder-20&linkCode=osi&th=1&psc=1">View Product</a></div><div class="product"><a href="https://www.amazon.com/dp/B0B52KG7YP?tag=eloabder-20&linkCode=osi&th=1&psc=1"><img src="https://m.media-amazon.com/images/I/31Mi4FEPxYL._SL500_.jpg" alt="Product Image"></a><p>e.l.f. Instant Lift Brow Pencil, Dual-Ended Precision Brow Pencils For Shaping & Defining Eyebrows, Vegan & Cruelty-Free, Neutral Brown, 2-Pack</p><p>$5.00</p><a href="https://www.amazon.com/dp/B0B52KG7YP?tag=eloabder-20&linkCode=osi&th=1&psc=1">View Product</a></div><div class="product"><a href="https://www.amazon.com/dp/B078KB7L4G?tag=eloabder-20&linkCode=osi&th=1&psc=1"><img src="https://m.media-amazon.com/images/I/31QF5SK3tzL._SL500_.jpg" alt="Product Image"></a><p>wet n wild Ultimate Eyebrow Retractable Definer Pencil, Medium Brown, Dual-Sided Brow Brush, Fine Tip, Shapes, Defines, Fills Brow Makeup</p><p>$2.74</p><a href="https://www.amazon.com/dp/B078KB7L4G?tag=eloabder-20&linkCode=osi&th=1&psc=1">View Product</a></div><div class="product"><a href="https://www.amazon.com/dp/B074VD4X7W?tag=eloabder-20&linkCode=osi&th=1&psc=1"><img src="https://m.media-amazon.com/images/I/41eK8J1W2rL._SL500_.jpg" alt="Product Image"></a><p>Maybelline Total Temptation Eyebrow Definer Pencil, Soft Brown, 1 Count</p><p>$8.99</p><a href="https://www.amazon.com/dp/B074VD4X7W?tag=eloabder-20&linkCode=osi&th=1&psc=1">View Product</a></div><div class="product"><a href="https://www.amazon.com/dp/B001ESKLZQ?tag=eloabder-20&linkCode=osi&th=1&psc=1"><img src="https://m.media-amazon.com/images/I/31bw47frHzS._SL500_.jpg" alt="Product Image"></a><p>COVERGIRL - Easy Breezy Brow Fill + Define Brow Pencil, Sharpener Included, Long-Lasting, Deeply Pigmented, Blendable Formula, 100% Cruelty-Free</p><p>$4.47</p><a href="https://www.amazon.com/dp/B001ESKLZQ?tag=eloabder-20&linkCode=osi&th=1&psc=1">View Product</a></div><div class="product"><a href="https://www.amazon.com/dp/B0D12PWNK6?tag=eloabder-20&linkCode=osi&th=1&psc=1"><img src="https://m.media-amazon.com/images/I/51u7eOlEtFL._SL500_.jpg" alt="Product Image"></a><p>iMethod Microblading Eyebrow Pen - Eyebrow Pencil Magical 2-in-1 Dual-Ended Eye Brow Pencils for Women with 4-Fork-Tip & Precise Brush-Tip Create Natural Hair-Like Brows, Last All-Day, Dark Brown</p><p>$14.97 ($14.97 / Count)</p><a href="https://www.amazon.com/dp/B0D12PWNK6?tag=eloabder-20&linkCode=osi&th=1&psc=1">View Product</a></div><div class="product"><a href="https://www.amazon.com/dp/B0CPFY8K8W?tag=eloabder-20&linkCode=osi&th=1&psc=1"><img src="https://m.media-amazon.com/images/I/21SmXiqZZYL._SL500_.jpg" alt="Product Image"></a><p>e.l.f. Instant Lift Waterproof Brow Pencil, Long-Lasting Eyebrow Pencil For Grooming & Shaping Brows, Vegan & Cruelty-free, Deep Brown</p><p>$4.00</p><a href="https://www.amazon.com/dp/B0CPFY8K8W?tag=eloabder-20&linkCode=osi&th=1&psc=1">View Product</a></div>
<div class="product"><a href="https://www.amazon.com/dp/B079B8BFR3?tag=eloabder-20&linkCode=osi&th=1&psc=1"><img src="https://m.media-amazon.com/images/I/41DSmndr3KL._SL500_.jpg" alt="Product Image"></a><p>KISS Looks So Natural, False Eyelashes, Shy', 12 mm, Includes 5 Pairs Of Lashes, Contact Lens Friendly, Easy to Apply, Reusable Strip Lashes, Glue On</p><p>$7.09</p><a href="https://www.amazon.com/dp/B079B8BFR3?tag=eloabder-20&linkCode=osi&th=1&psc=1">View Product</a></div><div class="product"><a href="https://www.amazon.com/dp/B09MQCDVM7?tag=eloabder-20&linkCode=osi&th=1&psc=1"><img src="https://m.media-amazon.com/images/I/510lQqrrVtL._SL500_.jpg" alt="Product Image"></a><p>False Eyelashes 14mm Faux 3D Mink Lashes Natural Look Fluffy Cat Eye Wispy Lashes Pack by Kiromiro, 14 Pairs</p><p>$8.89</p><a href="https://www.amazon.com/dp/B09MQCDVM7?tag=eloabder-20&linkCode=osi&th=1&psc=1">View Product</a></div><div class="product"><a href="https://www.amazon.com/dp/B00DS4EIEE?tag=eloabder-20&linkCode=osi&th=1&psc=1"><img src="https://m.media-amazon.com/images/I/415k4JSKxOL._SL500_.jpg" alt="Product Image"></a><p>KISS So Wispy, False Eyelashes, Style #11', 12 mm, Includes 5 Pairs Of Lashes, Contact Lens Friendly, Easy to Apply, Reusable Strip Lashes, Glue On, Mulitpack</p><p>$8.97 ($1.79 / Count)</p><a href="https://www.amazon.com/dp/B00DS4EIEE?tag=eloabder-20&linkCode=osi&th=1&psc=1">View Product</a></div><div class="product"><a href="https://www.amazon.com/dp/B0C5QK1QHP?tag=eloabder-20&linkCode=osi&th=1&psc=1"><img src="https://m.media-amazon.com/images/I/51eSQ4cj35L._SL500_.jpg" alt="Product Image"></a><p>Veleasha Lashes 5D Faux Mink Lashes 100% Handmade Luxurious Fake Eyelashes Lightweight Fluffy False Eyelashes 5 Pairs Pack (G2)</p><p>$6.98 ($1.40 / Count)</p><a href="https://www.amazon.com/dp/B0C5QK1QHP?tag=eloabder-20&linkCode=osi&th=1&psc=1">View Product</a></div><div class="product"><a href="https://www.amazon.com/dp/B0B1LRRTCH?tag=eloabder-20&linkCode=osi&th=1&psc=1"><img src="https://m.media-amazon.com/images/I/41gc2Df+nAL._SL500_.jpg" alt="Product Image"></a><p>GMAGICTOBO False Eyelashes Natural Half Lashes Short Wispy Clear Band Lashes Pack Cat Eye 3D Faux Mink Lashes Fake Eyelashes 7 Pairs Multipack</p><p>$8.59 ($1.23 / Count)</p><a href="https://www.amazon.com/dp/B0B1LRRTCH?tag=eloabder-20&linkCode=osi&th=1&psc=1">View Product</a></div><div class="product"><a href="https://www.amazon.com/dp/B08R6PR7ND?tag=eloabder-20&linkCode=osi&th=1&psc=1"><img src="https://m.media-amazon.com/images/I/41r4c3ZiCWL._SL500_.jpg" alt="Product Image"></a><p>KISS My Lash But Better, False Eyelashes, All Mine', 10 mm, Includes 1 Pair Of Lashes, Contact Lens Friendly, Easy to Apply, Reusable Strip Lashes, Glue-On</p><p>$3.97</p><a href="https://www.amazon.com/dp/B08R6PR7ND?tag=eloabder-20&linkCode=osi&th=1&psc=1">View Product</a></div><div class="product"><a href="https://www.amazon.com/dp/B0BX3YHN14?tag=eloabder-20&linkCode=osi&th=1&psc=1"><img src="https://m.media-amazon.com/images/I/51YYa1vTElL._SL500_.jpg" alt="Product Image"></a><p>KISS imPRESS Falsies False Eyelashes, Lash Clusters, Voluminous', 14 mm, Includes 20 Clusters, 1 applicator, Contact Lens Friendly, Easy to Apply, Reusable Strip Lashes</p><p>$12.72</p><a href="https://www.amazon.com/dp/B0BX3YHN14?tag=eloabder-20&linkCode=osi&th=1&psc=1">View Product</a></div><div class="product"><a href="https://www.amazon.com/dp/B00YYHHI1E?tag=eloabder-20&linkCode=osi&th=1&psc=1"><img src="https://m.media-amazon.com/images/I/419bv9iNI9L._SL500_.jpg" alt="Product Image"></a><p>Ardell False Eyelashes Demi Wispies Black, 1 pack (6 pairs per pack)</p><p>$9.74 ($1.95 / Count)</p><a href="https://www.amazon.com/dp/B00YYHHI1E?tag=eloabder-20&linkCode=osi&th=1&psc=1">View Product</a></div><div class="product"><a href="https://www.amazon.com/dp/B0CG5SY8J1?tag=eloabder-20&linkCode=osi&th=1&psc=1"><img src="https://m.media-amazon.com/images/I/41SWlZB3plL._SL500_.jpg" alt="Product Image"></a><p>Natural Lashes Natural Eyelashes Short Eyelashes Natural Look False Eyelashes Wispy Eye Lashes 10mm Small Lashes Fake Lashes K50</p><p>$7.93 ($1.13 / Count)</p><a href="https://www.amazon.com/dp/B0CG5SY8J1?tag=eloabder-20&linkCode=osi&th=1&psc=1">View Product</a></div><div class="product"><a href="https://www.amazon.com/dp/B08SPVMDTV?tag=eloabder-20&linkCode=osi&th=1&psc=1"><img src="https://m.media-amazon.com/images/I/41Q6wh0HacL._SL500_.jpg" alt="Product Image"></a><p>KISS Falscara Multipack False Eyelashes, Lash Clusters, Natural Wispy Wisps', 10mm-12mm-14mm, Includes 24 Assorted Lengths Wisps, Contact Lens Friendly, Easy to Apply, Reusable Strip Lashes</p><p>$6.47 ($0.27 / Count)</p><a href="https://www.amazon.com/dp/B08SPVMDTV?tag=eloabder-20&linkCode=osi&th=1&psc=1">View Product</a></div>
<div class="product"><a href="https://www.amazon.com/dp/B08ZYKFNLK?tag=eloabder-20&linkCode=osi&th=1&psc=1"><img src="https://m.media-amazon.com/images/I/41LSyt4W-HL._SL500_.jpg" alt="Product Image"></a><p>Makeup Sponge Set BS-MALL Blender Sponges 7 Pcs for Liquid, Cream, and Powder, Multi-colored with 1 Mini Makeup Sponge Pink (A-Pink）</p><p>$6.99 ($1.00 / Count)</p><a href="https://www.amazon.com/dp/B08ZYKFNLK?tag=eloabder-20&linkCode=osi&th=1&psc=1">View Product</a></div><div class="product"><a href="https://www.amazon.com/dp/B01F36JEXE?tag=eloabder-20&linkCode=osi&th=1&psc=1"><img src="https://m.media-amazon.com/images/I/41AHaVc97tL._SL500_.jpg" alt="Product Image"></a><p>BEAKEY Makeup Sponge 5 Pcs Set, Makeup Sponges for Foundation, Liquid, Cream and Powder. Latex-Free Boun Boun Beauty Sponge for Blending, Blender for Enhanced Make Up Application, Ideal Gift</p><p>$6.99 ($1.40 / Count)</p><a href="https://www.amazon.com/dp/B01F36JEXE?tag=eloabder-20&linkCode=osi&th=1&psc=1">View Product</a></div><div class="product"><a href="https://www.amazon.com/dp/B07VBNQ367?tag=eloabder-20&linkCode=osi&th=1&psc=1"><img src="https://m.media-amazon.com/images/I/41tK1+FK+ML._SL500_.jpg" alt="Product Image"></a><p>Beautyblender® | Original Pink Beauty Blender Makeup Sponge, Super-Soft Foam Easily Blends Foundations, Powders & Creams, Made in USA, Reusable, Washable, Streak Free Application, Vegan, Cruelty Free</p><p>$20.00</p><a href="https://www.amazon.com/dp/B07VBNQ367?tag=eloabder-20&linkCode=osi&th=1&psc=1">View Product</a></div><div class="product"><a href="https://www.amazon.com/dp/B013XJUWC0?tag=eloabder-20&linkCode=osi&th=1&psc=1"><img src="https://m.media-amazon.com/images/I/519iY4n1lHL._SL500_.jpg" alt="Product Image"></a><p>Aesthetica Cosmetics Beauty Sponge Blender - Latex Free and Vegan Makeup Sponge Blender - For Powder, Cream or Liquid Application - One Piece Make Up Sponge</p><p>$3.97</p><a href="https://www.amazon.com/dp/B013XJUWC0?tag=eloabder-20&linkCode=osi&th=1&psc=1">View Product</a></div><div class="product"><a href="https://www.amazon.com/dp/B08T79281H?tag=eloabder-20&linkCode=osi&th=1&psc=1"><img src="https://m.media-amazon.com/images/I/41OyxvePdBL._SL500_.jpg" alt="Product Image"></a><p>DUAIU 4 Pcs Makeup Sponge Set Beauty Sponge Foundation Blending Sponge, Flawless for Liquid, Cream, and Powder, Multi-colored Makeup Sponges with Storage Box</p><p>$4.99 ($1.25 / Count)</p><a href="https://www.amazon.com/dp/B08T79281H?tag=eloabder-20&linkCode=osi&th=1&psc=1">View Product</a></div><div class="product"><a href="https://www.amazon.com/dp/B00EUBPHR6?tag=eloabder-20&linkCode=osi&th=1&psc=1"><img src="https://m.media-amazon.com/images/I/31BZh7Bg7hL._SL500_.jpg" alt="Product Image"></a><p>Real Techniques Miracle Complexion Sponge, Makeup Blending Sponge, For Liquid & Cream Foundation, Offers Light To Medium Coverage, Natural, Dewy Makeup, Orange Sponge, Latex-Free Foam, 1 Count</p><p>$4.57</p><a href="https://www.amazon.com/dp/B00EUBPHR6?tag=eloabder-20&linkCode=osi&th=1&psc=1">View Product</a></div><div class="product"><a href="https://www.amazon.com/dp/B0CL2FKVH2?tag=eloabder-20&linkCode=osi&th=1&psc=1"><img src="https://m.media-amazon.com/images/I/41u81y8DJoL._SL500_.jpg" alt="Product Image"></a><p>14 Pcs Makeup Sponge Set,Beauty Sponges Blender with 4 Pcs Powder Puff and 4 Pcs Mini Make up Sponges Valentine's Day Gift,Mother's Day Gift for Women Liquid,Foundation,Powder,Concealer,Cream(Pink)</p><p>$8.99 ($0.64 / Count)</p><a href="https://www.amazon.com/dp/B0CL2FKVH2?tag=eloabder-20&linkCode=osi&th=1&psc=1">View Product</a></div><div class="product"><a href="https://www.amazon.com/dp/B0CTX1X4F1?tag=eloabder-20&linkCode=osi&th=1&psc=1"><img src="https://m.media-amazon.com/images/I/31dP1yTUmWL._SL500_.jpg" alt="Product Image"></a><p>GFOUNS 15 pcs Beauty blender Makeup Sponge Bulk:Blender Sponges 15 Pcs for Liquid, Cream, and Powder, Multi-colored Pink make up sponges for foundation</p><p>$5.99</p><a href="https://www.amazon.com/dp/B0CTX1X4F1?tag=eloabder-20&linkCode=osi&th=1&psc=1">View Product</a></div>
<div class="product"><a href="https://www.amazon.com/dp/B010CRFSTI?tag=eloabder-20&linkCode=osi&th=1&psc=1"><img src="https://m.media-amazon.com/images/I/41JQ+znx4gL._SL500_.jpg" alt="Product Image"></a><p>Conair Salon Results Hairbrush Set - Travel Hair Brush - Hairbrushes for All Hair Types - Travel size + Full-size Brush</p><p>$5.88 ($2.94 / Count)</p><a href="https://www.amazon.com/dp/B010CRFSTI?tag=eloabder-20&linkCode=osi&th=1&psc=1">View Product</a></div><div class="product"><a href="https://www.amazon.com/dp/B094DK6JNF?tag=eloabder-20&linkCode=osi&th=1&psc=1"><img src="https://m.media-amazon.com/images/I/31dF+T3k3nL._SL500_.jpg" alt="Product Image"></a><p>Wet Brush Original Detangler Hair Brush, Amazon Exclusive Aqua- Ultra-Soft IntelliFlex Bristles-Detangling Hairbrush Glides Through Tangles For All Hair Types (Wet Dry & Damaged Hair) - Women & Men</p><p>$8.99</p><a href="https://www.amazon.com/dp/B094DK6JNF?tag=eloabder-20&linkCode=osi&th=1&psc=1">View Product</a></div>

<div class="product"><a href="https://www.amazon.com/dp/B07KSQZ4MR?tag=eloabder-20&linkCode=osi&th=1&psc=1"><img src="https://m.media-amazon.com/images/I/31A-mCllrgL._SL500_.jpg" alt="Product Image"></a><p>Hot Tools Pro Artist Black Gold Evolve Ionic Salon Hair Flat Iron | Long-Lasting Finish for Straightening Hair, (1-1/4 in), HT7123BG</p><p>$61.50</p><a href="https://www.amazon.com/dp/B07KSQZ4MR?tag=eloabder-20&linkCode=osi&th=1&psc=1">View Product</a></div>
<div class="product"><a href="https://www.amazon.com/dp/B0027SU9JU?tag=eloabder-20&linkCode=osi&th=1&psc=1"><img src="https://m.media-amazon.com/images/I/31rfzenB9mL._SL500_.jpg" alt="Product Image"></a><p>REVLON Turbo Hair Dryer with Advanced Ionic Technology, Ceramic Coating | Turbo Heat and Cold Shot Features, 1875 Watts for Fast Drying and Shine (Silver)</p><p>$19.99</p><a href="https://www.amazon.com/dp/B0027SU9JU?tag=eloabder-20&linkCode=osi&th=1&psc=1">View Product</a></div>

<div class="product"><a href="https://www.amazon.com/dp/B07PBXXNCY?tag=eloabder-20&linkCode=osi&th=1&psc=1"><img src="https://m.media-amazon.com/images/I/31OVxUr+bUL._SL500_.jpg" alt="Product Image"></a><p>Clean Skin Club Clean Towels XL™, 100% USDA Biobased Face Towel, Disposable Face Towelette, Makeup Remover Dry Wipes, Ultra Soft, 50 Ct, 1 Pack</p><p>$17.95 ($0.36 / Count)</p><a href="https://www.amazon.com/dp/B07PBXXNCY?tag=eloabder-20&linkCode=osi&th=1&psc=1">View Product</a></div><div class="product"><a href="https://www.amazon.com/dp/B01LEJ5MSK?tag=eloabder-20&linkCode=osi&th=1&psc=1"><img src="https://m.media-amazon.com/images/I/418xEMrk6LL._SL500_.jpg" alt="Product Image"></a><p>COSRX Snail Mucin 92% Repair Cream, Daily Face Gel Moisturizer for Dry Skin, Acne-prone, Sensitive Skin, Not Tested on Animals, No Parabens, Korean Skincare (3.52 Fl Oz (Pack of 1))</p><p>$13.99 ($3.97 / Fl Oz)</p><a href="https://www.amazon.com/dp/B01LEJ5MSK?tag=eloabder-20&linkCode=osi&th=1&psc=1">View Product</a></div>
<div class="product"><a href="https://www.amazon.com/dp/B076FHJ3K5?tag=eloabder-20&linkCode=osi&th=1&psc=1"><img src="https://m.media-amazon.com/images/I/31QAqxeYpoL._SL500_.jpg" alt="Product Image"></a><p>Marc Anthony Leave-In Conditioner Spray & Detangler, Grow Long Biotin - Anti-Frizz Deep Conditioner For Split Ends & Breakage - Vitamin E, Caffeine & Ginseng for Curly, Dry & Damaged Hair</p><p>$7.67 ($0.91 / Fl Oz)</p><a href="https://www.amazon.com/dp/B076FHJ3K5?tag=eloabder-20&linkCode=osi&th=1&psc=1">View Product</a></div><div class="product"><a href="https://www.amazon.com/dp/B0B941W753?tag=eloabder-20&linkCode=osi&th=1&psc=1"><img src="https://m.media-amazon.com/images/I/3154MYZlHiL._SL500_.jpg" alt="Product Image"></a><p>MONDAY HAIRCARE Volume Shampoo + Conditioner Set (2 Pack) 12oz Each for Thin, Fine, and Oily Hair, Made from Coconut Oil, Ginger Extract, & Vitamin E, 100% Recyclable Bottles</p><p>$13.99 ($0.58 / Fl Oz)</p><a href="https://www.amazon.com/dp/B0B941W753?tag=eloabder-20&linkCode=osi&th=1&psc=1">View Product</a></div><div class="product"><a href="https://www.amazon.com/dp/B0CS29PK2J?tag=eloabder-20&linkCode=osi&th=1&psc=1"><img src="https://m.media-amazon.com/images/I/315FU9SHGsL._SL500_.jpg" alt="Product Image"></a><p>Monday Moisture Leave-in Conditioner 5 Oz</p><p>$5.41 ($1.08 / Fl Oz)</p><a href="https://www.amazon.com/dp/B0CS29PK2J?tag=eloabder-20&linkCode=osi&th=1&psc=1">View Product</a></div><div class="product"><a href="https://www.amazon.com/dp/B0B941XTDZ?tag=eloabder-20&linkCode=osi&th=1&psc=1"><img src="https://m.media-amazon.com/images/I/41eavjiNYyL._SL500_.jpg" alt="Product Image"></a><p>MONDAY HAIRCARE Moisture Shampoo + Conditioner Set for Dry, Coarse, Stressed, Coily & Curly Hair, Made from Coconut Oil, Rice Protein, Shea Butter, & Vitamin E, All-Natural, 12 Fl Oz (Pack of 2)</p><p>$13.99 ($0.58 / Fl Oz)</p><a href="https://www.amazon.com/dp/B0B941XTDZ?tag=eloabder-20&linkCode=osi&th=1&psc=1">View Product</a></div><div class="product"><a href="https://www.amazon.com/dp/B07N7PK9QK?tag=eloabder-20&linkCode=osi&th=1&psc=1"><img src="https://m.media-amazon.com/images/I/416K3ahcJsL._SL500_.jpg" alt="Product Image"></a><p>Mielle Organics Rosemary Mint Scalp & Hair Strengthening Oil for All Hair Types, 2 Ounce</p><p>$9.50 ($4.75 / Fl Oz)</p><a href="https://www.amazon.com/dp/B07N7PK9QK?tag=eloabder-20&linkCode=osi&th=1&psc=1">View Product</a></div><div class="product"><a href="https://www.amazon.com/dp/B005PV0FDG?tag=eloabder-20&linkCode=osi&th=1&psc=1"><img src="https://m.media-amazon.com/images/I/310l+q4ImxL._SL500_.jpg" alt="Product Image"></a><p>It's a 10 Haircare Miracle Leave-In product, 10 fl. oz.</p><p>$27.98 ($2.80 / Fl Oz)</p><a href="https://www.amazon.com/dp/B005PV0FDG?tag=eloabder-20&linkCode=osi&th=1&psc=1">View Product</a></div><div class="product"><a href="https://www.amazon.com/dp/B0C3K3XX95?tag=eloabder-20&linkCode=osi&th=1&psc=1"><img src="https://m.media-amazon.com/images/I/41+CLmIGVIL._SL500_.jpg" alt="Product Image"></a><p>MONDAY HAIRCARE Repair Shampoo and Conditioner Set 12oz for Dry to Damaged Hair, Made with Keratin, Coconut Oil, Shea Butter and Vitamin E</p><p>$13.99 ($0.58 / Fl Oz)</p><a href="https://www.amazon.com/dp/B0C3K3XX95?tag=eloabder-20&linkCode=osi&th=1&psc=1">View Product</a></div>
<div class="product"><a href="https://www.amazon.com/dp/B09F5L7756?tag=eloabder-20&linkCode=osi&th=1&psc=1"><img src="https://m.media-amazon.com/images/I/61qJVRNSjFL._SL500_.jpg" alt="Product Image"></a><p>Vaseline Intensive Care Cocoa Radiant For Glowing Skin 3 Count Body Gel Oil Body Oil Made with 100% Pure Cocoa Butter + Replenishing Oils 6.8oz</p><p>$19.44 ($0.95 / Fl Oz)</p><a href="https://www.amazon.com/dp/B09F5L7756?tag=eloabder-20&linkCode=osi&th=1&psc=1">View Product</a></div><div class="product"><a href="https://www.amazon.com/dp/B08T4FLJQZ?tag=eloabder-20&linkCode=osi&th=1&psc=1"><img src="https://m.media-amazon.com/images/I/317LIpGPZiL._SL500_.jpg" alt="Product Image"></a><p>Dove Scrub Brown Sugar & Coconut Butter For Silky Smooth Skin Body Scrub Exfoliates & Restores Skin's Natural Nutrients 10.5 oz</p><p>$6.97 ($0.66 / Ounce)</p><a href="https://www.amazon.com/dp/B08T4FLJQZ?tag=eloabder-20&linkCode=osi&th=1&psc=1">View Product</a></div><div class="product"><a href="https://www.amazon.com/dp/B0CNKZW8HL?tag=eloabder-20&linkCode=osi&th=1&psc=1"><img src="https://m.media-amazon.com/images/I/61vGHE3wEWL._SL500_.jpg" alt="Product Image"></a><p>Dove Men+Care Body Wash Sandalwood + Cardamom Oil to Rebuild Skin in the Shower with Plant-Based Cleansers and Moisturizers 26 oz</p><p>$9.97 ($0.38 / Fl Oz)</p><a href="https://www.amazon.com/dp/B0CNKZW8HL?tag=eloabder-20&linkCode=osi&th=1&psc=1">View Product</a></div><div class="product"><a href="https://www.amazon.com/dp/B089NCFBQZ?tag=eloabder-20&linkCode=osi&th=1&psc=1"><img src="https://m.media-amazon.com/images/I/41WGBM4YipL._SL500_.jpg" alt="Product Image"></a><p>Vaseline Illuminate Me Shimmering Body Oil Created for Melanin Rich Skin, Illuminates Skin with Finishing Touch of Shimmer for Glowing Skin 3.3 oz</p><p>$8.75 ($2.65 / Fl Oz)</p><a href="https://www.amazon.com/dp/B089NCFBQZ?tag=eloabder-20&linkCode=osi&th=1&psc=1">View Product</a></div><div class="product"><a href="https://www.amazon.com/dp/B0CNL19TQG?tag=eloabder-20&linkCode=osi&th=1&psc=1"><img src="https://m.media-amazon.com/images/I/61kqkkFXOkL._SL500_.jpg" alt="Product Image"></a><p>Dove Men+Care Body Wash Eucalyptus + Cedar Oil to Rebuild Skin in the Shower with Plant-Based Cleansers and Moisturizers 26 oz</p><p>$9.99 ($0.38 / Fl Oz)</p><a href="https://www.amazon.com/dp/B0CNL19TQG?tag=eloabder-20&linkCode=osi&th=1&psc=1">View Product</a></div><div class="product"><a href="https://www.amazon.com/dp/B07HMDGJCJ?tag=eloabder-20&linkCode=osi&th=1&psc=1"><img src="https://m.media-amazon.com/images/I/31TuC5EJeNL._SL500_.jpg" alt="Product Image"></a><p>SOL DE JANEIRO 4 Play Moisturizing Shower Cream Gel Body Wash 90mL</p><p>$10.00 ($3.33 / Fl Oz)</p><a href="https://www.amazon.com/dp/B07HMDGJCJ?tag=eloabder-20&linkCode=osi&th=1&psc=1">View Product</a></div>
<div class="product"><a href="https://www.amazon.com/dp/B00HVI8WYU?tag=eloabder-20&linkCode=osi&th=1&psc=1"><img src="https://m.media-amazon.com/images/I/31educzzSsL._SL500_.jpg" alt="Product Image"></a><p>e.l.f. Hydrating Face Primer, Makeup Primer For Flawless, Smooth Skin & Long-Lasting Makeup, Fills In Pores & Fine Lines, Vegan & Cruelty-free, Small</p><p>$8.00</p><a href="https://www.amazon.com/dp/B00HVI8WYU?tag=eloabder-20&linkCode=osi&th=1&psc=1">View Product</a></div><div class="product"><a href="https://www.amazon.com/dp/B088W7L534?tag=eloabder-20&linkCode=osi&th=1&psc=1"><img src="https://m.media-amazon.com/images/I/31A5rZUAKyL._SL500_.jpg" alt="Product Image"></a><p>e.l.f. Monochromatic Multi Stick, Luxuriously Creamy & Blendable Color, For Eyes, Lips & Cheeks, Dazzling Peony, 0.17 oz (5 g)</p><p>$5.00</p><a href="https://www.amazon.com/dp/B088W7L534?tag=eloabder-20&linkCode=osi&th=1&psc=1">View Product</a></div><div class="product"><a href="https://www.amazon.com/dp/B0CMJZ8G6Y?tag=eloabder-20&linkCode=osi&th=1&psc=1"><img src="https://m.media-amazon.com/images/I/31KdGu0F8vL._SL500_.jpg" alt="Product Image"></a><p>e.l.f. Glow Reviver Lip Oil, Nourishing Tinted Lip Oil For A High-shine Finish, Infused With Jojoba Oil, Vegan & Cruelty-free, Rose Envy</p><p>$8.00</p><a href="https://www.amazon.com/dp/B0CMJZ8G6Y?tag=eloabder-20&linkCode=osi&th=1&psc=1">View Product</a></div><div class="product"><a href="https://www.amazon.com/dp/B08H3JPH74?tag=eloabder-20&linkCode=osi&th=1&psc=1"><img src="https://m.media-amazon.com/images/I/31hf532TEHL._SL500_.jpg" alt="Product Image"></a><p>Maybelline Lash Sensational Sky High Washable Mascara Makeup, Volumizing, Lengthening, Defining, Curling, Multiplying, Buildable Formula, Blackest Black, 1 Count</p><p>$9.98</p><a href="https://www.amazon.com/dp/B08H3JPH74?tag=eloabder-20&linkCode=osi&th=1&psc=1">View Product</a></div>
<div class="product"><a href="https://www.amazon.com/dp/B09C8VNWBP?tag=eloabder-20&linkCode=osi&th=1&psc=1"><img src="https://m.media-amazon.com/images/I/31ObnTRpJ5L._SL500_.jpg" alt="Product Image"></a><p>Lattafa Yara for Women Eau de Parfum Spray, 3.40 Ounce / 100 ml</p><p>$22.77 ($6.70 / Fl Oz)</p><a href="https://www.amazon.com/dp/B09C8VNWBP?tag=eloabder-20&linkCode=osi&th=1&psc=1">View Product</a></div><div class="product"><a href="https://www.amazon.com/dp/B000E7WHCI?tag=eloabder-20&linkCode=osi&th=1&psc=1"><img src="https://m.media-amazon.com/images/I/31V1XkKkWXL._SL500_.jpg" alt="Product Image"></a><p>Vera Wang Eau de Parfum for Women - Delicate, Floral Scent - Notes of Iris, Lillies, & Sandalwood - Feminine & Subtle - 3.4 Fl Oz</p><p>$26.47 ($7.79 / Fl Oz)</p><a href="https://www.amazon.com/dp/B000E7WHCI?tag=eloabder-20&linkCode=osi&th=1&psc=1">View Product</a></div><div class="product"><a href="https://www.amazon.com/dp/B0B1HB719V?tag=eloabder-20&linkCode=osi&th=1&psc=1"><img src="https://m.media-amazon.com/images/I/31R9CfuokSL._SL500_.jpg" alt="Product Image"></a><p>Sol de Janeiro Cheirosa '68 Hair & Body Fragrance Mist 90mL/3.0 fl oz.</p><p>$24.00 ($8.00 / Fl Oz)</p><a href="https://www.amazon.com/dp/B0B1HB719V?tag=eloabder-20&linkCode=osi&th=1&psc=1">View Product</a></div><div class="product"><a href="https://www.amazon.com/dp/B01KYRUBT8?tag=eloabder-20&linkCode=osi&th=1&psc=1"><img src="https://m.media-amazon.com/images/I/41BYbHm20iL._SL500_.jpg" alt="Product Image"></a><p>Al-Rehab Choco Musk Eau de Parfum Spray for Women, 1.7 Ounce</p><p>$7.80 ($4.59 / Fl Oz)</p><a href="https://www.amazon.com/dp/B01KYRUBT8?tag=eloabder-20&linkCode=osi&th=1&psc=1">View Product</a></div><div class="product"><a href="https://www.amazon.com/dp/B07NJJZK3W?tag=eloabder-20&linkCode=osi&th=1&psc=1"><img src="https://m.media-amazon.com/images/I/41YNfQAjjLL._SL500_.jpg" alt="Product Image"></a><p>Swiss Arabian Layali Rouge - Luxury Products From Dubai - Lasting And Addictive Personal Perfume Oil Fragrance - A Seductive, Signature Aroma - The Luxurious Scent Of Arabia - 0.5 Oz</p><p>$23.48 ($46.96 / Fl Oz)</p><a href="https://www.amazon.com/dp/B07NJJZK3W?tag=eloabder-20&linkCode=osi&th=1&psc=1">View Product</a></div><div class="product"><a href="https://www.amazon.com/dp/B000JL7WQK?tag=eloabder-20&linkCode=osi&th=1&psc=1"><img src="https://m.media-amazon.com/images/I/41WJsYdkRbL._SL500_.jpg" alt="Product Image"></a><p>Vera Wang Princess Eau de Toilette Spray for Women, Vanilla, 3.4 Fl Ounce</p><p>$25.49 ($7.50 / Fl Oz)</p><a href="https://www.amazon.com/dp/B000JL7WQK?tag=eloabder-20&linkCode=osi&th=1&psc=1">View Product</a></div><div class="product"><a href="https://www.amazon.com/dp/B000C1Z5AW?tag=eloabder-20&linkCode=osi&th=1&psc=1"><img src="https://m.media-amazon.com/images/I/31pCnWTh3yL._SL500_.jpg" alt="Product Image"></a><p>Pleasures By Estee Lauder For Women. Eau De Parfum Spray 3.4 Ounces</p><p>$35.00 ($10.29 / Fl Oz)</p><a href="https://www.amazon.com/dp/B000C1Z5AW?tag=eloabder-20&linkCode=osi&th=1&psc=1">View Product</a></div><div class="product"><a href="https://www.amazon.com/dp/B000P22TIY?tag=eloabder-20&linkCode=osi&th=1&psc=1"><img src="https://m.media-amazon.com/images/I/31h9AoIGn3L._SL500_.jpg" alt="Product Image"></a><p>Nautica Voyage Eau De Toilette for Men - Fresh, Romantic, Fruity Scent Woody, Aquatic Notes of Apple, Water Lotus, Cedarwood, and Musk Ideal Day Wear 3.3 Fl Oz</p><p>$18.90 ($5.73 / Fl Oz)</p><a href="https://www.amazon.com/dp/B000P22TIY?tag=eloabder-20&linkCode=osi&th=1&psc=1">View Product</a></div><div class="product"><a href="https://www.amazon.com/dp/B00GZP041Y?tag=eloabder-20&linkCode=osi&th=1&psc=1"><img src="https://m.media-amazon.com/images/I/41-2Bb4gj+L._SL500_.jpg" alt="Product Image"></a><p>Versace Bright Crystal Absolu Eau de Perfume Spray, 3.0 Ounce</p><p>$52.67 ($17.56 / Fl Oz)</p><a href="https://www.amazon.com/dp/B00GZP041Y?tag=eloabder-20&linkCode=osi&th=1&psc=1">View Product</a></div>





<div class="product"><a href="https://www.amazon.com/dp/B0B2RM68G2?tag=eloabder-20&linkCode=osi&th=1&psc=1"><img src="https://m.media-amazon.com/images/I/41VafG53fjL._SL500_.jpg" alt="Product Image"></a><p>BIODANCE Bio-Collagen Real Deep Mask, Hydrating Overnight Hydrogel Mask, Pore Minimizing, Elasticity Improvement, 34g x4ea</p><p>$19.00 ($4.75 / Count)</p><a href="https://www.amazon.com/dp/B0B2RM68G2?tag=eloabder-20&linkCode=osi&th=1&psc=1">View Product</a></div><div class="product"><a href="https://www.amazon.com/dp/B00BAM7F8C?tag=eloabder-20&linkCode=osi&th=1&psc=1"><img src="https://m.media-amazon.com/images/I/51jsS9SDHeL._SL500_.jpg" alt="Product Image"></a><p>DERMAL 16 Combo Pack A Collagen Essencce Korean Face Mask - Hydrating & Soothing Facial Mask with Panthenol - Hypoallergenic Self Care Sheet Mask for All Skin Types - Natural Home Spa Treatment Masks</p><p>$11.99</p><a href="https://www.amazon.com/dp/B00BAM7F8C?tag=eloabder-20&linkCode=osi&th=1&psc=1">View Product</a></div><div class="product"><a href="https://www.amazon.com/dp/B07FPJHPX1?tag=eloabder-20&linkCode=osi&th=1&psc=1"><img src="https://m.media-amazon.com/images/I/51uNOnTpxTL._SL500_.jpg" alt="Product Image"></a><p>Celavi Essence Facial Sheet Face Mask Variety Set Classic Authentic Korean Moisturizing Skincare (12-Packs)</p><p>$9.40 ($0.78 / Count)</p><a href="https://www.amazon.com/dp/B07FPJHPX1?tag=eloabder-20&linkCode=osi&th=1&psc=1">View Product</a></div><div class="product"><a href="https://www.amazon.com/dp/B0722LVW3B?tag=eloabder-20&linkCode=osi&th=1&psc=1"><img src="https://m.media-amazon.com/images/I/51Vm0lozSIL._SL500_.jpg" alt="Product Image"></a><p>DERMAL 24 Combo Pack A Collagen Essence Korean Face Mask - Hydrating & Soothing Facial Mask with Panthenol - Hypoallergenic Self Care Sheet Mask for All Skin Types - Natural Home Spa Treatment Mask</p><p>$16.99 ($0.71 / Count)</p><a href="https://www.amazon.com/dp/B0722LVW3B?tag=eloabder-20&linkCode=osi&th=1&psc=1">View Product</a></div><div class="product"><a href="https://www.amazon.com/dp/B0D7LXSSS5?tag=eloabder-20&linkCode=osi&th=1&psc=1"><img src="https://m.media-amazon.com/images/I/41N5HKnGTtL._SL500_.jpg" alt="Product Image"></a><p>SOYUB Collagen Face Mask - Hydrating Overnight Collagen Face Mask Deep Collagen Anti Wrinkle Lifting Mask - Pure Collagen Films for Improve Elasticity Firming And Moisturizing (4pcs/1 Box)</p><p>$13.79 ($3.45 / Count)</p><a href="https://www.amazon.com/dp/B0D7LXSSS5?tag=eloabder-20&linkCode=osi&th=1&psc=1">View Product</a></div><div class="product"><a href="https://www.amazon.com/dp/B007CY2C76?tag=eloabder-20&linkCode=osi&th=1&psc=1"><img src="https://m.media-amazon.com/images/I/31-131ZWvEL._SL500_.jpg" alt="Product Image"></a><p>Freeman Dead Sea Minerals Anti-Stress Clay Facial Mask, Hydrating & Clarifying, Clears Pores, Face Mask With Lavender & Bergamot For Radiant Skin, For All Skin Types, 6 fl. oz./175 mL Tube, 1 Count</p><p>$3.86 ($0.64 / Ounce)</p><a href="https://www.amazon.com/dp/B007CY2C76?tag=eloabder-20&linkCode=osi&th=1&psc=1">View Product</a></div>



<div class="product"><a href="https://www.amazon.com/dp/B0CZXG68J4?tag=eloabder-20&linkCode=osi&th=1&psc=1"><img src="https://m.media-amazon.com/images/I/41Xkis0092L._SL500_.jpg" alt="Product Image"></a><p>CNP Honey Lip Butter (0.5 fl.oz / 15ml) - Propolis Lipcerin™, Hydrating Overnight Manuka Lip Balm & Mask, 12hrs Long-lasting Moisture, Gentle Exfoliation, Hygienic Twist Dispenser, Korean Skin Care</p><p>$17.80 ($35.60 / Fl Oz)</p><a href="https://www.amazon.com/dp/B0CZXG68J4?tag=eloabder-20&linkCode=osi&th=1&psc=1">View Product</a></div><div class="product"><a href="https://www.amazon.com/dp/B08GJH4RZV?tag=eloabder-20&linkCode=osi&th=1&psc=1"><img src="https://m.media-amazon.com/images/I/41PXqEpAI1L._SL500_.jpg" alt="Product Image"></a><p>2PCS Lip Mask Overnight, Honey&Sakura Day and Night Repair Sleeping Lip Balm, Fade Lip Lines Bee Balm, Hydrating &Prevention Dry and Crack Lip Scrubs Exfoliator</p><p>$6.49</p><a href="https://www.amazon.com/dp/B08GJH4RZV?tag=eloabder-20&linkCode=osi&th=1&psc=1">View Product</a></div><div class="product"><a href="https://www.amazon.com/dp/B07XXPHQZK?tag=eloabder-20&linkCode=osi&th=1&psc=1"><img src="https://m.media-amazon.com/images/I/31mJBoxFgQL._SL500_.jpg" alt="Product Image"></a><p>LANEIGE Lip Sleeping Mask Berry: Nourish, Hydrate, Vitamin C, Murumuru & Shea Butter, Antioxidants, Flaky, Dry Lips</p><p>$24.00 ($34.29 / Ounce)</p><a href="https://www.amazon.com/dp/B07XXPHQZK?tag=eloabder-20&linkCode=osi&th=1&psc=1">View Product</a></div><div class="product"><a href="https://www.amazon.com/dp/B07Y91BMSK?tag=eloabder-20&linkCode=osi&th=1&psc=1"><img src="https://m.media-amazon.com/images/I/51P5ul4ewsL._SL500_.jpg" alt="Product Image"></a><p>NIVEA Lip Care, Fruity Tinted Lip Balm Variety Pack, Includes Cherry, Strawberry, Blackberry and Watermelon Scents, 0.17 Oz, Pack of 4</p><p>$9.69</p><a href="https://www.amazon.com/dp/B07Y91BMSK?tag=eloabder-20&linkCode=osi&th=1&psc=1">View Product</a></div><div class="product"><a href="https://www.amazon.com/dp/B082JJ4D98?tag=eloabder-20&linkCode=osi&th=1&psc=1"><img src="https://m.media-amazon.com/images/I/41zIrQdHI5L._SL500_.jpg" alt="Product Image"></a><p>NIVEA Smoothness Lip Care, Lip Balm SPF 15, Mineral Oil Free Lip Moisturizer with Shea Butter, Jojoba Oil and Avocado Oil, 0.17 Oz, Pack of 4</p><p>$8.40</p><a href="https://www.amazon.com/dp/B082JJ4D98?tag=eloabder-20&linkCode=osi&th=1&psc=1">View Product</a></div><div class="product"><a href="https://www.amazon.com/dp/B07MBHRYTJ?tag=eloabder-20&linkCode=osi&th=1&psc=1"><img src="https://m.media-amazon.com/images/I/410u8zP2pDL._SL500_.jpg" alt="Product Image"></a><p>Palmer's Coconut Oil Formula Lip Balm Duo, All-Day Moisturization, Lip Balm Easter Basket Stuffers, Hydrates Dry, Cracked Lips (Pack of 2)</p><p>$3.10 ($1.94 / Ounce)</p><a href="https://www.amazon.com/dp/B07MBHRYTJ?tag=eloabder-20&linkCode=osi&th=1&psc=1">View Product</a></div><div class="product"><a href="https://www.amazon.com/dp/B07YG8YVQW?tag=eloabder-20&linkCode=osi&th=1&psc=1"><img src="https://m.media-amazon.com/images/I/41tKxZOfwPL._SL500_.jpg" alt="Product Image"></a><p>NIVEA Moisture Lip Care, Lip Balm Stick with Shea Butter, Jojoba Oil and Avocado Oil, 0.17 Oz, Pack of 4</p><p>$9.98</p><a href="https://www.amazon.com/dp/B07YG8YVQW?tag=eloabder-20&linkCode=osi&th=1&psc=1">View Product</a></div><div class="product"><a href="https://www.amazon.com/dp/B08C8WMPMR?tag=eloabder-20&linkCode=osi&th=1&psc=1"><img src="https://m.media-amazon.com/images/I/410NuIkftlL._SL500_.jpg" alt="Product Image"></a><p>eos Medicated Lip Balm - The Fixer | Lip Care to Repair and Protect Chapped and Dry Lips | Instant Cooling and Pain Relief with Natural Ingredients | 0.35 oz</p><p>$3.97 ($11.34 / Fl Oz)</p><a href="https://www.amazon.com/dp/B08C8WMPMR?tag=eloabder-20&linkCode=osi&th=1&psc=1">View Product</a></div>




<div class="product"><a href="https://www.amazon.com/dp/B002CMLS50?tag=eloabder-20&linkCode=osi&th=1&psc=1"><img src="https://m.media-amazon.com/images/I/314ruNgESmL._SL500_.jpg" alt="Product Image"></a><p>Moroccanoil Hydrating Styling Cream, 10.2 Fl. Oz.</p><p>$36.00 ($3.53 / Fl Oz)</p><a href="https://www.amazon.com/dp/B002CMLS50?tag=eloabder-20&linkCode=osi&th=1&psc=1">View Product</a></div><div class="product"><a href="https://www.amazon.com/dp/B0050N4DLE?tag=eloabder-20&linkCode=osi&th=1&psc=1"><img src="https://m.media-amazon.com/images/I/31-lmMmL35L._SL500_.jpg" alt="Product Image"></a><p>Garnier Fructis Style Pure Clean Styling Gel 6.8 Fl Oz, 1 Count, (Packaging May Vary)</p><p>$4.49 ($0.66 / Fl Oz)</p><a href="https://www.amazon.com/dp/B0050N4DLE?tag=eloabder-20&linkCode=osi&th=1&psc=1">View Product</a></div><div class="product"><a href="https://www.amazon.com/dp/B07KB39L6L?tag=eloabder-20&linkCode=osi&th=1&psc=1"><img src="https://m.media-amazon.com/images/I/51U76BCUc5L._SL500_.jpg" alt="Product Image"></a><p>Hair Dough Styling Clay For Men, Matte Finish Molding Hair Wax Paste Quiff, Strong Hold Without The Shine</p><p>$18.99 ($5.43 / Ounce)</p><a href="https://www.amazon.com/dp/B07KB39L6L?tag=eloabder-20&linkCode=osi&th=1&psc=1">View Product</a></div><div class="product"><a href="https://www.amazon.com/dp/B0914XZT2W?tag=eloabder-20&linkCode=osi&th=1&psc=1"><img src="https://m.media-amazon.com/images/I/417h8kM6cCL._SL500_.jpg" alt="Product Image"></a><p>Samnyte Hair Wax Stick, Wax Stick for Hair Slick Stick, Hair Wax Stick for Women Kids, Hair Gel Stick for Girls Hair Accessories for Women Fly away Hair Tamer, Hair Bun Maker for Kids Styling Cream</p><p>$7.99 ($2.96 / Fl Oz)</p><a href="https://www.amazon.com/dp/B0914XZT2W?tag=eloabder-20&linkCode=osi&th=1&psc=1">View Product</a></div>



<div class="product"><a href="https://www.amazon.com/dp/B00A8S6HM4?tag=eloabder-20&linkCode=osi&th=1&psc=1"><img src="https://m.media-amazon.com/images/I/31tIssP5CQL._SL500_.jpg" alt="Product Image"></a><p>Gold Bond Healing Hand Cream, 3 oz., With Aloe, Moisture That Lasts Through Handwashing</p><p>$3.97 ($1.32 / Ounce)</p><a href="https://www.amazon.com/dp/B00A8S6HM4?tag=eloabder-20&linkCode=osi&th=1&psc=1">View Product</a></div><div class="product"><a href="https://www.amazon.com/dp/B006UEOQ5K?tag=eloabder-20&linkCode=osi&th=1&psc=1"><img src="https://m.media-amazon.com/images/I/316StCvRHcL._SL500_.jpg" alt="Product Image"></a><p>L’Occitane Shea Butter Hand Cream 5.1 Oz: Nourishes Very Dry Hands, Protects Skin, With 20% Organic Shea Butter, Vegan, 1 Sold Every 3 Seconds*</p><p>$27.00</p><a href="https://www.amazon.com/dp/B006UEOQ5K?tag=eloabder-20&linkCode=osi&th=1&psc=1">View Product</a></div><div class="product"><a href="https://www.amazon.com/dp/B00EYOSA9G?tag=eloabder-20&linkCode=osi&th=1&psc=1"><img src="https://m.media-amazon.com/images/I/41bhc+gcG0L._SL500_.jpg" alt="Product Image"></a><p>La Roche-Posay Cicaplast Hand Cream, Instant Relief Moisturizing Dry Hands Shea Butter Lotion for Dry Cracked Hands, Non Greasy, Fragrance Free, 1.69 Fl Oz (Pack of 1)</p><p>$11.99 ($7.05 / Fl Oz)</p><a href="https://www.amazon.com/dp/B00EYOSA9G?tag=eloabder-20&linkCode=osi&th=1&psc=1">View Product</a></div><div class="product"><a href="https://www.amazon.com/dp/B00BN2UF54?tag=eloabder-20&linkCode=osi&th=1&psc=1"><img src="https://m.media-amazon.com/images/I/41JdUlyNn5L._SL500_.jpg" alt="Product Image"></a><p>CeraVe Therapeutic Hand Cream for Dry Cracked Hands With Hyaluronic Acid and Niacinamide | Fragrance Free 3 Ounce</p><p>$10.47 ($3.49 / Ounce)</p><a href="https://www.amazon.com/dp/B00BN2UF54?tag=eloabder-20&linkCode=osi&th=1&psc=1">View Product</a></div><div class="product"><a href="https://www.amazon.com/dp/B09QP658PT?tag=eloabder-20&linkCode=osi&th=1&psc=1"><img src="https://m.media-amazon.com/images/I/31W-klVFPhL._SL500_.jpg" alt="Product Image"></a><p>eos Shea Better Hand Cream - Vanilla Cashmere | Instant Hydration + Lasting Protection | 2.5 oz</p><p>$3.97 ($1.59 / Fl Oz)</p><a href="https://www.amazon.com/dp/B09QP658PT?tag=eloabder-20&linkCode=osi&th=1&psc=1">View Product</a></div><div class="product"><a href="https://www.amazon.com/dp/B00121UVU0?tag=eloabder-20&linkCode=osi&th=1&psc=1"><img src="https://m.media-amazon.com/images/I/41eeed+P5BL._SL500_.jpg" alt="Product Image"></a><p>O'Keeffe's Working Hands Hand Cream for Extremely Dry, Cracked Hands, 3.4 Ounce Jar, (Pack 1)</p><p>$8.48 ($2.49 / Ounce)</p><a href="https://www.amazon.com/dp/B00121UVU0?tag=eloabder-20&linkCode=osi&th=1&psc=1">View Product</a></div><div class="product"><a href="https://www.amazon.com/dp/B0148PKYXU?tag=eloabder-20&linkCode=osi&th=1&psc=1"><img src="https://m.media-amazon.com/images/I/41cwut0DGKL._SL500_.jpg" alt="Product Image"></a><p>O'Keeffe's Working Hands Hand Cream, Relieves and Repairs Extremely Dry Hands, 3 oz Tube, (Pack of 2)</p><p>$15.17 ($2.53 / Ounce)</p><a href="https://www.amazon.com/dp/B0148PKYXU?tag=eloabder-20&linkCode=osi&th=1&psc=1">View Product</a></div><div class="product"><a href="https://www.amazon.com/dp/B08Q1B7DVZ?tag=eloabder-20&linkCode=osi&th=1&psc=1"><img src="https://m.media-amazon.com/images/I/41KbVXj2k4L._SL500_.jpg" alt="Product Image"></a><p>Neutrogena Norwegian Formula Moisturizing Hand Cream Formulated with Glycerin for Dry, Rough Hands, Fragrance-Free Intensive Hand Lotion, 2 oz, Pack of 6</p><p>$32.94 ($2.74 / Ounce)</p><a href="https://www.amazon.com/dp/B08Q1B7DVZ?tag=eloabder-20&linkCode=osi&th=1&psc=1">View Product</a></div><div class="product"><a href="https://www.amazon.com/dp/B017WJ9HHS?tag=eloabder-20&linkCode=osi&th=1&psc=1"><img src="https://m.media-amazon.com/images/I/41m9V-aLjwL._SL500_.jpg" alt="Product Image"></a><p>Vaseline Intensive Care Healthy Hands + Stronger Nails Hand Cream 75Ml - Pack of 2</p><p>$6.00 ($1.20 / Fl Oz)</p><a href="https://www.amazon.com/dp/B017WJ9HHS?tag=eloabder-20&linkCode=osi&th=1&psc=1">View Product</a></div><div class="product"><a href="https://www.amazon.com/dp/B002PK0ROM?tag=eloabder-20&linkCode=osi&th=1&psc=1"><img src="https://m.media-amazon.com/images/I/51ACxQvzcbL._SL500_.jpg" alt="Product Image"></a><p>Burt's Bees Almond & Milk Hand Cream, 2 Oz (Package May Vary)</p><p>$8.84 ($4.42 / Ounce)</p><a href="https://www.amazon.com/dp/B002PK0ROM?tag=eloabder-20&linkCode=osi&th=1&psc=1">View Product</a></div>
<div class="product"><a href="https://www.amazon.com/dp/B08YZ7B2QC?tag=eloabder-20&linkCode=osi&th=1&psc=1"><img src="https://m.media-amazon.com/images/I/51oKaSNnAqL._SL500_.jpg" alt="Product Image"></a><p>Dr. Scholl's Dry, Cracked Skin, Ultra Hydrating Foot Mask, 3 Pairs Moisturizing Socks: Intensely Moisturizes Repairs and Softens Rough Dry Skin with Urea & Essential Oils for Dry Cracked Feet</p><p>$8.97 ($2.99 / Count)</p><a href="https://www.amazon.com/dp/B08YZ7B2QC?tag=eloabder-20&linkCode=osi&th=1&psc=1">View Product</a></div><div class="product"><a href="https://www.amazon.com/dp/B08YZBKZPB?tag=eloabder-20&linkCode=osi&th=1&psc=1"><img src="https://m.media-amazon.com/images/I/41ktbxpRfPL._SL500_.jpg" alt="Product Image"></a><p>Dr. Scholl's Dry, Cracked Foot Repair Ultra-Hydrating Foot Cream Moisturizer, 3.5 oz, Skin Care Foot Lotion with 25% Urea for Dry Cracked Feet, Heals and Moisturizes for Healthy Feet</p><p>$5.89 ($1.68 / Ounce)</p><a href="https://www.amazon.com/dp/B08YZBKZPB?tag=eloabder-20&linkCode=osi&th=1&psc=1">View Product</a></div><div class="product"><a href="https://www.amazon.com/dp/B0081C2I22?tag=eloabder-20&linkCode=osi&th=1&psc=1"><img src="https://m.media-amazon.com/images/I/41f3N9+RSFL._SL500_.jpg" alt="Product Image"></a><p>Palmer's Cocoa Butter Formula Foot Magic Moisturizing Foot Cream for Dry, Cracked Heels, Feet Moisturizer with Peppermint Oil & Vitamin E, 2.1 Ounces</p><p>$4.22 ($2.01 / Ounce)</p><a href="https://www.amazon.com/dp/B0081C2I22?tag=eloabder-20&linkCode=osi&th=1&psc=1">View Product</a></div><div class="product"><a href="https://www.amazon.com/dp/B0859JFWDT?tag=eloabder-20&linkCode=osi&th=1&psc=1"><img src="https://m.media-amazon.com/images/I/51JZjw73KSL._SL500_.jpg" alt="Product Image"></a><p>New York Biology Tea Tree Oil Foot Cream for Dry Cracked Feet, Athletes Foot, Nail Fungus, Jock Itch, Ringworm, Cracked Heels and Itchy Skin - Foot Cream - 8 oz</p><p>$9.99 ($1.25 / Ounce)</p><a href="https://www.amazon.com/dp/B0859JFWDT?tag=eloabder-20&linkCode=osi&th=1&psc=1">View Product</a></div><div class="product"><a href="https://www.amazon.com/dp/B0829DGWD5?tag=eloabder-20&linkCode=osi&th=1&psc=1"><img src="https://m.media-amazon.com/images/I/51T+i65E1rL._SL500_.jpg" alt="Product Image"></a><p>Tea Tree Oil Foot Soak with Epsom Salt - For Toenail Repair, Athletes Foot, Softens Calluses, Soothes Sore & Tired Feet, Nail Discoloration, odor Scent, Spa Pedicure Care - Made in USA 16 oz</p><p>$15.97 ($1.00 / Ounce)</p><a href="https://www.amazon.com/dp/B0829DGWD5?tag=eloabder-20&linkCode=osi&th=1&psc=1">View Product</a></div><div class="product"><a href="https://www.amazon.com/dp/B0B5FFBZ73?tag=eloabder-20&linkCode=osi&th=1&psc=1"><img src="https://m.media-amazon.com/images/I/41sofSvikeL._SL500_.jpg" alt="Product Image"></a><p>Aquaphor Repairing Foot Masks, Moisturizing Socks for Dry Feet, Hydrating Foot Care Treatment with Avocado Oil and Shea Butter, Pack of 6</p><p>$29.94 ($4.99 / Count)</p><a href="https://www.amazon.com/dp/B0B5FFBZ73?tag=eloabder-20&linkCode=osi&th=1&psc=1">View Product</a></div><div class="product"><a href="https://www.amazon.com/dp/B00VPVEVSK?tag=eloabder-20&linkCode=osi&th=1&psc=1"><img src="https://m.media-amazon.com/images/I/51WbGRy3xOL._SL500_.jpg" alt="Product Image"></a><p>Colossal Foot rasp Foot File and Callus Remover. Best Foot Care Pedicure Metal Surface Tool to Remove Hard Skin. Can be Used on Both Wet and Dry feet, High Grade Stainless Steel File</p><p>$9.99 ($9.99 / Count)</p><a href="https://www.amazon.com/dp/B00VPVEVSK?tag=eloabder-20&linkCode=osi&th=1&psc=1">View Product</a></div>

<div class="product"><a href="https://www.amazon.com/dp/B0D3JDYWZ6?tag=eloabder-20&linkCode=osi&th=1&psc=1"><img src="https://m.media-amazon.com/images/I/41c+v1LLXzL._SL500_.jpg" alt="Product Image"></a><p>e.l.f. Soft Glam Foundation, Medium Coverage, Long-Lasting & Buildable Foundation For A Smooth, Satin Finish, Vegan & Cruelty-Free, 31 Medium Neutral</p><p>$7.99</p><a href="https://www.amazon.com/dp/B0D3JDYWZ6?tag=eloabder-20&linkCode=osi&th=1&psc=1">View Product</a></div><div class="product"><a href="https://www.amazon.com/dp/B07DFK238H?tag=eloabder-20&linkCode=osi&th=1&psc=1"><img src="https://m.media-amazon.com/images/I/31mAhNJ+4hL._SL500_.jpg" alt="Product Image"></a><p>e.l.f. Flawless Finish Foundation, Lightweight & Medium Coverage, Semi-Matte Finish, Light Ivory, 0.68 Fl Oz (20mL)</p><p>$6.00</p><a href="https://www.amazon.com/dp/B07DFK238H?tag=eloabder-20&linkCode=osi&th=1&psc=1">View Product</a></div><div class="product"><a href="https://www.amazon.com/dp/B0BCH5WVW6?tag=eloabder-20&linkCode=osi&th=1&psc=1"><img src="https://m.media-amazon.com/images/I/31wajekqpGL._SL500_.jpg" alt="Product Image"></a><p>L'Oreal Paris True Match Super-Blendable Foundation, Medium Coverage Liquid Foundation Makeup, N4, Light Medium, 1 Fl Oz</p><p>$9.97</p><a href="https://www.amazon.com/dp/B0BCH5WVW6?tag=eloabder-20&linkCode=osi&th=1&psc=1">View Product</a></div><div class="product"><a href="https://www.amazon.com/dp/B01CC0GUD6?tag=eloabder-20&linkCode=osi&th=1&psc=1"><img src="https://m.media-amazon.com/images/I/310NgUccokL._SL500_.jpg" alt="Product Image"></a><p>Milani Conceal + Perfect Liquid Foundation - Light Beige, 1 Fl. Oz. Cruelty-Free, Water-Resistant, Oil-Free, Medium-To-Full Coverage, Satin Matte Finish</p><p>$10.97</p><a href="https://www.amazon.com/dp/B01CC0GUD6?tag=eloabder-20&linkCode=osi&th=1&psc=1">View Product</a></div><div class="product"><a href="https://www.amazon.com/dp/B091D8BXSQ?tag=eloabder-20&linkCode=osi&th=1&psc=1"><img src="https://m.media-amazon.com/images/I/31ktknDTqTL._SL500_.jpg" alt="Product Image"></a><p>L'Oreal Paris True Match Nude Hyaluronic Tinted Serum Foundation with 1% Hyaluronic acid, Light 2-3, 1 fl. oz.</p><p>$15.18</p><a href="https://www.amazon.com/dp/B091D8BXSQ?tag=eloabder-20&linkCode=osi&th=1&psc=1">View Product</a></div>


<div class="product"><a href="https://www.amazon.com/dp/B08GSTPT8Y?tag=eloabder-20&linkCode=osi&th=1&psc=1"><img src="https://m.media-amazon.com/images/I/41sX+hKcbML._SL500_.jpg" alt="Product Image"></a><p>AOA Studio Collection makeup Sponge Set Latex Free and High-definition Set of 6 makeup Wonder blender For Powder Cream and Liquid, Super Soft Wonder Beauty Cosmetic</p><p>$9.95 ($1.66 / Count)</p><a href="https://www.amazon.com/dp/B08GSTPT8Y?tag=eloabder-20&linkCode=osi&th=1&psc=1">View Product</a></div><div class="product"><a href="https://www.amazon.com/dp/B0CJFFR574?tag=eloabder-20&linkCode=osi&th=1&psc=1"><img src="https://m.media-amazon.com/images/I/41nkQ05yLcL._SL500_.jpg" alt="Product Image"></a><p>SUNGBOON EDITOR Deep Collagen Overnight Mask 37gx4ea | The real collagen 2,160,000ppb | Facial Hydrogel Masks with low molecular weight collagen for elasticity, firming, and moisturizing</p><p>$19.00 ($4.75 / Count)</p><a href="https://www.amazon.com/dp/B0CJFFR574?tag=eloabder-20&linkCode=osi&th=1&psc=1">View Product</a></div><div class="product"><a href="https://www.amazon.com/dp/B0B45LL4DD?tag=eloabder-20&linkCode=osi&th=1&psc=1"><img src="https://m.media-amazon.com/images/I/31ZNIWikbtL._SL500_.jpg" alt="Product Image"></a><p>Beauty of Joseon Revive Eye Serum with Retinal Niacinamide Correction for Puffy Eye Bags Fine Lines Dark Circles Wrinkles, Korean Skin Care 30ml, 1 fl.oz</p><p>$14.50 ($14.50 / Fl Oz)</p><a href="https://www.amazon.com/dp/B0B45LL4DD?tag=eloabder-20&linkCode=osi&th=1&psc=1">View Product</a></div><div class="product"><a href="https://www.amazon.com/dp/B0C4H1GPG1?tag=eloabder-20&linkCode=osi&th=1&psc=1"><img src="https://m.media-amazon.com/images/I/41jyzyKyY2L._SL500_.jpg" alt="Product Image"></a><p>BEAKEY Latex Free Blender Makeup Sponge for Blending, Pink Makeup Sponge Set, Soft Beauty Sponge, for Flawless Application of Liquid, Cream, and Powder Cosmetics, Pink Makeup Gifts</p><p>$6.99 ($1.40 / Count)</p><a href="https://www.amazon.com/dp/B0C4H1GPG1?tag=eloabder-20&linkCode=osi&th=1&psc=1">View Product</a></div><div class="product"><a href="https://www.amazon.com/dp/B00QPNVC0I?tag=eloabder-20&linkCode=osi&th=1&psc=1"><img src="https://m.media-amazon.com/images/I/31wV3gYUEpL._SL500_.jpg" alt="Product Image"></a><p>Real Techniques Miracle Complexion Sponge Set Duo, 2 Makeup Sponges For Liquid & Cream Makeup, Makeup Blender Sponge For Buildable Coverage, Foundation Sponge For Natural, Dewy Base, Latex-Free Foam</p><p>$7.69 ($3.84 / Count)</p><a href="https://www.amazon.com/dp/B00QPNVC0I?tag=eloabder-20&linkCode=osi&th=1&psc=1">View Product</a></div><div class="product"><a href="https://www.amazon.com/dp/B0CZYJYX4Q?tag=eloabder-20&linkCode=osi&th=1&psc=1"><img src="https://m.media-amazon.com/images/I/31hNatkE-9L._SL500_.jpg" alt="Product Image"></a><p>LANEIGE Lip Glowy Balm Mango: Hydrate, Glossy, Lightweight, Moisturize & Tint with Shea Butter</p><p>$19.00 ($54.29 / Ounce)</p><a href="https://www.amazon.com/dp/B0CZYJYX4Q?tag=eloabder-20&linkCode=osi&th=1&psc=1">View Product</a></div><div class="product"><a href="https://www.amazon.com/dp/B0CXQR14J3?tag=eloabder-20&linkCode=osi&th=1&psc=1"><img src="https://m.media-amazon.com/images/I/31RRaB6c+JL._SL500_.jpg" alt="Product Image"></a><p>e.l.f. Power Grip Dewy Setting Spray, Ultra Fine Mist Made With Hyaluronic Acid, Grips Makeup For A Hydrated, Dewy Finish, Vegan & Cruelty-Free</p><p>$10.00 ($3.70 / Fl Oz)</p><a href="https://www.amazon.com/dp/B0CXQR14J3?tag=eloabder-20&linkCode=osi&th=1&psc=1">View Product</a></div>
<div class="product"><a href="https://www.amazon.com/dp/B0057X7S7I?tag=eloabder-20&linkCode=osi&th=1&psc=1"><img src="https://m.media-amazon.com/images/I/31EGxy1hPjL._SL500_.jpg" alt="Product Image"></a><p>Rimmel Stay Glossy Lip Gloss - Non-Sticky and Lightweight Formula for Lip Color and Shine - 120 Non-Stop Glamour, .18oz</p><p>$3.97</p><a href="https://www.amazon.com/dp/B0057X7S7I?tag=eloabder-20&linkCode=osi&th=1&psc=1">View Product</a></div><div class="product"><a href="https://www.amazon.com/dp/B07MWTH3BY?tag=eloabder-20&linkCode=osi&th=1&psc=1"><img src="https://m.media-amazon.com/images/I/31xb-X48IBL._SL500_.jpg" alt="Product Image"></a><p>e.l.f. Monochromatic Multi Stick, Luxuriously Creamy & Blendable Color, For Eyes, Lips & Cheeks, Glistening Peach, 0.17 oz (5g)</p><p>$5.00</p><a href="https://www.amazon.com/dp/B07MWTH3BY?tag=eloabder-20&linkCode=osi&th=1&psc=1">View Product</a></div><div class="product"><a href="https://www.amazon.com/dp/B0CPFXMMBH?tag=eloabder-20&linkCode=osi&th=1&psc=1"><img src="https://m.media-amazon.com/images/I/21poCyHDdxL._SL500_.jpg" alt="Product Image"></a><p>e.l.f. Instant Lift Waterproof Brow Pencil, Long-Lasting Eyebrow Pencil For Grooming & Shaping Eyebrows, Vegan & Cruelty-free, Taupe</p><p>$3.00</p><a href="https://www.amazon.com/dp/B0CPFXMMBH?tag=eloabder-20&linkCode=osi&th=1&psc=1">View Product</a></div><div class="product"><a href="https://www.amazon.com/dp/B082YQ4QWW?tag=eloabder-20&linkCode=osi&th=1&psc=1"><img src="https://m.media-amazon.com/images/I/31S+aqgvx6L._SL500_.jpg" alt="Product Image"></a><p>wet n wild Mega Last High-Shine Lipstick Lip Color, Infused with Seed Oils For a Nourishing High-Shine, Buildable & Blendable Creamy Color, Cruelty-Free & Vegan - Pinky Ring</p><p>$2.28</p><a href="https://www.amazon.com/dp/B082YQ4QWW?tag=eloabder-20&linkCode=osi&th=1&psc=1">View Product</a></div><div class="product"><a href="https://www.amazon.com/dp/B0BDD7D34M?tag=eloabder-20&linkCode=osi&th=1&psc=1"><img src="https://m.media-amazon.com/images/I/51O5AVRXcUL._SL500_.jpg" alt="Product Image"></a><p>Maskiss 24k Gold Under Eye Patches (25 Pairs), eye mask, Collagen Skin Care Products, Eye Patches for Puffy Eyes, eye masks for dark circles and puffiness</p><p>$14.99 ($0.60 / Count)</p><a href="https://www.amazon.com/dp/B0BDD7D34M?tag=eloabder-20&linkCode=osi&th=1&psc=1">View Product</a></div><div class="product"><a href="https://www.amazon.com/dp/B004BCXEF6?tag=eloabder-20&linkCode=osi&th=1&psc=1"><img src="https://m.media-amazon.com/images/I/31t3gAw-N7L._SL500_.jpg" alt="Product Image"></a><p>L’Oreal Paris Makeup Voluminous Original Volume Building Waterproof Mascara, Carbon Black, 0.23 Fl Oz</p><p>$8.98</p><a href="https://www.amazon.com/dp/B004BCXEF6?tag=eloabder-20&linkCode=osi&th=1&psc=1">View Product</a></div>
<div class="product"><a href="https://www.amazon.com/dp/B0BSZ23FTF?tag=eloabder-20&linkCode=osi&th=1&psc=1"><img src="https://m.media-amazon.com/images/I/31GRN7P2p8L._SL500_.jpg" alt="Product Image"></a><p>Bubble Skincare Slam Dunk Face Moisturizer - Hydrating Face Cream for Dry Skin Made with Vitamin E + Aloe Vera Juice for a Glowing Complexion - Skin Care with Blue Light Protection (50ml)</p><p>$14.98 ($8.81 / Ounce)</p><a href="https://www.amazon.com/dp/B0BSZ23FTF?tag=eloabder-20&linkCode=osi&th=1&psc=1">View Product</a></div><div class="product"><a href="https://www.amazon.com/dp/B08T7DSZYD?tag=eloabder-20&linkCode=osi&th=1&psc=1"><img src="https://m.media-amazon.com/images/I/41WwUSxcyGL._SL500_.jpg" alt="Product Image"></a><p>e.l.f. SKIN Hydrated Ever After Skincare Mini Kit, Cleanser, Makeup Remover, Moisturiser & Eye Cream For Hydrating Skin, Airplane-Friendly Sizes</p><p>$19.99</p><a href="https://www.amazon.com/dp/B08T7DSZYD?tag=eloabder-20&linkCode=osi&th=1&psc=1">View Product</a></div><div class="product"><a href="https://www.amazon.com/dp/B0BSYX57T2?tag=eloabder-20&linkCode=osi&th=1&psc=1"><img src="https://m.media-amazon.com/images/I/31ssRlEo5QL._SL500_.jpg" alt="Product Image"></a><p>Bubble Skincare Bounce Back Balancing Facial Toner Mist - Hydrating Toner Spray + Pore Minimizer Made with Sea Water and Niacinamide to Help Improve Texture & Radiance (55ml)</p><p>$12.99 ($7.22 / Fl Oz)</p><a href="https://www.amazon.com/dp/B0BSYX57T2?tag=eloabder-20&linkCode=osi&th=1&psc=1">View Product</a></div><div class="product"><a href="https://www.amazon.com/dp/B000VPPUEA?tag=eloabder-20&linkCode=osi&th=1&psc=1"><img src="https://m.media-amazon.com/images/I/31e4JzjWhkL._SL500_.jpg" alt="Product Image"></a><p>Bio-Oil Skincare Body Oil, Vitamin E, Serum for Scars & Stretchmarks, Face & Body Moisturizer, 2 oz, All Skin Types</p><p>$11.12 ($5.56 / Fl Oz)</p><a href="https://www.amazon.com/dp/B000VPPUEA?tag=eloabder-20&linkCode=osi&th=1&psc=1">View Product</a></div><div class="product"><a href="https://www.amazon.com/dp/B0C2JPBNFX?tag=eloabder-20&linkCode=osi&th=1&psc=1"><img src="https://m.media-amazon.com/images/I/51LF1OXoo0L._SL500_.jpg" alt="Product Image"></a><p>Celavi K-Beauty Skincare Essence Facial Face Mask Korea Skin Care Moisturizing B Set 12 Pack</p><p>$9.99 ($0.83 / Count)</p><a href="https://www.amazon.com/dp/B0C2JPBNFX?tag=eloabder-20&linkCode=osi&th=1&psc=1">View Product</a></div><div class="product"><a href="https://www.amazon.com/dp/B0BSYJYQY2?tag=eloabder-20&linkCode=osi&th=1&psc=1"><img src="https://m.media-amazon.com/images/I/31aQkQwjJYL._SL500_.jpg" alt="Product Image"></a><p>Bubble Skincare Level Up Balancing Face Moisturizer - Hydrating Gel Moisturizer Formulated with Zinc PCA + Niacinamide for Improved Texture & Radiance - Skin Care for Oily or Combination Skin (50ml)</p><p>$14.99 ($8.87 / Fl Oz)</p><a href="https://www.amazon.com/dp/B0BSYJYQY2?tag=eloabder-20&linkCode=osi&th=1&psc=1">View Product</a></div><div class="product"><a href="https://www.amazon.com/dp/B0B826XRPH?tag=eloabder-20&linkCode=osi&th=1&psc=1"><img src="https://m.media-amazon.com/images/I/516nsOEA-mL._SL500_.jpg" alt="Product Image"></a><p>AURUZA Ice Face Roller and Gua Sha Set, Ice Roller for Face & Eye Puffiness Relief Beauty Facial Rollers Mold Icing Massage Skin Care Tools for Brighten Lubricate Shrink Pores Remove Fine Lines</p><p>$5.49</p><a href="https://www.amazon.com/dp/B0B826XRPH?tag=eloabder-20&linkCode=osi&th=1&psc=1">View Product</a></div><div class="product"><a href="https://www.amazon.com/dp/B0BS8Y2FLK?tag=eloabder-20&linkCode=osi&th=1&psc=1"><img src="https://m.media-amazon.com/images/I/41CX-bGjaRL._SL500_.jpg" alt="Product Image"></a><p>PEAUAMIE Under Eye Patches (30 Pairs) Gold Eye Mask and Hyaluronic Acid Eye Patches for puffy eyes,Rose Eye Masks for Dark Circles and Puffiness under eye skin care Smooth Wrinkles products</p><p>$9.99 ($0.33 / Count)</p><a href="https://www.amazon.com/dp/B0BS8Y2FLK?tag=eloabder-20&linkCode=osi&th=1&psc=1">View Product</a></div><div class="product"><a href="https://www.amazon.com/dp/B09NXS395V?tag=eloabder-20&linkCode=osi&th=1&psc=1"><img src="https://m.media-amazon.com/images/I/41ZHn0qwWwL._SL500_.jpg" alt="Product Image"></a><p>NAZANO Under Eye Patches - 60 Pcs - 24K Gold Eye Mask- Puffy Eyes & Dark Circles Treatments,Reduce Under Eye Bags and Smooth Wrinkles,Eye Skin Care Pads With Collagen,Hyaluronic Acid & Castor Oil</p><p>$8.99 ($0.30 / Count)</p><a href="https://www.amazon.com/dp/B09NXS395V?tag=eloabder-20&linkCode=osi&th=1&psc=1">View Product</a></div>
<div class="product"><a href="https://www.amazon.com/dp/B01N9SPQHQ?tag=eloabder-20&linkCode=osi&th=1&psc=1"><img src="https://m.media-amazon.com/images/I/41NHgWAaYAL._SL500_.jpg" alt="Product Image"></a><p>La Roche-Posay Toleriane Double Repair Face Moisturizer, Daily Moisturizer Face Cream with Ceramide and Niacinamide for All Skin Types, Oil Free, Fragrance Free</p><p>$23.99 ($7.10 / Fl Oz)</p><a href="https://www.amazon.com/dp/B01N9SPQHQ?tag=eloabder-20&linkCode=osi&th=1&psc=1">View Product</a></div><div class="product"><a href="https://www.amazon.com/dp/B00TTD9BRC?tag=eloabder-20&linkCode=osi&th=1&psc=1"><img src="https://m.media-amazon.com/images/I/41Kc6H7fboL._SL500_.jpg" alt="Product Image"></a><p>CeraVe Moisturizing Cream | Body and Face Moisturizer for Dry Skin | Body Cream with Hyaluronic Acid and Ceramides | Daily Moisturizer | Oil-Free | Fragrance Free | Non-Comedogenic | 19 Ounce</p><p>$17.78 ($0.94 / Ounce)</p><a href="https://www.amazon.com/dp/B00TTD9BRC?tag=eloabder-20&linkCode=osi&th=1&psc=1">View Product</a></div><div class="product"><a href="https://www.amazon.com/dp/B00NR1YQHM?tag=eloabder-20&linkCode=osi&th=1&psc=1"><img src="https://m.media-amazon.com/images/I/41yzZFTW63L._SL500_.jpg" alt="Product Image"></a><p>Neutrogena Hydro Boost Face Moisturizer with Hyaluronic Acid for Dry Skin, Oil-Free and Non-Comedogenic Water Gel Face Lotion, 1.7 oz</p><p>$13.31 ($7.83 / Ounce)</p><a href="https://www.amazon.com/dp/B00NR1YQHM?tag=eloabder-20&linkCode=osi&th=1&psc=1">View Product</a></div><div class="product"><a href="https://www.amazon.com/dp/B00HNSSPHC?tag=eloabder-20&linkCode=osi&th=1&psc=1"><img src="https://m.media-amazon.com/images/I/41rWFzQZdOL._SL500_.jpg" alt="Product Image"></a><p>Neutrogena Triple Age Repair Anti-Aging Daily Facial Moisturizer with SPF 25 Sunscreen & Vitamin C, Firming Anti-Wrinkle Face & Neck Cream for Dark Spots, Glycerin & Shea Butter, 1.7 oz</p><p>$19.56 ($11.51 / Ounce)</p><a href="https://www.amazon.com/dp/B00HNSSPHC?tag=eloabder-20&linkCode=osi&th=1&psc=1">View Product</a></div><div class="product"><a href="https://www.amazon.com/dp/B000YJ2SLG?tag=eloabder-20&linkCode=osi&th=1&psc=1"><img src="https://m.media-amazon.com/images/I/31J9bWXnQ+L._SL500_.jpg" alt="Product Image"></a><p>CeraVe Daily Moisturizing Lotion for Dry Skin | Body Lotion & Face Moisturizer with Hyaluronic Acid and Ceramides | Daily Moisturizer | Fragrance Free | Oil-Free | 12 Ounce</p><p>$13.68 ($1.14 / Fl Oz)</p><a href="https://www.amazon.com/dp/B000YJ2SLG?tag=eloabder-20&linkCode=osi&th=1&psc=1">View Product</a></div><div class="product"><a href="https://www.amazon.com/dp/B099N1LC4R?tag=eloabder-20&linkCode=osi&th=1&psc=1"><img src="https://m.media-amazon.com/images/I/41lZIG8wQNL._SL500_.jpg" alt="Product Image"></a><p>Cetaphil Face & Body Moisturizer, Hydrating Moisturizing Cream For Dry To Very Dry, Sensitive Skin, NEW 20 Oz, Fragrance Free, Non-Comedogenic, Non-Greasy (Packaging May Vary)</p><p>$15.97 ($0.80 / Ounce)</p><a href="https://www.amazon.com/dp/B099N1LC4R?tag=eloabder-20&linkCode=osi&th=1&psc=1">View Product</a></div><div class="product"><a href="https://www.amazon.com/dp/B01H20MA62?tag=eloabder-20&linkCode=osi&th=1&psc=1"><img src="https://m.media-amazon.com/images/I/41xuvNUpUML._SL500_.jpg" alt="Product Image"></a><p>Cetaphil Face & Body Moisturizer, Hydrating Moisturizing Cream for Dry to Very Dry, Sensitive Skin, NEW 16 Oz 2 Pack, Fragrance Free, Non-Comedogenic, Non-Greasy</p><p>$19.48 ($0.61 / Ounce)</p><a href="https://www.amazon.com/dp/B01H20MA62?tag=eloabder-20&linkCode=osi&th=1&psc=1">View Product</a></div><div class="product"><a href="https://www.amazon.com/dp/B01NCWV3KM?tag=eloabder-20&linkCode=osi&th=1&psc=1"><img src="https://m.media-amazon.com/images/I/41Q1ESUhSeL._SL500_.jpg" alt="Product Image"></a><p>La Roche-Posay Toleriane Double Repair UV SPF Moisturizer for Face, Daily Facial Moisturizer with Sunscreen SPF 30, Niacinamide and Glycerin, Oil Free, Moisturizing Sun Protection</p><p>$24.99 ($10.00 / Fl Oz)</p><a href="https://www.amazon.com/dp/B01NCWV3KM?tag=eloabder-20&linkCode=osi&th=1&psc=1">View Product</a></div>
<div class="product"><a href="https://www.amazon.com/dp/B07P5TMHD9?tag=eloabder-20&linkCode=osi&th=1&psc=1"><img src="https://m.media-amazon.com/images/I/51xr2lw0Y7L._SL500_.jpg" alt="Product Image"></a><p>Vitamin C Face Serum - Dark Spot Remover Facial Serum, Vit C Serum with Hyaluronic Acid, Ferulic Acid, & Vit E - Anti Aging and Skin Brightening Serum, Pure Vitamin C Serum Skin Care</p><p>$9.98</p><a href="https://www.amazon.com/dp/B07P5TMHD9?tag=eloabder-20&linkCode=osi&th=1&psc=1">View Product</a></div><div class="product"><a href="https://www.amazon.com/dp/B014PGEEO2?tag=eloabder-20&linkCode=osi&th=1&psc=1"><img src="https://m.media-amazon.com/images/I/51v+djIfQGL._SL500_.jpg" alt="Product Image"></a><p>Tree of Life Facial Serum Set for Face, Brightening, Firming, Hydrating, Dry Skin, Dermatologist Tested - Trio Power Skin Care Set, Vitamin C, Retinol and Hyaluronic Acid, 3 count of 1 Fl Oz</p><p>$19.99 ($6.66 / Fl Oz)</p><a href="https://www.amazon.com/dp/B014PGEEO2?tag=eloabder-20&linkCode=osi&th=1&psc=1">View Product</a></div><div class="product"><a href="https://www.amazon.com/dp/B08R994Q1L?tag=eloabder-20&linkCode=osi&th=1&psc=1"><img src="https://m.media-amazon.com/images/I/418KUv8uVkL._SL500_.jpg" alt="Product Image"></a><p>Good Molecules Niacinamide Serum - 10% Niacinamide Balancing B3 Facial Serum for Acne, Tone, Texture - Brightening and Hydrating Skincare for Face</p><p>$6.00</p><a href="https://www.amazon.com/dp/B08R994Q1L?tag=eloabder-20&linkCode=osi&th=1&psc=1">View Product</a></div><div class="product"><a href="https://www.amazon.com/dp/B07VWSN95S?tag=eloabder-20&linkCode=osi&th=1&psc=1"><img src="https://m.media-amazon.com/images/I/411Y0nzh9zL._SL500_.jpg" alt="Product Image"></a><p>CeraVe Retinol Serum for Post-Acne Marks and Skin Texture | Pore Refining, Resurfacing, Brightening Facial Serum with Retinol and Niacinamide | Fragrance Free, Paraben Free & Non-Comedogenic| 1 Oz</p><p>$18.68</p><a href="https://www.amazon.com/dp/B07VWSN95S?tag=eloabder-20&linkCode=osi&th=1&psc=1">View Product</a></div><div class="product"><a href="https://www.amazon.com/dp/B08L8B5JR2?tag=eloabder-20&linkCode=osi&th=1&psc=1"><img src="https://m.media-amazon.com/images/I/51Ee0RzYONL._SL500_.jpg" alt="Product Image"></a><p>Vibriance Super C Serum for Mature Skin, Made in USA, All-In-One Formula Hydrates, Firms, Lifts, Smooths, Targets Age Spots, Wrinkles, Vitamin C Serum; 1 fl oz</p><p>$32.90</p><a href="https://www.amazon.com/dp/B08L8B5JR2?tag=eloabder-20&linkCode=osi&th=1&psc=1">View Product</a></div><div class="product"><a href="https://www.amazon.com/dp/B0CLLV2T1P?tag=eloabder-20&linkCode=osi&th=1&psc=1"><img src="https://m.media-amazon.com/images/I/31ZBa-zgbjL._SL500_.jpg" alt="Product Image"></a><p>Anua 10% Niacinamide+ 4% Tranexamic Acid Serum, Ceramide, Hyaluronic Acid, Vitamin B12 natural color, for Sensitive skin, Korean Glass Skin, Fragrance-Free (30ml /1.01 fl.oz.)</p><p>$19.00 ($18.81 / Fl Oz)</p><a href="https://www.amazon.com/dp/B0CLLV2T1P?tag=eloabder-20&linkCode=osi&th=1&psc=1">View Product</a></div><div class="product"><a href="https://www.amazon.com/dp/B08TM8DLFJ?tag=eloabder-20&linkCode=osi&th=1&psc=1"><img src="https://m.media-amazon.com/images/I/41g0Mg7pRIL._SL500_.jpg" alt="Product Image"></a><p>Good Molecules Hyaluronic Acid Serum - Hydrating, Non-greasy formula to Moisturize, Plump - 1% HA, Anti-aging, Water-Based Skincare for Face</p><p>$6.00 ($6.00 / Fl Oz)</p><a href="https://www.amazon.com/dp/B08TM8DLFJ?tag=eloabder-20&linkCode=osi&th=1&psc=1">View Product</a></div><div class="product"><a href="https://www.amazon.com/dp/B01B5G45R6?tag=eloabder-20&linkCode=osi&th=1&psc=1"><img src="https://m.media-amazon.com/images/I/51JgyVg967L._SL500_.jpg" alt="Product Image"></a><p>artnaturals Anti-Aging-Set with Vitamin-C Retinol and Hyaluronic-Acid - (3 x 1 Fl Oz / 30ml) Serum for Anti Wrinkle and Dark Circle Remover – All Natural and Moisturizing</p><p>$24.95 ($8.32 / Fl Oz)</p><a href="https://www.amazon.com/dp/B01B5G45R6?tag=eloabder-20&linkCode=osi&th=1&psc=1">View Product</a></div><div class="product"><a href="https://www.amazon.com/dp/B086VKZZZY?tag=eloabder-20&linkCode=osi&th=1&psc=1"><img src="https://m.media-amazon.com/images/I/31l7jUL7jOL._SL500_.jpg" alt="Product Image"></a><p>Beauty of Joseon Glow Serum Propolis and Niacinamide Hydrating Facial Soothing Moisturizer for Irritated Uneven Skin Tone, Korean Skin Care 30ml, 1 fl.oz</p><p>$13.60 ($13.47 / Fl Oz)</p><a href="https://www.amazon.com/dp/B086VKZZZY?tag=eloabder-20&linkCode=osi&th=1&psc=1">View Product</a></div>
<div class="product"><a href="https://www.amazon.com/dp/B0CYGT3CR4?tag=eloabder-20&linkCode=osi&th=1&psc=1"><img src="https://m.media-amazon.com/images/I/51LbfzrqiUL._SL500_.jpg" alt="Product Image"></a><p>KONEUK 14 Pack Sheet Face Masks Skincare for All Skin Types, Hydrating Face Masks Suitable for Sensitive Skin, Bulk Facial Mask Set for Women Skin Care, Face Mask Gifts Set for Face Spa</p><p>$8.99 ($0.64 / Count)</p><a href="https://www.amazon.com/dp/B0CYGT3CR4?tag=eloabder-20&linkCode=osi&th=1&psc=1">View Product</a></div><div class="product"><a href="https://www.amazon.com/dp/B01N37AK8V?tag=eloabder-20&linkCode=osi&th=1&psc=1"><img src="https://m.media-amazon.com/images/I/41zyExDkGCL._SL500_.jpg" alt="Product Image"></a><p>Ebanel 10 Pack Collagen Face Mask, Instant Brightening & Hydrating Face Sheet Mask with Aloe Vera, Hyaluronic Acid, Vitamin C and E, Chamomile, Anti Aging Face Mask with Hydrolyzed Collagen, Peptide</p><p>$13.99 ($1.40 / Count)</p><a href="https://www.amazon.com/dp/B01N37AK8V?tag=eloabder-20&linkCode=osi&th=1&psc=1">View Product</a></div><div class="product"><a href="https://www.amazon.com/dp/B07C3NBJ33?tag=eloabder-20&linkCode=osi&th=1&psc=1"><img src="https://m.media-amazon.com/images/I/51DMM9KU+AL._SL500_.jpg" alt="Product Image"></a><p>GLAM UP Premium Facial Sheet Mask 12 Combo (Pack of 12) | Clean Face Masks Skincare, Hydrating Face Masks, Moisturizing, Soothing, Beauty Mask For All Skin Type Variety Beauty Mask Set</p><p>$13.20 ($1.10 / Count)</p><a href="https://www.amazon.com/dp/B07C3NBJ33?tag=eloabder-20&linkCode=osi&th=1&psc=1">View Product</a></div><div class="product"><a href="https://www.amazon.com/dp/B0B5XTMJMJ?tag=eloabder-20&linkCode=osi&th=1&psc=1"><img src="https://m.media-amazon.com/images/I/61voysA0eEL._SL500_.jpg" alt="Product Image"></a><p>Meleell Collagen Sheet Face Masks Skincare Bulk Pack,Hydrating Spa Face Mask For Sensitive Skin,Anti Aging Facial Masks Sets For Women/Teen Girls(40 Combo Pack)</p><p>$25.99 ($0.65 / Count)</p><a href="https://www.amazon.com/dp/B0B5XTMJMJ?tag=eloabder-20&linkCode=osi&th=1&psc=1">View Product</a></div><div class="product"><a href="https://www.amazon.com/dp/B0CR6NHHVL?tag=eloabder-20&linkCode=osi&th=1&psc=1"><img src="https://m.media-amazon.com/images/I/514yWBJNkFL._SL500_.jpg" alt="Product Image"></a><p>Kaely 10 Pack Variety Sheet Masks,Spa Face Masks for Kids Skin Care,Facial Mask Skincare Set Korean,Moisturize,Brighten,Nourish for All Skin Types,Birthday Gifts for Women Men Boys Girls,Set01</p><p>$8.99 ($0.90 / Count)</p><a href="https://www.amazon.com/dp/B0CR6NHHVL?tag=eloabder-20&linkCode=osi&th=1&psc=1">View Product</a></div><div class="product"><a href="https://www.amazon.com/dp/B086V843R8?tag=eloabder-20&linkCode=osi&th=1&psc=1"><img src="https://m.media-amazon.com/images/I/410evC+SQHL._SL500_.jpg" alt="Product Image"></a><p>ANAI RUI Turmeric Clay Mask - Green Tea Clay Mask - Dead Sea Minerals Mud Mask, Spa Facial Mask Set, Face Mask Gift Set 2.5 oz each</p><p>$22.99</p><a href="https://www.amazon.com/dp/B086V843R8?tag=eloabder-20&linkCode=osi&th=1&psc=1">View Product</a></div><div class="product"><a href="https://www.amazon.com/dp/B07JMTMHGS?tag=eloabder-20&linkCode=osi&th=1&psc=1"><img src="https://m.media-amazon.com/images/I/41PeKCZ7NtL._SL500_.jpg" alt="Product Image"></a><p>LAPCOS Aloe Sheet Mask, Daily Face Mask with Cucumber and Aloe Gel to Calm and Moisturize Skin, Korean Beauty Favorite, 5-Pack</p><p>$20.00 ($4.00 / count)</p><a href="https://www.amazon.com/dp/B07JMTMHGS?tag=eloabder-20&linkCode=osi&th=1&psc=1">View Product</a></div><div class="product"><a href="https://www.amazon.com/dp/B0CMQKTJDQ?tag=eloabder-20&linkCode=osi&th=1&psc=1"><img src="https://m.media-amazon.com/images/I/51oosdS4y8L._SL500_.jpg" alt="Product Image"></a><p>VESPRO 100 Pack Collagen Essence Sheet Facial Masks, Bulk Face Masks Skincare, Hydrating Face Masks for All Skin Types, Moisturizing and Soothing, Natural Skin Care Spa Face Mask</p><p>$45.99 ($0.46 / Count)</p><a href="https://www.amazon.com/dp/B0CMQKTJDQ?tag=eloabder-20&linkCode=osi&th=1&psc=1">View Product</a></div><div class="product"><a href="https://www.amazon.com/dp/B0B41LVMJ3?tag=eloabder-20&linkCode=osi&th=1&psc=1"><img src="https://m.media-amazon.com/images/I/51xduFirI6L._SL500_.jpg" alt="Product Image"></a><p>#OOTD Collagen Hydrating Sheet Masks for Face Korean Anti Aging Mask Sheet for Dry Skin & Sensitive Skin, EVE Vegan, Not Tested on Animals, No Parabens, No Sulfates, Hyaluronic Acid, Witch Hazel 10EA</p><p>$18.00 ($1.80 / Count)</p><a href="https://www.amazon.com/dp/B0B41LVMJ3?tag=eloabder-20&linkCode=osi&th=1&psc=1">View Product</a></div>
<div class="product"><a href="https://www.amazon.com/dp/B01N34XW93?tag=eloabder-20&linkCode=osi&th=1&psc=1"><img src="https://m.media-amazon.com/images/I/31OMOTCxlmL._SL500_.jpg" alt="Product Image"></a><p>La Roche-Posay Toleriane Purifying Foaming Facial Cleanser, Oil Free Face Wash for Oily Skin and for Sensitive Skin with Niacinamide, Pore Cleanser Won’t Dry Out Skin, Unscented</p><p>$17.99 ($1.33 / Fl Oz)</p><a href="https://www.amazon.com/dp/B01N34XW93?tag=eloabder-20&linkCode=osi&th=1&psc=1">View Product</a></div><div class="product"><a href="https://www.amazon.com/dp/B01MSSDEPK?tag=eloabder-20&linkCode=osi&th=1&psc=1"><img src="https://m.media-amazon.com/images/I/41YuSwjJUIL._SL500_.jpg" alt="Product Image"></a><p>CeraVe Hydrating Facial Cleanser | Moisturizing Face Wash For Dry Skin | Hyaluronic Acid + Ceramides + Glycerin | Hydrating Cleanser For Normal To Dry Skin | National Eczema Assosiation Certified</p><p>$15.48 ($0.97 / Fl Oz)</p><a href="https://www.amazon.com/dp/B01MSSDEPK?tag=eloabder-20&linkCode=osi&th=1&psc=1">View Product</a></div><div class="product"><a href="https://www.amazon.com/dp/B01N7T7JKJ?tag=eloabder-20&linkCode=osi&th=1&psc=1"><img src="https://m.media-amazon.com/images/I/31VXK3y1KYL._SL500_.jpg" alt="Product Image"></a><p>La Roche-Posay Toleriane Hydrating Gentle Face Cleanser, Daily Facial Cleanser with Niacinamide and Ceramides for Sensitive Skin, Moisturizing Face Wash for Normal to Dry Skin, Fragrance Free</p><p>$17.99 ($1.33 / Fl Oz)</p><a href="https://www.amazon.com/dp/B01N7T7JKJ?tag=eloabder-20&linkCode=osi&th=1&psc=1">View Product</a></div><div class="product"><a href="https://www.amazon.com/dp/B01N1LL62W?tag=eloabder-20&linkCode=osi&th=1&psc=1"><img src="https://m.media-amazon.com/images/I/41kwN8dWWzL._SL500_.jpg" alt="Product Image"></a><p>CeraVe Foaming Facial Cleanser | Daily Face Wash for Oily Skin with Hyaluronic Acid, Ceramides, and Niacinamide| Fragrance Free | 16 Fluid Ounce</p><p>$15.19 ($0.95 / Fl Oz)</p><a href="https://www.amazon.com/dp/B01N1LL62W?tag=eloabder-20&linkCode=osi&th=1&psc=1">View Product</a></div><div class="product"><a href="https://www.amazon.com/dp/B00U1YCRD8?tag=eloabder-20&linkCode=osi&th=1&psc=1"><img src="https://m.media-amazon.com/images/I/31LVb8KvKwL._SL500_.jpg" alt="Product Image"></a><p>CeraVe SA Cleanser | Salicylic Acid Cleanser with Hyaluronic Acid, Niacinamide & Ceramides| BHA Exfoliant for Face | Fragrance Free Non-Comedogenic | 8 Ounce</p><p>$12.37 ($1.55 / Ounce)</p><a href="https://www.amazon.com/dp/B00U1YCRD8?tag=eloabder-20&linkCode=osi&th=1&psc=1">View Product</a></div><div class="product"><a href="https://www.amazon.com/dp/B0BVV8BNYJ?tag=eloabder-20&linkCode=osi&th=1&psc=1"><img src="https://m.media-amazon.com/images/I/31tSZvBReoL._SL500_.jpg" alt="Product Image"></a><p>ANUA Heartleaf Quercetinol Pore Deep Cleansing Foam, Facial Cleanser, for Double Cleansing, BHA, Hyaluronic Acid, Glycerin, Face Wash, Blackhead Remover, Korean Skincare (150ml/5.07 fl.oz.)</p><p>$13.00 ($2.56 / Fl Oz)</p><a href="https://www.amazon.com/dp/B0BVV8BNYJ?tag=eloabder-20&linkCode=osi&th=1&psc=1">View Product</a></div><div class="product"><a href="https://www.amazon.com/dp/B00QY1XZ4W?tag=eloabder-20&linkCode=osi&th=1&psc=1"><img src="https://m.media-amazon.com/images/I/319pG+OQZxL._SL500_.jpg" alt="Product Image"></a><p>Vanicream Gentle Facial Cleanser with Pump Dispenser - 8 fl oz - Formulated Without Common Irritants for Those with Sensitive Skin</p><p>$8.86 ($1.11 / Fl Oz)</p><a href="https://www.amazon.com/dp/B00QY1XZ4W?tag=eloabder-20&linkCode=osi&th=1&psc=1">View Product</a></div><div class="product"><a href="https://www.amazon.com/dp/B016NRXO06?tag=eloabder-20&linkCode=osi&th=1&psc=1"><img src="https://m.media-amazon.com/images/I/31jSFIvh2TS._SL500_.jpg" alt="Product Image"></a><p>COSRX Low pH Good Morning Gel Cleanser, Daily Mild Face Cleanser for Sensitive Skin with BHA & Tea-Tree Oil, PH Balancing, Korean Skincare (5.07fl.oz/150ml)</p><p>$11.49 ($2.27 / Fl Oz)</p><a href="https://www.amazon.com/dp/B016NRXO06?tag=eloabder-20&linkCode=osi&th=1&psc=1">View Product</a></div><div class="product"><a href="https://www.amazon.com/dp/B09Y4HHY1P?tag=eloabder-20&linkCode=osi&th=1&psc=1"><img src="https://m.media-amazon.com/images/I/41Crw80Q3yL._SL500_.jpg" alt="Product Image"></a><p>Cetaphil Face Wash, Daily Facial Cleanser for Sensitive, Combination to Oily Skin, NEW 16 oz, Fragrance Free, Gentle Foaming, Soap Free, Hypoallergenic (Packaging May Vary)</p><p>$11.97 ($0.75 / Fl Oz)</p><a href="https://www.amazon.com/dp/B09Y4HHY1P?tag=eloabder-20&linkCode=osi&th=1&psc=1">View Product</a></div><div class="product"><a href="https://www.amazon.com/dp/B0BN2PX8V3?tag=eloabder-20&linkCode=osi&th=1&psc=1"><img src="https://m.media-amazon.com/images/I/31n4TECLwuL._SL500_.jpg" alt="Product Image"></a><p>ANUA Heartleaf Pore Control Cleansing Oil, Oil Cleanser for Face, Makeup Blackhead Remover, Korean Skin Care 6.76 fl oz(200ml) (original)</p><p>$17.69 ($2.64 / Fl Oz)</p><a href="https://www.amazon.com/dp/B0BN2PX8V3?tag=eloabder-20&linkCode=osi&th=1&psc=1">View Product</a></div>
<div class="product"><a href="https://www.amazon.com/dp/B08CMS8P67?tag=eloabder-20&linkCode=osi&th=1&psc=1"><img src="https://m.media-amazon.com/images/I/31LVyuSsJEL._SL500_.jpg" alt="Product Image"></a><p>Anua Heartleaf 77 Soothing Toner I pH 5.5 Trouble Care, Calming Skin, Refreshing, Hydrating, Purifying, Cruelty Free, Vegan,(250ml / 8.45 fl.oz.)</p><p>$19.69 ($2.33 / Fl Oz)</p><a href="https://www.amazon.com/dp/B08CMS8P67?tag=eloabder-20&linkCode=osi&th=1&psc=1">View Product</a></div><div class="product"><a href="https://www.amazon.com/dp/B09LKXR62L?tag=eloabder-20&linkCode=osi&th=1&psc=1"><img src="https://m.media-amazon.com/images/I/31D6ydy59dL._SL500_.jpg" alt="Product Image"></a><p>CeraVe Hydrating Toner for Face Non-Alcoholic with Hyaluronic Acid, Niacinamide, and Ceramides for Sensitive Dry Skin, Fragrance-Free Non Comedogenic, Full Size, 6.8 Fl Oz</p><p>$9.86 ($1.45 / Ounce)</p><a href="https://www.amazon.com/dp/B09LKXR62L?tag=eloabder-20&linkCode=osi&th=1&psc=1">View Product</a></div><div class="product"><a href="https://www.amazon.com/dp/B0CG1H8YRS?tag=eloabder-20&linkCode=osi&th=1&psc=1"><img src="https://m.media-amazon.com/images/I/31OZES5j9LL._SL500_.jpg" alt="Product Image"></a><p>TIRTIR Milk Skin Rice Toner | Deep Moisturizing, Instant Glow, 2% Niacinamide, Rice Bran Extract, Ceramide, Panthenol, Cruelty-Free, Fungal Acne Friendly, Vegan, 5.07 fl.oz.</p><p>$24.99 ($4.93 / Fl Oz)</p><a href="https://www.amazon.com/dp/B0CG1H8YRS?tag=eloabder-20&linkCode=osi&th=1&psc=1">View Product</a></div><div class="product"><a href="https://www.amazon.com/dp/B007HD570Q?tag=eloabder-20&linkCode=osi&th=1&psc=1"><img src="https://m.media-amazon.com/images/I/31uC8ENEVqL._SL500_.jpg" alt="Product Image"></a><p>Thayers Alcohol-Free, Hydrating Rose Petal Witch Hazel Facial Toner with Aloe Vera Formula, Vegan, Dermatologist Tested and Recommended, 12 Oz</p><p>$10.53 ($0.88 / Fl Oz)</p><a href="https://www.amazon.com/dp/B007HD570Q?tag=eloabder-20&linkCode=osi&th=1&psc=1">View Product</a></div><div class="product"><a href="https://www.amazon.com/dp/B01LZK411L?tag=eloabder-20&linkCode=osi&th=1&psc=1"><img src="https://m.media-amazon.com/images/I/31la+He5vRL._SL500_.jpg" alt="Product Image"></a><p>ACWELL Licorice pH Balancing Korean Toner for Cleansing 5.07 fl.oz. - Alcohol-Free PH5.5 Hydrating Facial Astringent - Skin Clarifying & Hydration Boosting Toner</p><p>$16.00 ($3.14 / Fl Oz)</p><a href="https://www.amazon.com/dp/B01LZK411L?tag=eloabder-20&linkCode=osi&th=1&psc=1">View Product</a></div><div class="product"><a href="https://www.amazon.com/dp/B07BYJF7L7?tag=eloabder-20&linkCode=osi&th=1&psc=1"><img src="https://m.media-amazon.com/images/I/31+G3Xc+J7L._SL500_.jpg" alt="Product Image"></a><p>SOME BY MI AHA BHA PHA 30 Days Miracle Toner - 5.07Oz, 150ml - Made from Tea Tree Water for Sensitive Skin - Mild Exfoliating Daily Face Toner - Skin Wastes, Sebum and Oiliness Care - Korean Skin Care</p><p>$12.00 ($2.37 / Fl Oz)</p><a href="https://www.amazon.com/dp/B07BYJF7L7?tag=eloabder-20&linkCode=osi&th=1&psc=1">View Product</a></div><div class="product"><a href="https://www.amazon.com/dp/B00LO2RO7K?tag=eloabder-20&linkCode=osi&th=1&psc=1"><img src="https://m.media-amazon.com/images/I/31Wb52+KYzL._SL500_.jpg" alt="Product Image"></a><p>La Roche-Posay Effaclar Clarifying Solution Acne Toner with Salicylic Acid and Glycolic Acid, Pore Refining Oily Skin Toner, Gentle Exfoliant to Unclog Pores and Remove Dead Skin Cells</p><p>$16.99 ($2.51 / Fl Oz)</p><a href="https://www.amazon.com/dp/B00LO2RO7K?tag=eloabder-20&linkCode=osi&th=1&psc=1">View Product</a></div><div class="product"><a href="https://www.amazon.com/dp/B008EPPIQ4?tag=eloabder-20&linkCode=osi&th=1&psc=1"><img src="https://m.media-amazon.com/images/I/31-lQL0AkZL._SL500_.jpg" alt="Product Image"></a><p>Paula's Choice Skin Balancing Pore-Reducing Toner for Combination and Oily Skin, Minimizes Large Pores, 6.4 Fluid Ounce Bottle</p><p>$26.00 ($4.06 / Fl Oz)</p><a href="https://www.amazon.com/dp/B008EPPIQ4?tag=eloabder-20&linkCode=osi&th=1&psc=1">View Product</a></div><div class="product"><a href="https://www.amazon.com/dp/B073P6BPF5?tag=eloabder-20&linkCode=osi&th=1&psc=1"><img src="https://m.media-amazon.com/images/I/31hqlVDLizL._SL500_.jpg" alt="Product Image"></a><p>COSRX AHA/BHA Clarifying Treatment Toner, 5.07 fl.oz / 150ml | Exfoliating Facial Spray | Korean Skin Care, Hydrating, Mild Exfoliation, Vegan, Animal Testing Free, Paraben Free</p><p>$10.75 ($2.11 / Fl Oz)</p><a href="https://www.amazon.com/dp/B073P6BPF5?tag=eloabder-20&linkCode=osi&th=1&psc=1">View Product</a></div>
<div class="product"><a href="https://www.amazon.com/dp/B07C5SS6YD?tag=eloabder-20&linkCode=osi&th=1&psc=1"><img src="https://m.media-amazon.com/images/I/31tzIszvgAL._SL500_.jpg" alt="Product Image"></a><p>Paula's Choice Skin Perfecting 2% BHA Liquid Salicylic Acid Exfoliant, Gentle Facial Exfoliator for Blackheads, Large Pores, Wrinkles & Fine Lines, Travel Size, 1 Fluid Ounce</p><p>$14.00</p><a href="https://www.amazon.com/dp/B07C5SS6YD?tag=eloabder-20&linkCode=osi&th=1&psc=1">View Product</a></div><div class="product"><a href="https://www.amazon.com/dp/B07VW3YSWH?tag=eloabder-20&linkCode=osi&th=1&psc=1"><img src="https://m.media-amazon.com/images/I/410j9ZFktHL._SL500_.jpg" alt="Product Image"></a><p>Tree Hut Vitamin C Shea Sugar Scrub, 18 oz, Ultra Hydrating and Exfoliating Scrub for Nourishing Essential Body Care</p><p>$8.94 ($0.50 / Ounce)</p><a href="https://www.amazon.com/dp/B07VW3YSWH?tag=eloabder-20&linkCode=osi&th=1&psc=1">View Product</a></div><div class="product"><a href="https://www.amazon.com/dp/B07NHZP4FW?tag=eloabder-20&linkCode=osi&th=1&psc=1"><img src="https://m.media-amazon.com/images/I/41znKaYV17L._SL500_.jpg" alt="Product Image"></a><p>Seraphic Skincare (Original) Premium Exfoliating Mitt for Body (2pc) – 100% Vegan Viscose Traditional Body Scrub Glove Kessa Korean Washcloth – Body Exfoliator for Self-Tan Removal & Keratosis Pilaris</p><p>$12.99 ($6.50 / Count)</p><a href="https://www.amazon.com/dp/B07NHZP4FW?tag=eloabder-20&linkCode=osi&th=1&psc=1">View Product</a></div><div class="product"><a href="https://www.amazon.com/dp/B001VMJSCW?tag=eloabder-20&linkCode=osi&th=1&psc=1"><img src="https://m.media-amazon.com/images/I/31N7x4-aJAL._SL500_.jpg" alt="Product Image"></a><p>Dermalogica Daily Microfoliant, Face Exfoliator Scrub Powder with Salicylic Acid and Papaya Enzyme, Achieve Brighter, Smoother Skin Daily, 0.45 Oz</p><p>$19.00 ($42.22 / Ounce)</p><a href="https://www.amazon.com/dp/B001VMJSCW?tag=eloabder-20&linkCode=osi&th=1&psc=1">View Product</a></div><div class="product"><a href="https://www.amazon.com/dp/B09Q88TVGJ?tag=eloabder-20&linkCode=osi&th=1&psc=1"><img src="https://m.media-amazon.com/images/I/31jQFJt0t7L._SL500_.jpg" alt="Product Image"></a><p>tingl Face and Body Exfoliator Pads - Anti Aging Acne Treatment with Glycolic Acid, Lactic Acid, and Salicylic Acid - Pore Minimizer, Oil Cleanser, Blackhead Remover and Skin Exfoliator in One</p><p>$38.00 ($38.00 / Count)</p><a href="https://www.amazon.com/dp/B09Q88TVGJ?tag=eloabder-20&linkCode=osi&th=1&psc=1">View Product</a></div><div class="product"><a href="https://www.amazon.com/dp/B0BNWXFH3P?tag=eloabder-20&linkCode=osi&th=1&psc=1"><img src="https://m.media-amazon.com/images/I/51HkdST1FCL._SL500_.jpg" alt="Product Image"></a><p>Dermasuri Deep Exfoliating Glove for Shower - Exfoliating Mitt Body Scrubber - Skin Exfoliator & Dead Skin Remover - Keratosis Pilaris Scrub - Spray Tan Remover - Korean Skincare for Body (2 Pack)</p><p>$19.99 ($10.00 / Count)</p><a href="https://www.amazon.com/dp/B0BNWXFH3P?tag=eloabder-20&linkCode=osi&th=1&psc=1">View Product</a></div><div class="product"><a href="https://www.amazon.com/dp/B076DSRB6B?tag=eloabder-20&linkCode=osi&th=1&psc=1"><img src="https://m.media-amazon.com/images/I/51lTK55c5UL._SL500_.jpg" alt="Product Image"></a><p>Himalayan Salt Scrub Face Foot & Body Exfoliator Infused with Collagen and Stem Cell Natural Exfoliating Salt Body Scrub for Toning Cellulite Skin Care by M3 Naturals</p><p>$25.81 ($2.15 / Ounce)</p><a href="https://www.amazon.com/dp/B076DSRB6B?tag=eloabder-20&linkCode=osi&th=1&psc=1">View Product</a></div><div class="product"><a href="https://www.amazon.com/dp/B004GEV9JW?tag=eloabder-20&linkCode=osi&th=1&psc=1"><img src="https://m.media-amazon.com/images/I/41MgyDfHXfL._SL500_.jpg" alt="Product Image"></a><p>Buf-Puf Gentle Facial Sponge, Dermatologist Developed, Removes Deep Down Dirt & Makeup That Causes Breakouts and Blackheads, Reusable, Exfoliating, 1 Count</p><p>$8.71</p><a href="https://www.amazon.com/dp/B004GEV9JW?tag=eloabder-20&linkCode=osi&th=1&psc=1">View Product</a></div><div class="product"><a href="https://www.amazon.com/dp/B0000632EN?tag=eloabder-20&linkCode=osi&th=1&psc=1"><img src="https://m.media-amazon.com/images/I/314AH1Zo0lL._SL500_.jpg" alt="Product Image"></a><p>Aveeno Positively Radiant Exfoliating Facial Scrub, Brightening Face Scrub with Soy Extract to Visibly Improve Skin Tone and Texture, Oil-Free, Soap-Free, Hypoallergenic Formula, 5 FL OZ</p><p>$7.97 ($1.59 / Ounce)</p><a href="https://www.amazon.com/dp/B0000632EN?tag=eloabder-20&linkCode=osi&th=1&psc=1">View Product</a></div>
<div class="product"><a href="https://www.amazon.com/dp/B005IHT94S?tag=eloabder-20&linkCode=osi&th=1&psc=1"><img src="https://m.media-amazon.com/images/I/31YAXVCRMAL._SL500_.jpg" alt="Product Image"></a><p>Neutrogena Ultra Sheer Dry-Touch Water Resistant and Non-Greasy Sunscreen Lotion with Broad Spectrum SPF 70, 3 Fl Oz (Pack of 1)</p><p>$9.88 ($3.29 / Fl Oz)</p><a href="https://www.amazon.com/dp/B005IHT94S?tag=eloabder-20&linkCode=osi&th=1&psc=1">View Product</a></div><div class="product"><a href="https://www.amazon.com/dp/B078BC1NJ6?tag=eloabder-20&linkCode=osi&th=1&psc=1"><img src="https://m.media-amazon.com/images/I/51V4LMN2zEL._SL500_.jpg" alt="Product Image"></a><p>Coppertone Sport Sunscreen Spray SPF 50, Water Resistant Spray Sunscreen, Broad Spectrum SPF 50 Sunscreen, Bulk Sunscreen Pack, 5.5 Oz Bottle, Pack of 3</p><p>$20.63 ($1.25 / Ounce)</p><a href="https://www.amazon.com/dp/B078BC1NJ6?tag=eloabder-20&linkCode=osi&th=1&psc=1">View Product</a></div><div class="product"><a href="https://www.amazon.com/dp/B01MQXX9US?tag=eloabder-20&linkCode=osi&th=1&psc=1"><img src="https://m.media-amazon.com/images/I/41Zi7BP15NL._SL500_.jpg" alt="Product Image"></a><p>Banana Boat Sport Ultra SPF 50 Sunscreen Spray Twin Pack | Banana Boat Sunscreen Spray SPF 50, Spray On Sunscreen, Water Resistant Sunscreen, Oxybenzone Free Sunscreen Pack, 6oz each</p><p>$13.97 ($1.16 / Ounce)</p><a href="https://www.amazon.com/dp/B01MQXX9US?tag=eloabder-20&linkCode=osi&th=1&psc=1">View Product</a></div><div class="product"><a href="https://www.amazon.com/dp/B00AEN4QZ8?tag=eloabder-20&linkCode=osi&th=1&psc=1"><img src="https://m.media-amazon.com/images/I/31QMrCJPoeL._SL500_.jpg" alt="Product Image"></a><p>Neutrogena Beach Defense Water-Resistant Face & Body SPF 70 Sunscreen Lotion with Broad Spectrum UVA/UVB Protection, Oil-Free Fast-Absorbing Sunscreen Lotion, Oxybenzone-Free, 6.7 oz</p><p>$9.60 ($1.43 / Fl Oz)</p><a href="https://www.amazon.com/dp/B00AEN4QZ8?tag=eloabder-20&linkCode=osi&th=1&psc=1">View Product</a></div><div class="product"><a href="https://www.amazon.com/dp/B076GZX3KL?tag=eloabder-20&linkCode=osi&th=1&psc=1"><img src="https://m.media-amazon.com/images/I/41BQoEZMuTL._SL500_.jpg" alt="Product Image"></a><p>Neutrogena Sunscreen Spray, Ultra Sheer ® Body Mist, Broad Spectrum SPF 70, Non-Greasy Water Resistant Body Sunscreen Mist, Non-Comedogenic, 5 oz (Pack of 3)</p><p>$22.60 ($1.51 / Ounce)</p><a href="https://www.amazon.com/dp/B076GZX3KL?tag=eloabder-20&linkCode=osi&th=1&psc=1">View Product</a></div><div class="product"><a href="https://www.amazon.com/dp/B004D2DR0Q?tag=eloabder-20&linkCode=osi&th=1&psc=1"><img src="https://m.media-amazon.com/images/I/41QwzCWNnFL._SL500_.jpg" alt="Product Image"></a><p>Neutrogena Ultra Sheer Dry-Touch Water Resistant and Non-Greasy Sunscreen Lotion with Broad Spectrum SPF 45, TSA-Compliant travel Size, 3 Fl Oz, Pack of 2, 6 Fl Oz</p><p>$13.99 ($2.33 / Fl Oz)</p><a href="https://www.amazon.com/dp/B004D2DR0Q?tag=eloabder-20&linkCode=osi&th=1&psc=1">View Product</a></div><div class="product"><a href="https://www.amazon.com/dp/B002CML1VG?tag=eloabder-20&linkCode=osi&th=1&psc=1"><img src="https://m.media-amazon.com/images/I/41ufC4L5QQL._SL500_.jpg" alt="Product Image"></a><p>La Roche-Posay Anthelios Melt-In Milk Sunscreen SPF 60 | Sunscreen For Body & Face | Broad Spectrum SPF + Antioxidants | Oil Free Sunscreen Lotion | Lightweight & Fast Absorbing | Oxybenzone Free</p><p>$37.99 ($7.60 / Fl Oz)</p><a href="https://www.amazon.com/dp/B002CML1VG?tag=eloabder-20&linkCode=osi&th=1&psc=1">View Product</a></div><div class="product"><a href="https://www.amazon.com/dp/B00B81XR1Y?tag=eloabder-20&linkCode=osi&th=1&psc=1"><img src="https://m.media-amazon.com/images/I/41NtDXr-dML._SL500_.jpg" alt="Product Image"></a><p>Banana Boat Sport Ultra SPF 30 Sunscreen Spray Twin Pack | Banana Boat Sunscreen Spray SPF 30, Spray On Sunscreen, Water Resistant Sunscreen, Oxybenzone Free Sunscreen Pack, 6oz each</p><p>$13.47 ($1.12 / Ounce)</p><a href="https://www.amazon.com/dp/B00B81XR1Y?tag=eloabder-20&linkCode=osi&th=1&psc=1">View Product</a></div><div class="product"><a href="https://www.amazon.com/dp/B07X1YDGSF?tag=eloabder-20&linkCode=osi&th=1&psc=1"><img src="https://m.media-amazon.com/images/I/31PSmI7nKIL._SL500_.jpg" alt="Product Image"></a><p>Neutrogena Beach Defense Sunscreen Spray SPF 50 Water-Resistant Body Spray with Broad Spectrum , PABA-Free, Oxybenzone-Free & Fast-Drying, Superior Sun Protection, 6.5 oz, Transparent</p><p>$9.88 ($1.52 / Ounce)</p><a href="https://www.amazon.com/dp/B07X1YDGSF?tag=eloabder-20&linkCode=osi&th=1&psc=1">View Product</a></div>
<div class="product"><a href="https://www.amazon.com/dp/B00JJPMXDO?tag=eloabder-20&linkCode=osi&th=1&psc=1"><img src="https://m.media-amazon.com/images/I/41xUbY21ojL._SL500_.jpg" alt="Product Image"></a><p>CeraVe Eye Repair Cream | Under Eye Cream For Puffiness And Bags Under Eyes | Hyaluronic Acid + Niacinamide + Marine Botanical Complex | Hydrating Eye Cream | Oil Free & Opthalmologist Tested</p><p>$13.43 ($26.86 / Ounce)</p><a href="https://www.amazon.com/dp/B00JJPMXDO?tag=eloabder-20&linkCode=osi&th=1&psc=1">View Product</a></div><div class="product"><a href="https://www.amazon.com/dp/B0B3GCCRVH?tag=eloabder-20&linkCode=osi&th=1&psc=1"><img src="https://m.media-amazon.com/images/I/41EdCdrw-AL._SL500_.jpg" alt="Product Image"></a><p>CeraVe Skin Renewing Eye Cream For Wrinkles | Under Eye Cream With Peptides + Caffeine + Niacinamide | Anti Aging Eye Cream For Wrinkles & Crows Feet | Paraben Free & Opthalmologist Tested</p><p>$18.49 ($36.98 / Ounce)</p><a href="https://www.amazon.com/dp/B0B3GCCRVH?tag=eloabder-20&linkCode=osi&th=1&psc=1">View Product</a></div><div class="product"><a href="https://www.amazon.com/dp/B00005333I?tag=eloabder-20&linkCode=osi&th=1&psc=1"><img src="https://m.media-amazon.com/images/I/31webfO63dL._SL500_.jpg" alt="Product Image"></a><p>L'Oreal Paris Dermo-Expertise Eye Defense Eye Cream with Caffeine and Hyaluronic Acid 0.5 oz</p><p>$12.27 ($24.54 / Ounce)</p><a href="https://www.amazon.com/dp/B00005333I?tag=eloabder-20&linkCode=osi&th=1&psc=1">View Product</a></div><div class="product"><a href="https://www.amazon.com/dp/B0CZJ8N83D?tag=eloabder-20&linkCode=osi&th=1&psc=1"><img src="https://m.media-amazon.com/images/I/31fQO3OHiML._SL500_.jpg" alt="Product Image"></a><p>PRIME PROMETICS PrimeEyes Hydrate Under Eye Cream for Mature Women – Hydrating Eye Cream for Dark Circles and Wrinkle Repair – Soft, Glowing & Healthy Under Eyes</p><p>$62.00</p><a href="https://www.amazon.com/dp/B0CZJ8N83D?tag=eloabder-20&linkCode=osi&th=1&psc=1">View Product</a></div><div class="product"><a href="https://www.amazon.com/dp/B0009RFB76?tag=eloabder-20&linkCode=osi&th=1&psc=1"><img src="https://m.media-amazon.com/images/I/31M2iQDNDOL._SL500_.jpg" alt="Product Image"></a><p>RoC Retinol Correxion Under Eye Cream for Dark Circles & Puffiness, Daily Wrinkle Cream, Anti Aging Line Smoothing Skin Care Treatment for Women and Men, 0.5 oz (Packaging May Vary)</p><p>$19.77 ($39.54 / Fl Oz)</p><a href="https://www.amazon.com/dp/B0009RFB76?tag=eloabder-20&linkCode=osi&th=1&psc=1">View Product</a></div><div class="product"><a href="https://www.amazon.com/dp/B0D3TG6MN3?tag=eloabder-20&linkCode=osi&th=1&psc=1"><img src="https://m.media-amazon.com/images/I/21-DQIJf5xL._SL500_.jpg" alt="Product Image"></a><p>Dr.Melaxin Eyephalt Eyebag Cream for Puffiness, Dark Circles&Fine Lines | EGF Anti-Aging Under Eye Moisturizer with Niacinamide&Ceramide 0.33 fl.oz.</p><p>$59.00 ($178.79 / Fl Oz)</p><a href="https://www.amazon.com/dp/B0D3TG6MN3?tag=eloabder-20&linkCode=osi&th=1&psc=1">View Product</a></div><div class="product"><a href="https://www.amazon.com/dp/B07CKJRJXB?tag=eloabder-20&linkCode=osi&th=1&psc=1"><img src="https://m.media-amazon.com/images/I/31pJCzbhXrL._SL500_.jpg" alt="Product Image"></a><p>No7 Lift & Luminate Triple Action Eye Cream - Anti-Aging Under Eye Cream for Dark Circles, Puffiness & Wrinkles - Formulated with Vitamin C to Brighten and Refresh Tired Eyes (0.5 Fl Oz)</p><p>$15.99</p><a href="https://www.amazon.com/dp/B07CKJRJXB?tag=eloabder-20&linkCode=osi&th=1&psc=1">View Product</a></div>
<div class="product"><a href="https://www.amazon.com/dp/B0BBSP2JNQ?tag=eloabder-20&linkCode=osi&th=1&psc=1"><img src="https://m.media-amazon.com/images/I/51qb7tiAJgL._SL500_.jpg" alt="Product Image"></a><p>SimplyVital Face Moisturizer Collagen Cream - Anti Aging Neck and Décolleté - Made in USA Day & Night Face Cream - Moisturizing, Lifting & Recovery – 1.7oz</p><p>$22.89 ($13.46 / Fl Oz)</p><a href="https://www.amazon.com/dp/B0BBSP2JNQ?tag=eloabder-20&linkCode=osi&th=1&psc=1">View Product</a></div><div class="product"><a href="https://www.amazon.com/dp/B008EKY8VK?tag=eloabder-20&linkCode=osi&th=1&psc=1"><img src="https://m.media-amazon.com/images/I/419EZkaOOIL._SL500_.jpg" alt="Product Image"></a><p>L'Oreal Paris Revitalift Triple Power Anti-Aging Face Moisturizer, Pro Retinol, Hyaluronic Acid & Vitamin C to Reduce Wrinkles, Firm & Brighten Skin, 1.7 Oz</p><p>$17.86 ($10.51 / Ounce)</p><a href="https://www.amazon.com/dp/B008EKY8VK?tag=eloabder-20&linkCode=osi&th=1&psc=1">View Product</a></div><div class="product"><a href="https://www.amazon.com/dp/B00HNSSPDG?tag=eloabder-20&linkCode=osi&th=1&psc=1"><img src="https://m.media-amazon.com/images/I/41zARcUorbL._SL500_.jpg" alt="Product Image"></a><p>Neutrogena Triple Age Repair Anti-Aging Night Cream with Vitamin C; Fights Wrinkles & Evens Tone, Firming Anti-Wrinkle Face & Neck Cream; Glycerin & Shea Butter, 1.7 oz</p><p>$19.19 ($11.29 / Ounce)</p><a href="https://www.amazon.com/dp/B00HNSSPDG?tag=eloabder-20&linkCode=osi&th=1&psc=1">View Product</a></div><div class="product"><a href="https://www.amazon.com/dp/B0C9H6PD9B?tag=eloabder-20&linkCode=osi&th=1&psc=1"><img src="https://m.media-amazon.com/images/I/51MQp9qtYZL._SL500_.jpg" alt="Product Image"></a><p>Collagen Face Moisturizer with Airless Pump - Collagen Botanical Stem Cells Cream for Skin with Retinol, Niacinamide, Hyaluronic Acid - Anti-Aging Day & Night Cream - Made in USA (1.7 Oz)</p><p>$14.99 ($8.82 / Ounce)</p><a href="https://www.amazon.com/dp/B0C9H6PD9B?tag=eloabder-20&linkCode=osi&th=1&psc=1">View Product</a></div><div class="product"><a href="https://www.amazon.com/dp/B01ES349CY?tag=eloabder-20&linkCode=osi&th=1&psc=1"><img src="https://m.media-amazon.com/images/I/51C9olHbYgL._SL500_.jpg" alt="Product Image"></a><p>LilyAna Naturals Retinol Cream - Made in USA, Anti Aging Moisturizer for Face and Neck,Wrinkle, Retinol Complex - 1.7oz</p><p>$18.16 ($10.68 / Ounce)</p><a href="https://www.amazon.com/dp/B01ES349CY?tag=eloabder-20&linkCode=osi&th=1&psc=1">View Product</a></div><div class="product"><a href="https://www.amazon.com/dp/B00QSHEN0M?tag=eloabder-20&linkCode=osi&th=1&psc=1"><img src="https://m.media-amazon.com/images/I/41XiN2SLyrL._SL500_.jpg" alt="Product Image"></a><p>Burt's Bees Renewal Firming Face Cream, Anti-Aging Retinol Alternative, Moisturizing Natural Origin Skin Care, 1.8 Ounce (Packaging May Vary)</p><p>$9.75 ($5.42 / Ounce)</p><a href="https://www.amazon.com/dp/B00QSHEN0M?tag=eloabder-20&linkCode=osi&th=1&psc=1">View Product</a></div><div class="product"><a href="https://www.amazon.com/dp/B0744JV661?tag=eloabder-20&linkCode=osi&th=1&psc=1"><img src="https://m.media-amazon.com/images/I/41uJ0OhvRuL._SL500_.jpg" alt="Product Image"></a><p>RoC Retinol Correxion Max Daily Hydration Anti-Aging Face Moisturizer with Hyaluronic Acid, Oil Free Skin Care Cream for Fine Lines, Dark Spots, Post-Acne Scars, 1.7 Ounces (Packaging May Vary)</p><p>$21.53 ($12.66 / Ounce)</p><a href="https://www.amazon.com/dp/B0744JV661?tag=eloabder-20&linkCode=osi&th=1&psc=1">View Product</a></div><div class="product"><a href="https://www.amazon.com/dp/B004D2C57M?tag=eloabder-20&linkCode=osi&th=1&psc=1"><img src="https://m.media-amazon.com/images/I/4106jzuxtsL._SL500_.jpg" alt="Product Image"></a><p>Neutrogena Retinol Face Moisturizer, Rapid Wrinkle Repair with SPF 30 Sunscreen, Daily Anti-Aging Face Cream with Retinol & Hyaluronic Acid to Fight Fine Lines, Wrinkles, & Dark Spots, 1 fl. oz</p><p>$17.14</p><a href="https://www.amazon.com/dp/B004D2C57M?tag=eloabder-20&linkCode=osi&th=1&psc=1">View Product</a></div><div class="product"><a href="https://www.amazon.com/dp/B0B5TBVX6C?tag=eloabder-20&linkCode=osi&th=1&psc=1"><img src="https://m.media-amazon.com/images/I/51nRJsctWHL._SL500_.jpg" alt="Product Image"></a><p>Retinol Cream for Face - Facial Moisturizer with Collagen and Hyaluronic Acid, Anti-Wrinkle Reduce Fine Lines Vitamin C+E Natural-Ingredient Day Night Anti-Aging For Women Men</p><p>$14.99 ($8.82 / Fl Oz)</p><a href="https://www.amazon.com/dp/B0B5TBVX6C?tag=eloabder-20&linkCode=osi&th=1&psc=1">View Product</a></div>
<div class="product"><a href="https://www.amazon.com/dp/B00DG8F02Q?tag=eloabder-20&linkCode=osi&th=1&psc=1"><img src="https://m.media-amazon.com/images/I/31+WLRw2Y6L._SL500_.jpg" alt="Product Image"></a><p>NIVEA Shea Nourish Body Lotion, 48-Hour Moisturizing Shea Butter Lotion for Dry Skin with Deep Nourishing Serum, 16.9 Fl Oz Pump Bottle</p><p>$6.29 ($0.37 / Fl Oz)</p><a href="https://www.amazon.com/dp/B00DG8F02Q?tag=eloabder-20&linkCode=osi&th=1&psc=1">View Product</a></div><div class="product"><a href="https://www.amazon.com/dp/B076G2XGY3?tag=eloabder-20&linkCode=osi&th=1&psc=1"><img src="https://m.media-amazon.com/images/I/41jIXvha20L._SL500_.jpg" alt="Product Image"></a><p>NIVEA Essentially Enriched Body Lotion for Dry Skin, Pack of 2, 16.9 Fl Oz Pump Bottles</p><p>$10.98 ($0.32 / Fl Oz)</p><a href="https://www.amazon.com/dp/B076G2XGY3?tag=eloabder-20&linkCode=osi&th=1&psc=1">View Product</a></div><div class="product"><a href="https://www.amazon.com/dp/B00DG8EZKO?tag=eloabder-20&linkCode=osi&th=1&psc=1"><img src="https://m.media-amazon.com/images/I/31DT3ghuyXL._SL500_.jpg" alt="Product Image"></a><p>NIVEA Intense Healing Body Lotion for Dry Skin, 72-Hour Moisturizing Lotion with Deep Nourishing Serum and Provitamin B5, 16.9 Fl Oz Pump Bottle</p><p>$6.29 ($0.37 / Fl Oz)</p><a href="https://www.amazon.com/dp/B00DG8EZKO?tag=eloabder-20&linkCode=osi&th=1&psc=1">View Product</a></div><div class="product"><a href="https://www.amazon.com/dp/B08KT5HM98?tag=eloabder-20&linkCode=osi&th=1&psc=1"><img src="https://m.media-amazon.com/images/I/311EVJ1x7tL._SL500_.jpg" alt="Product Image"></a><p>eos Shea Better Body Lotion- Coconut Waters, 24-Hour Moisture Skin Care, Lightweight & Non-Greasy, Made with Natural Shea, Vegan, 16 fl oz</p><p>$8.98 ($0.56 / Fl Oz)</p><a href="https://www.amazon.com/dp/B08KT5HM98?tag=eloabder-20&linkCode=osi&th=1&psc=1">View Product</a></div><div class="product"><a href="https://www.amazon.com/dp/B0034F9K36?tag=eloabder-20&linkCode=osi&th=1&psc=1"><img src="https://m.media-amazon.com/images/I/319i3EFVPvL._SL500_.jpg" alt="Product Image"></a><p>Jergens Ultra Healing Dry Skin Moisturizer, Body and Hand Lotion for Dry Skin, for Quick Absorption into Extra Dry Skin, with HYDRALUCENCE blend, Vitamins C, E, and B5, 32 Ounce</p><p>$8.17 ($0.26 / Fl Oz)</p><a href="https://www.amazon.com/dp/B0034F9K36?tag=eloabder-20&linkCode=osi&th=1&psc=1">View Product</a></div><div class="product"><a href="https://www.amazon.com/dp/B003JT8PKQ?tag=eloabder-20&linkCode=osi&th=1&psc=1"><img src="https://m.media-amazon.com/images/I/31TFisQDpKL._SL500_.jpg" alt="Product Image"></a><p>Lubriderm Daily Moisture Lotion + Pro-Ceramide with Shea Butter & Glycerin Helps Moisturize Dry Skin, Hydrating Face, Hand & Body Lotion is Lightly Scented & Non-Greasy, 24 fl. oz</p><p>$10.12 ($0.42 / Fl Oz)</p><a href="https://www.amazon.com/dp/B003JT8PKQ?tag=eloabder-20&linkCode=osi&th=1&psc=1">View Product</a></div><div class="product"><a href="https://www.amazon.com/dp/B07RK4HST7?tag=eloabder-20&linkCode=osi&th=1&psc=1"><img src="https://m.media-amazon.com/images/I/412DGoW35mL._SL500_.jpg" alt="Product Image"></a><p>CeraVe Daily Moisturizing Lotion for Dry Skin | Body Lotion & Face Moisturizer with Hyaluronic Acid and Ceramides | Daily Moisturizer | Fragrance Free | Oil-Free | 19 Ounce</p><p>$18.50 ($0.97 / Fl Oz)</p><a href="https://www.amazon.com/dp/B07RK4HST7?tag=eloabder-20&linkCode=osi&th=1&psc=1">View Product</a></div><div class="product"><a href="https://www.amazon.com/dp/B0D484X4RL?tag=eloabder-20&linkCode=osi&th=1&psc=1"><img src="https://m.media-amazon.com/images/I/31rZLOx+KEL._SL500_.jpg" alt="Product Image"></a><p>Native Body Lotion Contains Naturally Derived Plant-Based Moisturizers for Women and Men | Restores Dry Skin, Coconut & Vanilla, 16.5 fl oz</p><p>$13.97 ($0.85 / Fl Oz)</p><a href="https://www.amazon.com/dp/B0D484X4RL?tag=eloabder-20&linkCode=osi&th=1&psc=1">View Product</a></div><div class="product"><a href="https://www.amazon.com/dp/B073CXZ8KR?tag=eloabder-20&linkCode=osi&th=1&psc=1"><img src="https://m.media-amazon.com/images/I/31r1ImnqoOL._SL500_.jpg" alt="Product Image"></a><p>Nivea Oil Infused Cherry Blossom and Jojoba Oil Body Lotion, Non-Greasy Cherry Blossom Scented Lotion Moisturizes for 24+ Hours, 16.9 Fl Oz Pump Bottle</p><p>$6.29 ($0.37 / Fl Oz)</p><a href="https://www.amazon.com/dp/B073CXZ8KR?tag=eloabder-20&linkCode=osi&th=1&psc=1">View Product</a></div><div class="product"><a href="https://www.amazon.com/dp/B09HHBKK15?tag=eloabder-20&linkCode=osi&th=1&psc=1"><img src="https://m.media-amazon.com/images/I/31gFI+hSGmL._SL500_.jpg" alt="Product Image"></a><p>Amazon Basics Cocoa Butter Body Lotion, Lightly scented, 20.3 fl oz</p><p>$4.89 ($0.24 / Fl Oz)</p><a href="https://www.amazon.com/dp/B09HHBKK15?tag=eloabder-20&linkCode=osi&th=1&psc=1">View Product</a></div>
<div class="product"><a href="https://www.amazon.com/dp/B0BVBZPX9B?tag=eloabder-20&linkCode=osi&th=1&psc=1"><img src="https://m.media-amazon.com/images/I/61Y09jlKZkL._SL500_.jpg" alt="Product Image"></a><p>Dove Deep Moisture Body Wash 30.6 Fl Oz Pack of 3 with Pump, Luxurious Hydration for Dry Skin, Cleanser with 24hr Renewing MicroMoisture</p><p>$23.22 ($0.25 / Fl Oz)</p><a href="https://www.amazon.com/dp/B0BVBZPX9B?tag=eloabder-20&linkCode=osi&th=1&psc=1">View Product</a></div><div class="product"><a href="https://www.amazon.com/dp/B0BT1VXDGD?tag=eloabder-20&linkCode=osi&th=1&psc=1"><img src="https://m.media-amazon.com/images/I/217eAv7yKyL._SL500_.jpg" alt="Product Image"></a><p>Method Body Wash, Pure Peace, Paraben and Phthalate Free, Biodegradable Formula, 28 oz (Pack of 1)</p><p>$11.48 ($0.41 / Fl Oz)</p><a href="https://www.amazon.com/dp/B0BT1VXDGD?tag=eloabder-20&linkCode=osi&th=1&psc=1">View Product</a></div><div class="product"><a href="https://www.amazon.com/dp/B0BVBYQGTW?tag=eloabder-20&linkCode=osi&th=1&psc=1"><img src="https://m.media-amazon.com/images/I/61En44WjwPL._SL500_.jpg" alt="Product Image"></a><p>Dove Body Wash with Pump Sensitive Skin 3 Count Hypoallergenic, Paraben-Free, Sulfate-Free, Cruelty-Free, Moisturizing Skin Cleanser Effectively Washes Away Bacteria While Nourishing Skin 30.6 oz</p><p>$23.22 ($0.25 / Fl Oz)</p><a href="https://www.amazon.com/dp/B0BVBYQGTW?tag=eloabder-20&linkCode=osi&th=1&psc=1">View Product</a></div><div class="product"><a href="https://www.amazon.com/dp/B0CGY5BLBW?tag=eloabder-20&linkCode=osi&th=1&psc=1"><img src="https://m.media-amazon.com/images/I/61X7MjVU6uL._SL500_.jpg" alt="Product Image"></a><p>Dove Exfoliating Body Wash Glow Recharge Energizes & illuminates skin 3% brightening serum with vitamin C 18.5 oz</p><p>$9.79 ($0.53 / Fl Oz)</p><a href="https://www.amazon.com/dp/B0CGY5BLBW?tag=eloabder-20&linkCode=osi&th=1&psc=1">View Product</a></div><div class="product"><a href="https://www.amazon.com/dp/B082QB23YG?tag=eloabder-20&linkCode=osi&th=1&psc=1"><img src="https://m.media-amazon.com/images/I/31QPAuuaLwL._SL500_.jpg" alt="Product Image"></a><p>NIVEA Refreshing White Peach and Jasmine Body Wash, Scented Body Wash with Nourishing Serum, Plant-Derived Oils, Essential Skin Lipids and Vitamins, 20 Fl Oz Bottle</p><p>$4.89 ($0.24 / Fl Oz)</p><a href="https://www.amazon.com/dp/B082QB23YG?tag=eloabder-20&linkCode=osi&th=1&psc=1">View Product</a></div><div class="product"><a href="https://www.amazon.com/dp/B0BHH1LBX2?tag=eloabder-20&linkCode=osi&th=1&psc=1"><img src="https://m.media-amazon.com/images/I/41aG-jLyOqL._SL500_.jpg" alt="Product Image"></a><p>Olay Ultra Rich Moisture Body Wash for Women, Deeply Nourishes, Vitamin B3 Complex, Clinically Proven, Shea Butter Scent, 22 fl oz (Pack of 4)</p><p>$27.96 ($0.32 / Fl Oz)</p><a href="https://www.amazon.com/dp/B0BHH1LBX2?tag=eloabder-20&linkCode=osi&th=1&psc=1">View Product</a></div><div class="product"><a href="https://www.amazon.com/dp/B07FD24RTR?tag=eloabder-20&linkCode=osi&th=1&psc=1"><img src="https://m.media-amazon.com/images/I/31klAgInvXL._SL500_.jpg" alt="Product Image"></a><p>Aveeno Stress Relief Body Wash with Soothing Oat for Sensitive Skin, Lavender Body Wash to help you feel Calm and Relaxed, Sulfate-Free, 33 FL OZ</p><p>$13.48 ($0.41 / Fl Oz)</p><a href="https://www.amazon.com/dp/B07FD24RTR?tag=eloabder-20&linkCode=osi&th=1&psc=1">View Product</a></div><div class="product"><a href="https://www.amazon.com/dp/B082QC2MCX?tag=eloabder-20&linkCode=osi&th=1&psc=1"><img src="https://m.media-amazon.com/images/I/31ohT5XH1TS._SL500_.jpg" alt="Product Image"></a><p>NIVEA Shea Butter Nourishing Body Wash, Moisturizing Body Wash with Nourishing Serum, Plant-Derived Oils, Essential Skin Lipids and Vitamins, 20 Fl Oz Bottle</p><p>$5.29 ($0.26 / Fl Oz)</p><a href="https://www.amazon.com/dp/B082QC2MCX?tag=eloabder-20&linkCode=osi&th=1&psc=1">View Product</a></div><div class="product"><a href="https://www.amazon.com/dp/B0BVBYDTZ6?tag=eloabder-20&linkCode=osi&th=1&psc=1"><img src="https://m.media-amazon.com/images/I/61UbJzK8yIL._SL500_.jpg" alt="Product Image"></a><p>Dove Body Wash with Pump Refreshing Cucumber and Green Tea 3 Count Refreshes Skin Cleanser That Effectively Washes Away Bacteria While Nourishing Your Skin 30.6 oz</p><p>$29.91 ($0.33 / Fl Oz)</p><a href="https://www.amazon.com/dp/B0BVBYDTZ6?tag=eloabder-20&linkCode=osi&th=1&psc=1">View Product</a></div><div class="product"><a href="https://www.amazon.com/dp/B082QBPDJC?tag=eloabder-20&linkCode=osi&th=1&psc=1"><img src="https://m.media-amazon.com/images/I/31tC4JDwHQL._SL500_.jpg" alt="Product Image"></a><p>NIVEA Coconut and Almond Milk Pampering Body Wash, Moisturizing Body Wash with Nourishing Serum, Plant-Derived Oils, Essential Skin Lipids and Vitamins, 20 Fl Oz Bottle</p><p>$4.99 ($0.25 / Fl Oz)</p><a href="https://www.amazon.com/dp/B082QBPDJC?tag=eloabder-20&linkCode=osi&th=1&psc=1">View Product</a></div>
<div class="product"><a href="https://www.amazon.com/dp/B07N7MWX72?tag=eloabder-20&linkCode=osi&th=1&psc=1"><img src="https://m.media-amazon.com/images/I/414aNTDFuRL._SL500_.jpg" alt="Product Image"></a><p>Mielle Organics Rosemary Mint Strengthening Shampoo Infused with Biotin, Cleanses and Helps Strengthen Weak and Brittle Hair, 12 Ounces</p><p>$9.97 ($0.83 / Fl Oz)</p><a href="https://www.amazon.com/dp/B07N7MWX72?tag=eloabder-20&linkCode=osi&th=1&psc=1">View Product</a></div><div class="product"><a href="https://www.amazon.com/dp/B01N97PCBH?tag=eloabder-20&linkCode=osi&th=1&psc=1"><img src="https://m.media-amazon.com/images/I/41KYNMCTIPL._SL500_.jpg" alt="Product Image"></a><p>Garnier Fructis Pure Clean Purifying Shampoo, Silicone-Free, 12.5 Fl Oz, 1 Count (Packaging May Vary)</p><p>$3.97 ($0.32 / Fl Oz)</p><a href="https://www.amazon.com/dp/B01N97PCBH?tag=eloabder-20&linkCode=osi&th=1&psc=1">View Product</a></div><div class="product"><a href="https://www.amazon.com/dp/B07D37PQGL?tag=eloabder-20&linkCode=osi&th=1&psc=1"><img src="https://m.media-amazon.com/images/I/31+tZhs5TNL._SL500_.jpg" alt="Product Image"></a><p>Olaplex No. 4 Bond Maintenance Shampoo, Repairs, Strengthens, & Nourishes All Hair Types, Adds Shine & Leaves Hair Feeling Soft, 8.5 fl oz</p><p>$30.00 ($3.53 / Fl Oz)</p><a href="https://www.amazon.com/dp/B07D37PQGL?tag=eloabder-20&linkCode=osi&th=1&psc=1">View Product</a></div><div class="product"><a href="https://www.amazon.com/dp/B084LHV2M1?tag=eloabder-20&linkCode=osi&th=1&psc=1"><img src="https://m.media-amazon.com/images/I/4174ry43L0L._SL500_.jpg" alt="Product Image"></a><p>Herbal Essences Hello hydration shampoo shampooing for hair 29.2 FL OZ</p><p>$7.97 ($0.27 / Fl Oz)</p><a href="https://www.amazon.com/dp/B084LHV2M1?tag=eloabder-20&linkCode=osi&th=1&psc=1">View Product</a></div><div class="product"><a href="https://www.amazon.com/dp/B08SSM21R4?tag=eloabder-20&linkCode=osi&th=1&psc=1"><img src="https://m.media-amazon.com/images/I/31WbRm+ZKEL._SL500_.jpg" alt="Product Image"></a><p>Redken All Soft Shampoo | Deeply Moisturizes and Hydrates | Softens, Smooths, and Adds Shine | Safe for Color-Treated Hair | Nourishing Shampoo for Dry Hair | With Argan Oil</p><p>$26.00 ($2.57 / Fl Oz)</p><a href="https://www.amazon.com/dp/B08SSM21R4?tag=eloabder-20&linkCode=osi&th=1&psc=1">View Product</a></div><div class="product"><a href="https://www.amazon.com/dp/B0D4SBLLRJ?tag=eloabder-20&linkCode=osi&th=1&psc=1"><img src="https://m.media-amazon.com/images/I/41uWwx+mKwL._SL500_.jpg" alt="Product Image"></a><p>Olaplex Wash and Shine Kit</p><p>$57.00</p><a href="https://www.amazon.com/dp/B0D4SBLLRJ?tag=eloabder-20&linkCode=osi&th=1&psc=1">View Product</a></div><div class="product"><a href="https://www.amazon.com/dp/B086S4Q7JH?tag=eloabder-20&linkCode=osi&th=1&psc=1"><img src="https://m.media-amazon.com/images/I/51i3YLQncNL._SL500_.jpg" alt="Product Image"></a><p>Herbal Essences Shampoo and Conditioner Set, Vitamin E, Rose Hips and Jojoba Extract, Smooth Collection, Bundle</p><p>$13.81 ($0.24 / Fl Oz)</p><a href="https://www.amazon.com/dp/B086S4Q7JH?tag=eloabder-20&linkCode=osi&th=1&psc=1">View Product</a></div><div class="product"><a href="https://www.amazon.com/dp/B01ENCBOA0?tag=eloabder-20&linkCode=osi&th=1&psc=1"><img src="https://m.media-amazon.com/images/I/41wcbs9bSAL._SL500_.jpg" alt="Product Image"></a><p>Rosemary and Biotin Shampoo for Thinning Hair - Vegan Volumizing Shampoo for Fine Hair with Argan and Tea Tree Oil - Paraben Silicone and Sulfate Free Shampoo for Dry Damaged Weak and Thin Hair Care</p><p>$12.95 ($1.62 / Fl Oz)</p><a href="https://www.amazon.com/dp/B01ENCBOA0?tag=eloabder-20&linkCode=osi&th=1&psc=1">View Product</a></div><div class="product"><a href="https://www.amazon.com/dp/B07NQ69L7P?tag=eloabder-20&linkCode=osi&th=1&psc=1"><img src="https://m.media-amazon.com/images/I/51c83KZZLJL._SL500_.jpg" alt="Product Image"></a><p>Herbal Essences Argan Oil of Morocco Shampoo & Conditioner Set, Repair & Smooth, Kew Endorsed, Fizzy Citrus Scent, Paraben-Free, Safe for Color-Treated Hair, pH-Balanced, 20.2 Fl Oz Each, 2 Pack</p><p>$24.99</p><a href="https://www.amazon.com/dp/B07NQ69L7P?tag=eloabder-20&linkCode=osi&th=1&psc=1">View Product</a></div>
<div class="product"><a href="https://www.amazon.com/dp/B0891BBRHW?tag=eloabder-20&linkCode=osi&th=1&psc=1"><img src="https://m.media-amazon.com/images/I/31ndDwe7VSL._SL500_.jpg" alt="Product Image"></a><p>Pureology Hydrate Moisturizing Conditioner | Softens and Deeply Hydrates Dry Hair | For Medium to Thick Color Treated or Natural Hair | Sulfate Free Conditioner | Vegan</p><p>$37.00 ($4.11 / Fl Oz)</p><a href="https://www.amazon.com/dp/B0891BBRHW?tag=eloabder-20&linkCode=osi&th=1&psc=1">View Product</a></div><div class="product"><a href="https://www.amazon.com/dp/B07D37SBHF?tag=eloabder-20&linkCode=osi&th=1&psc=1"><img src="https://m.media-amazon.com/images/I/31ivDW-ouZL._SL500_.jpg" alt="Product Image"></a><p>Olaplex No. 5 Bond Maintenance Conditioner, Repairs, Strengthens, & Nourishes All Hair Types, Leaving Hair Feeling Soft & Adds Shine, 8.5 fl oz"</p><p>$30.00 ($3.53 / Fl Oz)</p><a href="https://www.amazon.com/dp/B07D37SBHF?tag=eloabder-20&linkCode=osi&th=1&psc=1">View Product</a></div><div class="product"><a href="https://www.amazon.com/dp/B07CLD17F5?tag=eloabder-20&linkCode=osi&th=1&psc=1"><img src="https://m.media-amazon.com/images/I/61hTHQjDOkL._SL500_.jpg" alt="Product Image"></a><p>Dove Ultra Care Conditioner Coconut & Hydration for Dry Hair Conditioner with Coconut Oil, Jojoba Oil & Sweet Almond Oil 25.4 oz</p><p>$7.49 ($0.29 / Fl Oz)</p><a href="https://www.amazon.com/dp/B07CLD17F5?tag=eloabder-20&linkCode=osi&th=1&psc=1">View Product</a></div><div class="product"><a href="https://www.amazon.com/dp/B0752CBW5T?tag=eloabder-20&linkCode=osi&th=1&psc=1"><img src="https://m.media-amazon.com/images/I/31-KMa7LAlS._SL500_.jpg" alt="Product Image"></a><p>L'Oreal Paris Elvive Total Repair 5 Repairing Conditioner for Damaged Hair Conditioner with Protein and Ceramide for Strong Silky Shiny Healthy Renewed Hair 28 Fl Oz</p><p>$8.49 ($0.30 / Fl Oz)</p><a href="https://www.amazon.com/dp/B0752CBW5T?tag=eloabder-20&linkCode=osi&th=1&psc=1">View Product</a></div><div class="product"><a href="https://www.amazon.com/dp/B00L01DEII?tag=eloabder-20&linkCode=osi&th=1&psc=1"><img src="https://m.media-amazon.com/images/I/31EJqWmmSNL._SL500_.jpg" alt="Product Image"></a><p>Biolage Ultra Hydra Source Conditioning Balm | Deep Hydrating Conditioner | Renews Hair's Moisture | For Very Dry Hair | Silicone-Free | Vegan | Salon Conditioner | 33.8 Fl. Oz</p><p>$42.00 ($1.24 / Fl Oz)</p><a href="https://www.amazon.com/dp/B00L01DEII?tag=eloabder-20&linkCode=osi&th=1&psc=1">View Product</a></div><div class="product"><a href="https://www.amazon.com/dp/B08SSCQH77?tag=eloabder-20&linkCode=osi&th=1&psc=1"><img src="https://m.media-amazon.com/images/I/31P8RgJeqwL._SL500_.jpg" alt="Product Image"></a><p>Redken All Soft Conditioner | For Dry / Brittle Hair | Moisturizes & Provides Intense Softness | With Argan Oil | 10.1 Fl Oz</p><p>$26.00 ($2.57 / Fl Oz)</p><a href="https://www.amazon.com/dp/B08SSCQH77?tag=eloabder-20&linkCode=osi&th=1&psc=1">View Product</a></div><div class="product"><a href="https://www.amazon.com/dp/B074VLNPSG?tag=eloabder-20&linkCode=osi&th=1&psc=1"><img src="https://m.media-amazon.com/images/I/319FOowuSkL._SL500_.jpg" alt="Product Image"></a><p>Garnier Fructis Grow Strong Conditioner, 33.8 Fl Oz, 1 Count (Packaging May Vary)</p><p>$8.49 ($0.25 / Fl Oz)</p><a href="https://www.amazon.com/dp/B074VLNPSG?tag=eloabder-20&linkCode=osi&th=1&psc=1">View Product</a></div><div class="product"><a href="https://www.amazon.com/dp/B00JAI4FGI?tag=eloabder-20&linkCode=osi&th=1&psc=1"><img src="https://m.media-amazon.com/images/I/212rXWGPu1L._SL500_.jpg" alt="Product Image"></a><p>Biolage Color Last Conditioner | Helps Protect Hair & Maintain Vibrant Color | For Color-Treated and Natural Hair | Paraben & Silicone-Free | Vegan | Cruelty Free | Color Protecting Salon Conditioner</p><p>$24.00 ($1.78 / Fl Oz)</p><a href="https://www.amazon.com/dp/B00JAI4FGI?tag=eloabder-20&linkCode=osi&th=1&psc=1">View Product</a></div>
<div class="product"><a href="https://www.amazon.com/dp/B00I32AN4K?tag=eloabder-20&linkCode=osi&th=1&psc=1"><img src="https://m.media-amazon.com/images/I/51KpmxinYYL._SL500_.jpg" alt="Product Image"></a><p>Arvazallia Hydrating Argan Oil Hair Mask and Deep Conditioner for Dry or Damaged Hair - 8.45 Oz</p><p>$12.95 ($1.53 / Fl Oz)</p><a href="https://www.amazon.com/dp/B00I32AN4K?tag=eloabder-20&linkCode=osi&th=1&psc=1">View Product</a></div><div class="product"><a href="https://www.amazon.com/dp/B07H3GBSC3?tag=eloabder-20&linkCode=osi&th=1&psc=1"><img src="https://m.media-amazon.com/images/I/41I862UzKRL._SL500_.jpg" alt="Product Image"></a><p>amika soulfood nourishing Mask, 8 Fl oz</p><p>$34.00 ($4.25 / Fl Oz)</p><a href="https://www.amazon.com/dp/B07H3GBSC3?tag=eloabder-20&linkCode=osi&th=1&psc=1">View Product</a></div><div class="product"><a href="https://www.amazon.com/dp/B075L6BL61?tag=eloabder-20&linkCode=osi&th=1&psc=1"><img src="https://m.media-amazon.com/images/I/41zCFV7oGTL._SL500_.jpg" alt="Product Image"></a><p>Karseell Collagen Hair Treatment Deep Repair Conditioning Argan Oil Collagen Hair Mask Essence for Dry Damaged Hair All Hair Types 16.90 oz 500ml</p><p>$23.33 ($1.38 / Fl Oz)</p><a href="https://www.amazon.com/dp/B075L6BL61?tag=eloabder-20&linkCode=osi&th=1&psc=1">View Product</a></div><div class="product"><a href="https://www.amazon.com/dp/B0BQ54DQNM?tag=eloabder-20&linkCode=osi&th=1&psc=1"><img src="https://m.media-amazon.com/images/I/41uhtWPJeuL._SL500_.jpg" alt="Product Image"></a><p>Eva NYC Therapy Session Hair Mask, Deep Conditioning Hair Mask Infused with Argan Oil and Plant Protein, 16.9 fl oz</p><p>$19.00 ($1.12 / Fl Oz)</p><a href="https://www.amazon.com/dp/B0BQ54DQNM?tag=eloabder-20&linkCode=osi&th=1&psc=1">View Product</a></div><div class="product"><a href="https://www.amazon.com/dp/B01I2ZQJSG?tag=eloabder-20&linkCode=osi&th=1&psc=1"><img src="https://m.media-amazon.com/images/I/41ctrFUeQAL._SL500_.jpg" alt="Product Image"></a><p>Elizavecca cer-100 collagen coating hair protein treatment 100ml</p><p>$7.40 ($2.19 / Fl Oz)</p><a href="https://www.amazon.com/dp/B01I2ZQJSG?tag=eloabder-20&linkCode=osi&th=1&psc=1">View Product</a></div><div class="product"><a href="https://www.amazon.com/dp/B07N7NBYSP?tag=eloabder-20&linkCode=osi&th=1&psc=1"><img src="https://m.media-amazon.com/images/I/515lD0OXQ+L._SL500_.jpg" alt="Product Image"></a><p>Mielle Organics Rosemary Mint Strengthening Hair Masque, Essential Oil & Biotin Deep Treatment, Miracle Repair for Dry, Damaged, & Frizzy Hair, 12 Ounces</p><p>$9.97 ($0.83 / Ounce)</p><a href="https://www.amazon.com/dp/B07N7NBYSP?tag=eloabder-20&linkCode=osi&th=1&psc=1">View Product</a></div><div class="product"><a href="https://www.amazon.com/dp/B002N5MKMG?tag=eloabder-20&linkCode=osi&th=1&psc=1"><img src="https://m.media-amazon.com/images/I/41NxqnExYnL._SL500_.jpg" alt="Product Image"></a><p>Moroccanoil Intense Hydrating Mask, 8.5 Fl. Oz.</p><p>$42.00 ($4.94 / Fl Oz)</p><a href="https://www.amazon.com/dp/B002N5MKMG?tag=eloabder-20&linkCode=osi&th=1&psc=1">View Product</a></div><div class="product"><a href="https://www.amazon.com/dp/B07M7PP9KX?tag=eloabder-20&linkCode=osi&th=1&psc=1"><img src="https://m.media-amazon.com/images/I/41Mpv3wIxEL._SL500_.jpg" alt="Product Image"></a><p>Marc Anthony Grow Long Hair Anti-Breakage Mask, 10.4 OZ</p><p>$8.99 ($0.90 / Fl Oz)</p><a href="https://www.amazon.com/dp/B07M7PP9KX?tag=eloabder-20&linkCode=osi&th=1&psc=1">View Product</a></div><div class="product"><a href="https://www.amazon.com/dp/B09HR5KSR8?tag=eloabder-20&linkCode=osi&th=1&psc=1"><img src="https://m.media-amazon.com/images/I/51aIw6AhsXL._SL500_.jpg" alt="Product Image"></a><p>K18 Mini Leave-In Molecular Hair Mask, Repairs Dry or Damaged Hair, Reverse Hair Damage from Bleach, Color, Chemical Services & Heat, 0.51 Fl Oz</p><p>$29.00 ($56.86 / Fl Oz)</p><a href="https://www.amazon.com/dp/B09HR5KSR8?tag=eloabder-20&linkCode=osi&th=1&psc=1">View Product</a></div>
<div class="product"><a href="https://www.amazon.com/dp/B004J1MNII?tag=eloabder-20&linkCode=osi&th=1&psc=1"><img src="https://m.media-amazon.com/images/I/31nFgivW0gL._SL500_.jpg" alt="Product Image"></a><p>Moroccanoil Hydrating Styling Cream, Travel Size, 2.53 Fl Oz</p><p>$16.00 ($6.40 / Fl Oz)</p><a href="https://www.amazon.com/dp/B004J1MNII?tag=eloabder-20&linkCode=osi&th=1&psc=1">View Product</a></div><div class="product"><a href="https://www.amazon.com/dp/B00G187CP6?tag=eloabder-20&linkCode=osi&th=1&psc=1"><img src="https://m.media-amazon.com/images/I/31belqXvyyL._SL500_.jpg" alt="Product Image"></a><p>COLOR WOW One Minute Transformation – Instant frizz fix| Nourishing styling cream smooths, tames + defrizzes on the spot| Avocado oil + Omega 3’s hydrate, repair for silkier, smoother texture</p><p>$24.00</p><a href="https://www.amazon.com/dp/B00G187CP6?tag=eloabder-20&linkCode=osi&th=1&psc=1">View Product</a></div><div class="product"><a href="https://www.amazon.com/dp/B073CWSQ51?tag=eloabder-20&linkCode=osi&th=1&psc=1"><img src="https://m.media-amazon.com/images/I/41lIHxirIkL._SL500_.jpg" alt="Product Image"></a><p>COLOR WOW Dream Coat Supernatural Spray, 6.7 Fl Oz – Keep Your Hair Frizz-Free and Shiny No Matter the Weather with Award-Winning Anti-Humidity Treatment</p><p>$28.00 ($4.18 / Fl Oz)</p><a href="https://www.amazon.com/dp/B073CWSQ51?tag=eloabder-20&linkCode=osi&th=1&psc=1">View Product</a></div><div class="product"><a href="https://www.amazon.com/dp/B075RGHQVF?tag=eloabder-20&linkCode=osi&th=1&psc=1"><img src="https://m.media-amazon.com/images/I/21TgD3HaqbL._SL500_.jpg" alt="Product Image"></a><p>American Crew Men's Fiber Cream, Like Hair Gel with Medium Hold & Natural Shine, 3.3 Fl Oz</p><p>$9.94 ($3.01 / Ounce)</p><a href="https://www.amazon.com/dp/B075RGHQVF?tag=eloabder-20&linkCode=osi&th=1&psc=1">View Product</a></div><div class="product"><a href="https://www.amazon.com/dp/B0BLWTQ7JC?tag=eloabder-20&linkCode=osi&th=1&psc=1"><img src="https://m.media-amazon.com/images/I/31jMkcol7VL._SL500_.jpg" alt="Product Image"></a><p>DAE Cactus Fruit 3-In-1 Styling Cream - Smooth Styles, Prep Shiny Blowouts, Defines Curls (5 oz.)</p><p>$30.00 ($6.00 / Ounce)</p><a href="https://www.amazon.com/dp/B0BLWTQ7JC?tag=eloabder-20&linkCode=osi&th=1&psc=1">View Product</a></div><div class="product"><a href="https://www.amazon.com/dp/B00H3DOSPU?tag=eloabder-20&linkCode=osi&th=1&psc=1"><img src="https://m.media-amazon.com/images/I/317clPmAyiL._SL500_.jpg" alt="Product Image"></a><p>Biolage Styling Gelée | Firm Hold That Adds Body, Shine & Control | For All Hair Types | Paraben-Free | Vegan | 16.9 fl. oz. | 16.9 Fl. Oz</p><p>$24.00 ($1.42 / Fl Oz)</p><a href="https://www.amazon.com/dp/B00H3DOSPU?tag=eloabder-20&linkCode=osi&th=1&psc=1">View Product</a></div><div class="product"><a href="https://www.amazon.com/dp/B08SNSSTPZ?tag=eloabder-20&linkCode=osi&th=1&psc=1"><img src="https://m.media-amazon.com/images/I/31KrkpMat6L._SL500_.jpg" alt="Product Image"></a><p>L3 Level 3 Styling Powder - Natural Look Mens Powder - Easy to Apply with No Oil or Greasy Residue (Small - 30 Grams)</p><p>$9.99 ($9.51 / Fl Oz)</p><a href="https://www.amazon.com/dp/B08SNSSTPZ?tag=eloabder-20&linkCode=osi&th=1&psc=1">View Product</a></div><div class="product"><a href="https://www.amazon.com/dp/B09MZS3D3K?tag=eloabder-20&linkCode=osi&th=1&psc=1"><img src="https://m.media-amazon.com/images/I/31CADZzpR7L._SL500_.jpg" alt="Product Image"></a><p>Marc Anthony Biotin Styling Hair Cream, Instantly Thick - Biotin & Vitamin E Hair Thickening Cream, Lightweight Hold for Thicker & Fuller Hair - Volumizing Hair Product for Thin, Flat Hair</p><p>$8.99 ($1.82 / Ounce)</p><a href="https://www.amazon.com/dp/B09MZS3D3K?tag=eloabder-20&linkCode=osi&th=1&psc=1">View Product</a></div><div class="product"><a href="https://www.amazon.com/dp/B0009OMNQQ?tag=eloabder-20&linkCode=osi&th=1&psc=1"><img src="https://m.media-amazon.com/images/I/21BMUFOie3L._SL500_.jpg" alt="Product Image"></a><p>Paul Mitchell Extra-Body Sculpting Foam, Thickens + Builds Body, For Fine Hair, 6.7 oz.</p><p>$16.50 ($2.46 / Fl Oz)</p><a href="https://www.amazon.com/dp/B0009OMNQQ?tag=eloabder-20&linkCode=osi&th=1&psc=1">View Product</a></div>
<div class="product"><a href="https://www.amazon.com/dp/B09LXMXSMN?tag=eloabder-20&linkCode=osi&th=1&psc=1"><img src="https://m.media-amazon.com/images/I/51Sly6w-y7L._SL500_.jpg" alt="Product Image"></a><p>Revlon ColorSilk Beautiful Color Permanent Hair Color, Long-Lasting High-Definition Color, Shine & Silky Softness with 100% Gray Coverage, Ammonia Free, 41 Medium Brown, 3 Pack</p><p>$11.91 ($0.90 / Fl Oz)</p><a href="https://www.amazon.com/dp/B09LXMXSMN?tag=eloabder-20&linkCode=osi&th=1&psc=1">View Product</a></div><div class="product"><a href="https://www.amazon.com/dp/B004INIW1Y?tag=eloabder-20&linkCode=osi&th=1&psc=1"><img src="https://m.media-amazon.com/images/I/51QXVxOgEkL._SL500_.jpg" alt="Product Image"></a><p>L'Oreal Paris Excellence Creme Permanent Hair Color, 4 Dark Brown, 100 percent Gray Coverage Hair Dye, Pack of 1</p><p>$10.97</p><a href="https://www.amazon.com/dp/B004INIW1Y?tag=eloabder-20&linkCode=osi&th=1&psc=1">View Product</a></div><div class="product"><a href="https://www.amazon.com/dp/B00TUM6QUC?tag=eloabder-20&linkCode=osi&th=1&psc=1"><img src="https://m.media-amazon.com/images/I/511vRRkzayL._SL500_.jpg" alt="Product Image"></a><p>Schwarzkopf Keratin Color Permanent Hair Color, 6.0 Delicate Praline, 1 Application - Salon Inspired Permanent Hair Dye, for up to 80% Less Breakage vs Untreated Hair and up to 100% Gray Coverage</p><p>$11.97</p><a href="https://www.amazon.com/dp/B00TUM6QUC?tag=eloabder-20&linkCode=osi&th=1&psc=1">View Product</a></div><div class="product"><a href="https://www.amazon.com/dp/B00006JN4M?tag=eloabder-20&linkCode=osi&th=1&psc=1"><img src="https://m.media-amazon.com/images/I/41YBT6aEgWL._SL500_.jpg" alt="Product Image"></a><p>L'Oreal Paris Superior Preference Fade-Defying + Shine Permanent Hair Color, 6 Light Brown, Pack of 1, Hair Dye</p><p>$11.97</p><a href="https://www.amazon.com/dp/B00006JN4M?tag=eloabder-20&linkCode=osi&th=1&psc=1">View Product</a></div><div class="product"><a href="https://www.amazon.com/dp/B07HXH48TF?tag=eloabder-20&linkCode=osi&th=1&psc=1"><img src="https://m.media-amazon.com/images/I/51VP1hHWq9L._SL500_.jpg" alt="Product Image"></a><p>Garnier Hair Color Nutrisse Nourishing Creme, 50 Medium Natural Brown (Truffle) Permanent Hair Dye, 2 Count (Packaging May Vary)</p><p>$16.98 ($8.49 / Count)</p><a href="https://www.amazon.com/dp/B07HXH48TF?tag=eloabder-20&linkCode=osi&th=1&psc=1">View Product</a></div><div class="product"><a href="https://www.amazon.com/dp/B001UMV18M?tag=eloabder-20&linkCode=osi&th=1&psc=1"><img src="https://m.media-amazon.com/images/I/51h21IlxAhL._SL500_.jpg" alt="Product Image"></a><p>Garnier Hair Color Nutrisse Nourishing Creme, 415 Soft Mahogany Brown (Raspberry Truffle) Permanent Hair Dye, 1 Count (Packaging May Vary)</p><p>$8.47</p><a href="https://www.amazon.com/dp/B001UMV18M?tag=eloabder-20&linkCode=osi&th=1&psc=1">View Product</a></div><div class="product"><a href="https://www.amazon.com/dp/B0B3KWJ242?tag=eloabder-20&linkCode=osi&th=1&psc=1"><img src="https://m.media-amazon.com/images/I/41fqsQmb0VL._SL500_.jpg" alt="Product Image"></a><p>COLORCHARM Demi Permanent Hair Color, 3N Medium Neutral Brown 2 oz</p><p>$9.99 ($5.00 / Fl Oz)</p><a href="https://www.amazon.com/dp/B0B3KWJ242?tag=eloabder-20&linkCode=osi&th=1&psc=1">View Product</a></div>
<div class="product"><a href="https://www.amazon.com/dp/B01ACPW1SG?tag=eloabder-20&linkCode=osi&th=1&psc=1"><img src="https://m.media-amazon.com/images/I/41aIRzbHxNL._SL500_.jpg" alt="Product Image"></a><p>CoverGirl & Olay Simply Ageless 3-in-1 Liquid Foundation, Matte Finish, Hyaluronic & Vitamin C Formula, Cruelty Free, Classic Ivory, 1 Count</p><p>$10.49</p><a href="https://www.amazon.com/dp/B01ACPW1SG?tag=eloabder-20&linkCode=osi&th=1&psc=1">View Product</a></div><div class="product"><a href="https://www.amazon.com/dp/B07MWSP8SG?tag=eloabder-20&linkCode=osi&th=1&psc=1"><img src="https://m.media-amazon.com/images/I/31B37fmqI7L._SL500_.jpg" alt="Product Image"></a><p>e.l.f. Flawless Finish Foundation, Improves Uneven Skin Tone, Lightweight, Medium Coverage & Semi-Matte, Vegan & Cruelty-Free, Beige 0.67 Fl Oz</p><p>$6.00</p><a href="https://www.amazon.com/dp/B07MWSP8SG?tag=eloabder-20&linkCode=osi&th=1&psc=1">View Product</a></div><div class="product"><a href="https://www.amazon.com/dp/B00PFCSUNC?tag=eloabder-20&linkCode=osi&th=1&psc=1"><img src="https://m.media-amazon.com/images/I/41FK6ukLnvL._SL500_.jpg" alt="Product Image"></a><p>Maybelline Fit Me Matte + Poreless Liquid Oil-Free Foundation Makeup, Natural Ivory, 1 Count (Packaging May Vary)</p><p>$7.10</p><a href="https://www.amazon.com/dp/B00PFCSUNC?tag=eloabder-20&linkCode=osi&th=1&psc=1">View Product</a></div><div class="product"><a href="https://www.amazon.com/dp/B0BCGZMTSY?tag=eloabder-20&linkCode=osi&th=1&psc=1"><img src="https://m.media-amazon.com/images/I/31Qa6QbmaiL._SL500_.jpg" alt="Product Image"></a><p>L'Oreal Paris True Match Super-Blendable Foundation, Medium Coverage Liquid Foundation Makeup, N3, Light Medium, 1 Fl Oz</p><p>$9.97</p><a href="https://www.amazon.com/dp/B0BCGZMTSY?tag=eloabder-20&linkCode=osi&th=1&psc=1">View Product</a></div><div class="product"><a href="https://www.amazon.com/dp/B000IEMGGE?tag=eloabder-20&linkCode=osi&th=1&psc=1"><img src="https://m.media-amazon.com/images/I/41RtSkNmHSL._SL500_.jpg" alt="Product Image"></a><p>LAURA GELLER NEW YORK Award-Winning Baked Balance-n-Brighten Color Correcting Powder Foundation - Fair - Buildable Light to Medium Coverage - Demi-Matte Natural Finish</p><p>$22.13</p><a href="https://www.amazon.com/dp/B000IEMGGE?tag=eloabder-20&linkCode=osi&th=1&psc=1">View Product</a></div><div class="product"><a href="https://www.amazon.com/dp/B01LMMZY6O?tag=eloabder-20&linkCode=osi&th=1&psc=1"><img src="https://m.media-amazon.com/images/I/41WWjJXCsFL._SL500_.jpg" alt="Product Image"></a><p>IT Cosmetics Your Skin But Better CC+ Cream, Medium (W) - Color Correcting Cream, Full-Coverage Foundation, Hydrating Serum & SPF 50+ Sunscreen - Natural Finish - 1.08 fl oz</p><p>$47.00 ($43.52 / Fl Oz)</p><a href="https://www.amazon.com/dp/B01LMMZY6O?tag=eloabder-20&linkCode=osi&th=1&psc=1">View Product</a></div><div class="product"><a href="https://www.amazon.com/dp/B07CVFY5PQ?tag=eloabder-20&linkCode=osi&th=1&psc=1"><img src="https://m.media-amazon.com/images/I/416VSGy4SKL._SL500_.jpg" alt="Product Image"></a><p>MagicMinerals AirBrush Foundation by Jerome Alexander – 2pc Set with Airbrush Foundation and Kabuki Brush - Spray Makeup with Anti-aging Ingredients for Smooth Radiant Skin - Medium</p><p>$19.99 ($11.11 / Fl Oz)</p><a href="https://www.amazon.com/dp/B07CVFY5PQ?tag=eloabder-20&linkCode=osi&th=1&psc=1">View Product</a></div><div class="product"><a href="https://www.amazon.com/dp/B0039UTUZE?tag=eloabder-20&linkCode=osi&th=1&psc=1"><img src="https://m.media-amazon.com/images/I/41eXDpZ835L._SL500_.jpg" alt="Product Image"></a><p>Revlon Liquid Foundation, ColorStay Face Makeup for Combination & Oily Skin, SPF 15, Medium-Full Coverage with Matte Finish, Natural Beige ((220), 1.0 oz</p><p>$9.70</p><a href="https://www.amazon.com/dp/B0039UTUZE?tag=eloabder-20&linkCode=osi&th=1&psc=1">View Product</a></div><div class="product"><a href="https://www.amazon.com/dp/B00I52QPAE?tag=eloabder-20&linkCode=osi&th=1&psc=1"><img src="https://m.media-amazon.com/images/I/317EDqzSg+L._SL500_.jpg" alt="Product Image"></a><p>Revlon Liquid Foundation, Age Defying 3XFace Makeup, Anti-Aging and Firming Formula, SPF 30, Longwear Medium Buildable Coverage with Natural Finish, 035 Natural Beige, 1 Fl Oz</p><p>$13.48</p><a href="https://www.amazon.com/dp/B00I52QPAE?tag=eloabder-20&linkCode=osi&th=1&psc=1">View Product</a></div><div class="product"><a href="https://www.amazon.com/dp/B07H621Q3H?tag=eloabder-20&linkCode=osi&th=1&psc=1"><img src="https://m.media-amazon.com/images/I/31JtVpLZ4FL._SL500_.jpg" alt="Product Image"></a><p>L'Oreal Paris Makeup Infallible Up to 32 Hour Fresh Wear Lightweight Foundation, 420 True Beige, 1 Fl Oz, Packaging May Vary</p><p>$11.98</p><a href="https://www.amazon.com/dp/B07H621Q3H?tag=eloabder-20&linkCode=osi&th=1&psc=1">View Product</a></div>
<div class="product"><a href="https://www.amazon.com/dp/B07Q9V4KMJ?tag=eloabder-20&linkCode=osi&th=1&psc=1"><img src="https://m.media-amazon.com/images/I/31pro1JWTCL._SL500_.jpg" alt="Product Image"></a><p>Maybelline Instant Age Rewind Eraser Dark Circles Treatment Multi-Use Concealer, 115, 1 Count (Packaging May Vary)</p><p>$8.42</p><a href="https://www.amazon.com/dp/B07Q9V4KMJ?tag=eloabder-20&linkCode=osi&th=1&psc=1">View Product</a></div><div class="product"><a href="https://www.amazon.com/dp/B07ZR14WBZ?tag=eloabder-20&linkCode=osi&th=1&psc=1"><img src="https://m.media-amazon.com/images/I/313ljymBVaL._SL500_.jpg" alt="Product Image"></a><p>e.l.f. Hydrating Camo Concealer, Lightweight, Full Coverage, Long Lasting, Conceals, Corrects, Covers, Hydrates, Highlights, Light Sand, Satin Finish, 25 Shades, All-Day Wear, 0.20 Fl Oz</p><p>$7.00</p><a href="https://www.amazon.com/dp/B07ZR14WBZ?tag=eloabder-20&linkCode=osi&th=1&psc=1">View Product</a></div><div class="product"><a href="https://www.amazon.com/dp/B0046VJV36?tag=eloabder-20&linkCode=osi&th=1&psc=1"><img src="https://m.media-amazon.com/images/I/31-ZFCLgLcL._SL500_.jpg" alt="Product Image"></a><p>Maybelline New York Fit Me Liquid Concealer Makeup, Natural Coverage, Lightweight, Conceals, Covers Oil-Free, Fair, 1 Count (Packaging May Vary)</p><p>$6.31</p><a href="https://www.amazon.com/dp/B0046VJV36?tag=eloabder-20&linkCode=osi&th=1&psc=1">View Product</a></div><div class="product"><a href="https://www.amazon.com/dp/B07ZR1CQHS?tag=eloabder-20&linkCode=osi&th=1&psc=1"><img src="https://m.media-amazon.com/images/I/31s0zWRX+4L._SL500_.jpg" alt="Product Image"></a><p>e.l.f. 16HR Camo Concealer, Full Coverage, Highly Pigmented Concealer With Matte Finish, Crease-proof, Vegan & Cruelty-Free, Light Ivory, 0.203 Fl Oz</p><p>$7.00</p><a href="https://www.amazon.com/dp/B07ZR1CQHS?tag=eloabder-20&linkCode=osi&th=1&psc=1">View Product</a></div><div class="product"><a href="https://www.amazon.com/dp/B009WI05BU?tag=eloabder-20&linkCode=osi&th=1&psc=1"><img src="https://m.media-amazon.com/images/I/312BFbzGKlL._SL500_.jpg" alt="Product Image"></a><p>L.A. Girl Pro Concealer, Fawn, 0.28 Oz (LAX-GC983-A)</p><p>$4.99</p><a href="https://www.amazon.com/dp/B009WI05BU?tag=eloabder-20&linkCode=osi&th=1&psc=1">View Product</a></div><div class="product"><a href="https://www.amazon.com/dp/B0814SLHQH?tag=eloabder-20&linkCode=osi&th=1&psc=1"><img src="https://m.media-amazon.com/images/I/312GW4aGnRL._SL500_.jpg" alt="Product Image"></a><p>Neutrogena Healthy Skin Radiant Brightening Cream Concealer with Peptides & Vitamin E Antioxidant,Lightweight Perfecting Concealer,Non-Comedogenic,Bisque Light/Medium 02 neutral undertones,0.24 oz</p><p>$5.62</p><a href="https://www.amazon.com/dp/B0814SLHQH?tag=eloabder-20&linkCode=osi&th=1&psc=1">View Product</a></div><div class="product"><a href="https://www.amazon.com/dp/B06XQWS1N9?tag=eloabder-20&linkCode=osi&th=1&psc=1"><img src="https://m.media-amazon.com/images/I/31rKumTg1GL._SL500_.jpg" alt="Product Image"></a><p>COVERGIRL Smoothers Concealer, Medium 715, 0.14 ounce (packaging may vary)</p><p>$7.28</p><a href="https://www.amazon.com/dp/B06XQWS1N9?tag=eloabder-20&linkCode=osi&th=1&psc=1">View Product</a></div><div class="product"><a href="https://www.amazon.com/dp/B07GWH2GDP?tag=eloabder-20&linkCode=osi&th=1&psc=1"><img src="https://m.media-amazon.com/images/I/41U+lbOEtuL._SL500_.jpg" alt="Product Image"></a><p>IT Cosmetics Bye Bye Under Eye Full Coverage Concealer - for Dark Circles, Fine Lines, Redness & Discoloration – Waterproof - Anti-Aging - Natural Finish – 0.4 fl oz</p><p>$17.40 ($43.50 / Fl Oz)</p><a href="https://www.amazon.com/dp/B07GWH2GDP?tag=eloabder-20&linkCode=osi&th=1&psc=1">View Product</a></div><div class="product"><a href="https://www.amazon.com/dp/B07H67H5LH?tag=eloabder-20&linkCode=osi&th=1&psc=1"><img src="https://m.media-amazon.com/images/I/31bWoYCj-nL._SL500_.jpg" alt="Product Image"></a><p>L'Oreal Paris Makeup Infallible Full Wear Waterproof Matte Concealer, Full Coverage, Ivory, 0.33 fl. oz.</p><p>$10.82</p><a href="https://www.amazon.com/dp/B07H67H5LH?tag=eloabder-20&linkCode=osi&th=1&psc=1">View Product</a></div><div class="product"><a href="https://www.amazon.com/dp/B0B51NLJWQ?tag=eloabder-20&linkCode=osi&th=1&psc=1"><img src="https://m.media-amazon.com/images/I/31GXqccxM0L._SL500_.jpg" alt="Product Image"></a><p>Fièra Luxury Concealer with Anti-Aging - All Day Coverage for Dark Circles, Fine Lines, Wrinkles & Spots - Neutral Beige, 0.5 Ounce</p><p>$27.00</p><a href="https://www.amazon.com/dp/B0B51NLJWQ?tag=eloabder-20&linkCode=osi&th=1&psc=1">View Product</a></div>
<div class="product"><a href="https://www.amazon.com/dp/B092JQ23N5?tag=eloabder-20&linkCode=osi&th=1&psc=1"><img src="https://m.media-amazon.com/images/I/51OUufwItlL._SL500_.jpg" alt="Product Image"></a><p>URBAN DECAY 24/7 Longwear Eyeshadow Single (Sin - Champagne Shimmer), High-Pigment Eye Shadow Compact, Smooth & Blendable Colors, Crease-free, Vegan - 0.06 oz</p><p>$22.00</p><a href="https://www.amazon.com/dp/B092JQ23N5?tag=eloabder-20&linkCode=osi&th=1&psc=1">View Product</a></div><div class="product"><a href="https://www.amazon.com/dp/B01IW02HX2?tag=eloabder-20&linkCode=osi&th=1&psc=1"><img src="https://m.media-amazon.com/images/I/510F-WOAL4L._SL500_.jpg" alt="Product Image"></a><p>NYX PROFESSIONAL MAKEUP Ultimate Shadow Palette, Eyeshadow Palette - Warm Neutrals</p><p>$12.40</p><a href="https://www.amazon.com/dp/B01IW02HX2?tag=eloabder-20&linkCode=osi&th=1&psc=1">View Product</a></div><div class="product"><a href="https://www.amazon.com/dp/B085WR3YDT?tag=eloabder-20&linkCode=osi&th=1&psc=1"><img src="https://m.media-amazon.com/images/I/41cuO8PyoTL._SL500_.jpg" alt="Product Image"></a><p>wet n wild Color Icon Cream Eyeshadow Multi-Stick, Moisturizing, Nourishing Velvety Cream-to-Powder Buildable & Blendable Formula, Cruelty-Free & Vegan - Champagne Room</p><p>$3.28</p><a href="https://www.amazon.com/dp/B085WR3YDT?tag=eloabder-20&linkCode=osi&th=1&psc=1">View Product</a></div><div class="product"><a href="https://www.amazon.com/dp/B00L5SMFJU?tag=eloabder-20&linkCode=osi&th=1&psc=1"><img src="https://m.media-amazon.com/images/I/41-WaM3A3tL._SL500_.jpg" alt="Product Image"></a><p>Covergirl Eye Enhancers Eye Shadow Palette, Natural Nudes, 0.19 Ounce</p><p>$4.97</p><a href="https://www.amazon.com/dp/B00L5SMFJU?tag=eloabder-20&linkCode=osi&th=1&psc=1">View Product</a></div><div class="product"><a href="https://www.amazon.com/dp/B01LW1983J?tag=eloabder-20&linkCode=osi&th=1&psc=1"><img src="https://m.media-amazon.com/images/I/51EsPf59XBL._SL500_.jpg" alt="Product Image"></a><p>Julep Eyeshadow 101 Crème to Powder Waterproof Eyeshadow Stick, Champagne Shimmer</p><p>$18.00</p><a href="https://www.amazon.com/dp/B01LW1983J?tag=eloabder-20&linkCode=osi&th=1&psc=1">View Product</a></div><div class="product"><a href="https://www.amazon.com/dp/B00UKP1M2K?tag=eloabder-20&linkCode=osi&th=1&psc=1"><img src="https://m.media-amazon.com/images/I/41hSsvPHKxL._SL500_.jpg" alt="Product Image"></a><p>Maybelline The Blushed Nudes Eyeshadow Palette Makeup, 12 Pigmented Matte & Shimmer Shades, Blendable Powder, 1 Count</p><p>$9.32</p><a href="https://www.amazon.com/dp/B00UKP1M2K?tag=eloabder-20&linkCode=osi&th=1&psc=1">View Product</a></div><div class="product"><a href="https://www.amazon.com/dp/B073ZBGLJF?tag=eloabder-20&linkCode=osi&th=1&psc=1"><img src="https://m.media-amazon.com/images/I/41go9Ug8AOL._SL500_.jpg" alt="Product Image"></a><p>BestLand 2 Pack 12 Colors Makeup Nude Colors Eyeshadow Palette Natural Nude Matte Shimmer Glitter Pigment Eye Shadow Pallete Set Waterproof Smokey Professional Beauty Makeup Kit (2 PCS)</p><p>$9.99</p><a href="https://www.amazon.com/dp/B073ZBGLJF?tag=eloabder-20&linkCode=osi&th=1&psc=1">View Product</a></div><div class="product"><a href="https://www.amazon.com/dp/B08RS6WNX7?tag=eloabder-20&linkCode=osi&th=1&psc=1"><img src="https://m.media-amazon.com/images/I/51qCii788PL._SL500_.jpg" alt="Product Image"></a><p>wet n wild Color Icon 5-Pan Palette Brown Walking On Eggshells</p><p>$3.19</p><a href="https://www.amazon.com/dp/B08RS6WNX7?tag=eloabder-20&linkCode=osi&th=1&psc=1">View Product</a></div><div class="product"><a href="https://www.amazon.com/dp/B0CV5ZTFCR?tag=eloabder-20&linkCode=osi&th=1&psc=1"><img src="https://m.media-amazon.com/images/I/21inptU-eJL._SL500_.jpg" alt="Product Image"></a><p>Covergirl Clean Eye Color, French Violet, Eyeshadow Sticks, Ultra Creamy Formula, Lightweight, Buildable Formula, Lasts All Day, Smudge-Proof, 0.05oz</p><p>$8.98</p><a href="https://www.amazon.com/dp/B0CV5ZTFCR?tag=eloabder-20&linkCode=osi&th=1&psc=1">View Product</a></div><div class="product"><a href="https://www.amazon.com/dp/B0CXF99TNQ?tag=eloabder-20&linkCode=osi&th=1&psc=1"><img src="https://m.media-amazon.com/images/I/31kCYsLvwwL._SL500_.jpg" alt="Product Image"></a><p>L'Oreal Paris Makeup Paradise Le Shadow Stick Eyeshadow, Blendable, Smudge-Resistant, Cream Eyeshadow, 120 Magnetic Mauve (Shimmering Lavender Mauve), 0.05 Oz</p><p>$9.98</p><a href="https://www.amazon.com/dp/B0CXF99TNQ?tag=eloabder-20&linkCode=osi&th=1&psc=1">View Product</a></div>
<div class="product"><a href="https://www.amazon.com/dp/B0BG7MWNNN?tag=eloabder-20&linkCode=osi&th=1&psc=1"><img src="https://m.media-amazon.com/images/I/41E8W4N+FkL._SL500_.jpg" alt="Product Image"></a><p>Prime Prometics PrimeLash Mascara for Older Women – Volumizing, Incredible Length in 2 Coats – Long-Stay, Zero Clumps, Hypoallergenic (Brown)</p><p>$28.00</p><a href="https://www.amazon.com/dp/B0BG7MWNNN?tag=eloabder-20&linkCode=osi&th=1&psc=1">View Product</a></div><div class="product"><a href="https://www.amazon.com/dp/B00T0C9XRK?tag=eloabder-20&linkCode=osi&th=1&psc=1"><img src="https://m.media-amazon.com/images/I/41IP2ZEXFNL._SL500_.jpg" alt="Product Image"></a><p>essence | Lash Princess False Lash Effect Mascara | Volumizing & Lengthening | Cruelty Free & Paraben Free</p><p>$4.99 ($12.17 / Fl Oz )</p><a href="https://www.amazon.com/dp/B00T0C9XRK?tag=eloabder-20&linkCode=osi&th=1&psc=1">View Product</a></div><div class="product"><a href="https://www.amazon.com/dp/B01DPA6OHO?tag=eloabder-20&linkCode=osi&th=1&psc=1"><img src="https://m.media-amazon.com/images/I/31xGLWu4IKL._SL500_.jpg" alt="Product Image"></a><p>L'Oreal Paris Makeup Voluminous Lash Boosting Conditioning Primer Mascara, White Primer, 0.24 fl; oz.</p><p>$8.98</p><a href="https://www.amazon.com/dp/B01DPA6OHO?tag=eloabder-20&linkCode=osi&th=1&psc=1">View Product</a></div><div class="product"><a href="https://www.amazon.com/dp/B004BD107O?tag=eloabder-20&linkCode=osi&th=1&psc=1"><img src="https://m.media-amazon.com/images/I/31OWqsdljyL._SL500_.jpg" alt="Product Image"></a><p>L'Oreal Paris Makeup Telescopic Original Lengthening Mascara, Blackest Black, 0.27 Fl Oz (1 Count)</p><p>$10.99</p><a href="https://www.amazon.com/dp/B004BD107O?tag=eloabder-20&linkCode=osi&th=1&psc=1">View Product</a></div><div class="product"><a href="https://www.amazon.com/dp/B06XF2TR11?tag=eloabder-20&linkCode=osi&th=1&psc=1"><img src="https://m.media-amazon.com/images/I/31B6RR270IL._SL500_.jpg" alt="Product Image"></a><p>L'Oreal Paris Voluminous Makeup Lash Paradise Mascara, Voluptuous Volume, Intense Length, Feathery Soft Full Lashes, No Flaking, No Smudging, No Clumping, Blackest Black, 1 Count</p><p>$9.97</p><a href="https://www.amazon.com/dp/B06XF2TR11?tag=eloabder-20&linkCode=osi&th=1&psc=1">View Product</a></div><div class="product"><a href="https://www.amazon.com/dp/B00PFCT2R0?tag=eloabder-20&linkCode=osi&th=1&psc=1"><img src="https://m.media-amazon.com/images/I/31RyE6ZtDIL._SL500_.jpg" alt="Product Image"></a><p>Maybelline Lash Sensational Washable Mascara, Lengthening and Volumizing for a Full Fan Effect, Blackest Black, 1 Count</p><p>$9.09</p><a href="https://www.amazon.com/dp/B00PFCT2R0?tag=eloabder-20&linkCode=osi&th=1&psc=1">View Product</a></div><div class="product"><a href="https://www.amazon.com/dp/B08TPCHYLW?tag=eloabder-20&linkCode=osi&th=1&psc=1"><img src="https://m.media-amazon.com/images/I/31EWIaihEwL._SL500_.jpg" alt="Product Image"></a><p>Lancôme Lash Idôle Lash-Lifting & Volumizing Mascara - Black Mascara for Instant Volume, Length & Lift - Smudge Proof & Up To 24H Wear - Black</p><p>$30.00 ($111.11 / Fl Oz)</p><a href="https://www.amazon.com/dp/B08TPCHYLW?tag=eloabder-20&linkCode=osi&th=1&psc=1">View Product</a></div><div class="product"><a href="https://www.amazon.com/dp/B08M96YZN1?tag=eloabder-20&linkCode=osi&th=1&psc=1"><img src="https://m.media-amazon.com/images/I/31ByMmFi-qL._SL500_.jpg" alt="Product Image"></a><p>CoverGirl Lash Blast Clean Volume Mascara, Vegan Formula, Volumizing, Smudge-Proof, Cruelty Free, Very Black, 1 Count</p><p>$9.37</p><a href="https://www.amazon.com/dp/B08M96YZN1?tag=eloabder-20&linkCode=osi&th=1&psc=1">View Product</a></div>
<div class="product"><a href="https://www.amazon.com/dp/B0C9TXLWLY?tag=eloabder-20&linkCode=osi&th=1&psc=1"><img src="https://m.media-amazon.com/images/I/31-5KVw5KDL._SL500_.jpg" alt="Product Image"></a><p>PRIME PROMETICS PrimeEyes Glide Eyeliner for Mature Women – Water-Resistant, Long-Stay and Mess-Proof – Gel Cream Texture, Discreet Sharpener and Effective Smudger (Black)</p><p>$28.00 ($28.00 / Count)</p><a href="https://www.amazon.com/dp/B0C9TXLWLY?tag=eloabder-20&linkCode=osi&th=1&psc=1">View Product</a></div><div class="product"><a href="https://www.amazon.com/dp/B07MWSXPT1?tag=eloabder-20&linkCode=osi&th=1&psc=1"><img src="https://m.media-amazon.com/images/I/315xthaPi6L._SL500_.jpg" alt="Product Image"></a><p>e.l.f. No Budge Retractable Eyeliner, Creamy, Ultra-Pigmented & Waterproof, Creates Bold & Defined Lines, Vegan & Cruelty-Free, Black 0.006 Oz</p><p>$4.00</p><a href="https://www.amazon.com/dp/B07MWSXPT1?tag=eloabder-20&linkCode=osi&th=1&psc=1">View Product</a></div><div class="product"><a href="https://www.amazon.com/dp/B074Y8LM6T?tag=eloabder-20&linkCode=osi&th=1&psc=1"><img src="https://m.media-amazon.com/images/I/316blXt1KxL._SL500_.jpg" alt="Product Image"></a><p>NYX PROFESSIONAL MAKEUP Epic Ink Liner, Waterproof Liquid Eyeliner - Black, Vegan Formula</p><p>$8.06</p><a href="https://www.amazon.com/dp/B074Y8LM6T?tag=eloabder-20&linkCode=osi&th=1&psc=1">View Product</a></div><div class="product"><a href="https://www.amazon.com/dp/B01J1A3TFW?tag=eloabder-20&linkCode=osi&th=1&psc=1"><img src="https://m.media-amazon.com/images/I/51z42sdOArL._SL500_.jpg" alt="Product Image"></a><p>Revlon Pencil Eyeliner, ColorStay Eye Makeup with Built-in Sharpener, Waterproof, Smudge-proof, Longwearing with Ultra-Fine Tip, 201 Black, 2 count (Pack of 1)</p><p>$11.38</p><a href="https://www.amazon.com/dp/B01J1A3TFW?tag=eloabder-20&linkCode=osi&th=1&psc=1">View Product</a></div><div class="product"><a href="https://www.amazon.com/dp/B07W8JJ61X?tag=eloabder-20&linkCode=osi&th=1&psc=1"><img src="https://m.media-amazon.com/images/I/31wj5vRROwL._SL500_.jpg" alt="Product Image"></a><p>Maybelline Hyper Easy Liquid Pen No-Skip Eyeliner, Satin Finish, Waterproof Formula, Pitch Black, 0.018 Fl Oz</p><p>$8.38</p><a href="https://www.amazon.com/dp/B07W8JJ61X?tag=eloabder-20&linkCode=osi&th=1&psc=1">View Product</a></div><div class="product"><a href="https://www.amazon.com/dp/B005G9E9FW?tag=eloabder-20&linkCode=osi&th=1&psc=1"><img src="https://m.media-amazon.com/images/I/51poZdEojrL._SL500_.jpg" alt="Product Image"></a><p>NYX PROFESSIONAL MAKEUP Vivid Rich Mechanical Eye Pencil, Vivid Rich Mechanical, Creamy Retractable Eyeliner - Smokin Topaz, Brown Eyeliner</p><p>$6.00</p><a href="https://www.amazon.com/dp/B005G9E9FW?tag=eloabder-20&linkCode=osi&th=1&psc=1">View Product</a></div><div class="product"><a href="https://www.amazon.com/dp/B07NX61ZHN?tag=eloabder-20&linkCode=osi&th=1&psc=1"><img src="https://m.media-amazon.com/images/I/31kQNTwJazL._SL500_.jpg" alt="Product Image"></a><p>Rimmel London exaggerate auto waterproof eye definer in blackest black, 2 Count</p><p>$6.97</p><a href="https://www.amazon.com/dp/B07NX61ZHN?tag=eloabder-20&linkCode=osi&th=1&psc=1">View Product</a></div><div class="product"><a href="https://www.amazon.com/dp/B0BQWT8R9K?tag=eloabder-20&linkCode=osi&th=1&psc=1"><img src="https://m.media-amazon.com/images/I/31F1asQuosL._SL500_.jpg" alt="Product Image"></a><p>wet n wild Breakup Proof Liquid Eyeliner - Ultra-Fine Brush, Waterproof, Long-Lasting - Cruelty-Free & Vegan - Ultra Black</p><p>$4.04</p><a href="https://www.amazon.com/dp/B0BQWT8R9K?tag=eloabder-20&linkCode=osi&th=1&psc=1">View Product</a></div><div class="product"><a href="https://www.amazon.com/dp/B082YPRCMM?tag=eloabder-20&linkCode=osi&th=1&psc=1"><img src="https://m.media-amazon.com/images/I/317ubI9GTBL._SL500_.jpg" alt="Product Image"></a><p>wet n wild Mega Last Breakup Proof Eyeliner, Quick Drying, Waterproof, 16-Hour Wear - Cruelty-Free & Vegan - Blackest Black</p><p>$2.28</p><a href="https://www.amazon.com/dp/B082YPRCMM?tag=eloabder-20&linkCode=osi&th=1&psc=1">View Product</a></div><div class="product"><a href="https://www.amazon.com/dp/B07GX832KD?tag=eloabder-20&linkCode=osi&th=1&psc=1"><img src="https://m.media-amazon.com/images/I/315wR2F58-L._SL500_.jpg" alt="Product Image"></a><p>Maybelline TattooStudio Long-Lasting Sharpenable Eyeliner Pencil, Glide on Smooth Gel Pigments with 36 Hour Wear, Waterproof, Deep Onyx, 1 Count</p><p>$6.66</p><a href="https://www.amazon.com/dp/B07GX832KD?tag=eloabder-20&linkCode=osi&th=1&psc=1">View Product</a></div>
<div class="product"><a href="https://www.amazon.com/dp/B09T8DQ1SG?tag=eloabder-20&linkCode=osi&th=1&psc=1"><img src="https://m.media-amazon.com/images/I/41gpuwrIhOL._SL500_.jpg" alt="Product Image"></a><p>Maybelline Super Stay Vinyl Ink Longwear No-Budge Liquid Lipcolor Makeup, Highly Pigmented Color and Instant Shine, Royal, Deep Wine Red Lipstick, 0.14 fl oz, 1 Count</p><p>$9.82</p><a href="https://www.amazon.com/dp/B09T8DQ1SG?tag=eloabder-20&linkCode=osi&th=1&psc=1">View Product</a></div><div class="product"><a href="https://www.amazon.com/dp/B004BCTEF0?tag=eloabder-20&linkCode=osi&th=1&psc=1"><img src="https://m.media-amazon.com/images/I/31G9f-P8tML._SL500_.jpg" alt="Product Image"></a><p>L’Oréal Paris Colour Riche Original Creamy, Hydrating Satin Lipstick with Argan Oil and Vitamin E, Saucy Mauve , 1 Count</p><p>$6.71</p><a href="https://www.amazon.com/dp/B004BCTEF0?tag=eloabder-20&linkCode=osi&th=1&psc=1">View Product</a></div><div class="product"><a href="https://www.amazon.com/dp/B08H4FSGDX?tag=eloabder-20&linkCode=osi&th=1&psc=1"><img src="https://m.media-amazon.com/images/I/31OAiyoloML._SL500_.jpg" alt="Product Image"></a><p>Maybelline Super Stay Matte Ink Liquid Lipstick Makeup, Long Lasting High Impact Color, Up to 16H Wear, Exhilarator, Ruby Red, 1 Count</p><p>$9.18</p><a href="https://www.amazon.com/dp/B08H4FSGDX?tag=eloabder-20&linkCode=osi&th=1&psc=1">View Product</a></div><div class="product"><a href="https://www.amazon.com/dp/B07XTTDTWR?tag=eloabder-20&linkCode=osi&th=1&psc=1"><img src="https://m.media-amazon.com/images/I/31M4QldCq3L._SL500_.jpg" alt="Product Image"></a><p>REVLON Lipstick, Super Lustrous Lipstick, Creamy Formula For Soft, Fuller-Looking Lips, Moisturized Feel in Nudes & Browns, Bare It All (755) 0.15 oz</p><p>$6.48</p><a href="https://www.amazon.com/dp/B07XTTDTWR?tag=eloabder-20&linkCode=osi&th=1&psc=1">View Product</a></div><div class="product"><a href="https://www.amazon.com/dp/B079KFP7NT?tag=eloabder-20&linkCode=osi&th=1&psc=1"><img src="https://m.media-amazon.com/images/I/41Ih8G0FSmL._SL500_.jpg" alt="Product Image"></a><p>wet n wild Silk Finish Lipstick, Hydrating Rich Buildable Lip Color, Formulated with Vitamins A,E, & Macadamia for Ultimate Hydration, Cruelty-Free & Vegan - Raging Red</p><p>$1.29</p><a href="https://www.amazon.com/dp/B079KFP7NT?tag=eloabder-20&linkCode=osi&th=1&psc=1">View Product</a></div><div class="product"><a href="https://www.amazon.com/dp/B002F3R44K?tag=eloabder-20&linkCode=osi&th=1&psc=1"><img src="https://m.media-amazon.com/images/I/41-gXIE96GL._SL500_.jpg" alt="Product Image"></a><p>Revlon Lipstick, Super Lustrous Lipstick, Creamy Formula For Soft, Fuller-Looking Lips, Moisturized Feel in Pinks, Pink In The Afternoon (415) 0.15 oz</p><p>$6.48</p><a href="https://www.amazon.com/dp/B002F3R44K?tag=eloabder-20&linkCode=osi&th=1&psc=1">View Product</a></div><div class="product"><a href="https://www.amazon.com/dp/B001LFER98?tag=eloabder-20&linkCode=osi&th=1&psc=1"><img src="https://m.media-amazon.com/images/I/41wezVKuIoL._SL500_.jpg" alt="Product Image"></a><p>REVLON Lipstick, Super Lustrous Lipstick, Creamy Formula For Soft, Fuller-Looking Lips, Moisturized Feel in Reds & Corals, Peach Me (628) 0.15 oz</p><p>$4.99</p><a href="https://www.amazon.com/dp/B001LFER98?tag=eloabder-20&linkCode=osi&th=1&psc=1">View Product</a></div><div class="product"><a href="https://www.amazon.com/dp/B082YQ2978?tag=eloabder-20&linkCode=osi&th=1&psc=1"><img src="https://m.media-amazon.com/images/I/31QsMhXUSeL._SL500_.jpg" alt="Product Image"></a><p>wet n wild Mega Last High-Shine Lipstick Lip Color, Infused with Seed Oils For a Nourishing High-Shine, Buildable & Blendable Creamy Color, Cruelty-Free & Vegan - Mad for Mauve</p><p>$2.28</p><a href="https://www.amazon.com/dp/B082YQ2978?tag=eloabder-20&linkCode=osi&th=1&psc=1">View Product</a></div>
<div class="product"><a href="https://www.amazon.com/dp/B09SP2XHKT?tag=eloabder-20&linkCode=osi&th=1&psc=1"><img src="https://m.media-amazon.com/images/I/31KGrScgA8L._SL500_.jpg" alt="Product Image"></a><p>NYX PROFESSIONAL MAKEUP Butter Gloss, Non-Sticky Lip Gloss - Sugar Glass (Clear)</p><p>$5.99</p><a href="https://www.amazon.com/dp/B09SP2XHKT?tag=eloabder-20&linkCode=osi&th=1&psc=1">View Product</a></div><div class="product"><a href="https://www.amazon.com/dp/B08GSTZ7ZW?tag=eloabder-20&linkCode=osi&th=1&psc=1"><img src="https://m.media-amazon.com/images/I/41nPuTtXVgL._SL500_.jpg" alt="Product Image"></a><p>Ruby Kisses Broadway Vita-Lip Clear Lip Gloss - Moisturizing, Hydrating, Nourishing with Mint, Rosehip, Coconut, Mango, Argan, Honey & Shea</p><p>$7.99 ($2.12 / Ounce)</p><a href="https://www.amazon.com/dp/B08GSTZ7ZW?tag=eloabder-20&linkCode=osi&th=1&psc=1">View Product</a></div><div class="product"><a href="https://www.amazon.com/dp/B015RPE14S?tag=eloabder-20&linkCode=osi&th=1&psc=1"><img src="https://m.media-amazon.com/images/I/31FRC3fz7EL._SL500_.jpg" alt="Product Image"></a><p>L.A. Colors High Shine Shea Butter Lip Gloss, Clear, 0.14 Ounce</p><p>$1.98</p><a href="https://www.amazon.com/dp/B015RPE14S?tag=eloabder-20&linkCode=osi&th=1&psc=1">View Product</a></div><div class="product"><a href="https://www.amazon.com/dp/B00Q26VWZI?tag=eloabder-20&linkCode=osi&th=1&psc=1"><img src="https://m.media-amazon.com/images/I/31Bqig96T0L._SL500_.jpg" alt="Product Image"></a><p>Rimmel Stay Glossy Lip Gloss - Non-Sticky and Lightweight Formula for Lip Color and Shine - 130 Blushing Belgraves, .18oz</p><p>$4.32</p><a href="https://www.amazon.com/dp/B00Q26VWZI?tag=eloabder-20&linkCode=osi&th=1&psc=1">View Product</a></div><div class="product"><a href="https://www.amazon.com/dp/B0C1MH8R2M?tag=eloabder-20&linkCode=osi&th=1&psc=1"><img src="https://m.media-amazon.com/images/I/31adT7DtBYL._SL500_.jpg" alt="Product Image"></a><p>Maybelline New York Lifter Gloss Hydrating Lip Gloss with Hyaluronic Acid, Gummy Bear, Sheer Light Pink, 1 Count</p><p>$8.98</p><a href="https://www.amazon.com/dp/B0C1MH8R2M?tag=eloabder-20&linkCode=osi&th=1&psc=1">View Product</a></div><div class="product"><a href="https://www.amazon.com/dp/B01N1ZC8JZ?tag=eloabder-20&linkCode=osi&th=1&psc=1"><img src="https://m.media-amazon.com/images/I/41fsaqWz6SL._SL500_.jpg" alt="Product Image"></a><p>Broadway Vita-Lip Clear Lip Gloss 0.47oz/14ml (5PCS Mint & Coconut & Rosehip & Mango Butter & Argan Oil) (5 PCS SET)</p><p>$5.99</p><a href="https://www.amazon.com/dp/B01N1ZC8JZ?tag=eloabder-20&linkCode=osi&th=1&psc=1">View Product</a></div><div class="product"><a href="https://www.amazon.com/dp/B07DY2QRF6?tag=eloabder-20&linkCode=osi&th=1&psc=1"><img src="https://m.media-amazon.com/images/I/31qXrVfhvCL._SL500_.jpg" alt="Product Image"></a><p>LANEIGE Lip Glowy Balm Berry: Hydrate, Glossy, Lightweight, Moisturize & Tint with Shea Butter</p><p>$19.00 ($54.29 / Ounce)</p><a href="https://www.amazon.com/dp/B07DY2QRF6?tag=eloabder-20&linkCode=osi&th=1&psc=1">View Product</a></div><div class="product"><a href="https://www.amazon.com/dp/B09DMGWJKY?tag=eloabder-20&linkCode=osi&th=1&psc=1"><img src="https://m.media-amazon.com/images/I/41nIFmIKHRL._SL500_.jpg" alt="Product Image"></a><p>Broadway Vita-Lip Clear Lip Gloss Moisturizing Hydrating Nourishing Long Lasting High Shine Glossy Lip Care Gloss 0.47oz/14ml (10 PCS SET)</p><p>$9.99</p><a href="https://www.amazon.com/dp/B09DMGWJKY?tag=eloabder-20&linkCode=osi&th=1&psc=1">View Product</a></div><div class="product"><a href="https://www.amazon.com/dp/B0BSR85M24?tag=eloabder-20&linkCode=osi&th=1&psc=1"><img src="https://m.media-amazon.com/images/I/31eKHNoE3KL._SL500_.jpg" alt="Product Image"></a><p>e.l.f. Lip Lacquer, Nourishing, Non-Sticky Ultra-Shine Lip Gloss With Sheer Color, Infused With Vitamins A & E, Vegan & Cruelty-Free, Whisper Pink</p><p>$3.00</p><a href="https://www.amazon.com/dp/B0BSR85M24?tag=eloabder-20&linkCode=osi&th=1&psc=1">View Product</a></div><div class="product"><a href="https://www.amazon.com/dp/B081C6PXZJ?tag=eloabder-20&linkCode=osi&th=1&psc=1"><img src="https://m.media-amazon.com/images/I/51+emO79aqL._SL500_.jpg" alt="Product Image"></a><p>NICKA K NEW YORK VARIETY SET OF 5 NK Hydrating Lip Gel - Vitamin E (Clear, Rosehip Oil, Bubble Gum, Cherry, Strawberry)</p><p>$5.43</p><a href="https://www.amazon.com/dp/B081C6PXZJ?tag=eloabder-20&linkCode=osi&th=1&psc=1">View Product</a></div>
<div class="product"><a href="https://www.amazon.com/dp/B07PNCB73M?tag=eloabder-20&linkCode=osi&th=1&psc=1"><img src="https://m.media-amazon.com/images/I/41+KYSFOLML._SL500_.jpg" alt="Product Image"></a><p>Milani Baked Blush - Petal Primavera (0.12 Ounce) Cruelty-Free Powder Blush - Shape, Contour & Highlight Face for a Shimmery or Matte Finish</p><p>$8.97</p><a href="https://www.amazon.com/dp/B07PNCB73M?tag=eloabder-20&linkCode=osi&th=1&psc=1">View Product</a></div><div class="product"><a href="https://www.amazon.com/dp/B0CZ5HLDK9?tag=eloabder-20&linkCode=osi&th=1&psc=1"><img src="https://m.media-amazon.com/images/I/41rZu1cS8QL._SL500_.jpg" alt="Product Image"></a><p>NYX PROFESSIONAL MAKEUP Buttermelt Powder Blush, Fade and Transfer-Resistant Blush, Up to 12HR Make Up Wear, Vegan Formula - For The Butta</p><p>$9.97</p><a href="https://www.amazon.com/dp/B0CZ5HLDK9?tag=eloabder-20&linkCode=osi&th=1&psc=1">View Product</a></div><div class="product"><a href="https://www.amazon.com/dp/B0CPFYGNR7?tag=eloabder-20&linkCode=osi&th=1&psc=1"><img src="https://m.media-amazon.com/images/I/31EJvMa7jyL._SL500_.jpg" alt="Product Image"></a><p>e.l.f. Camo Liquid Blush, Long-lasting Liquid Blush For High-pigment Color, Creates A Soft, Dewy Finish, Vegan & Cruelty-free, Dusty Rosé</p><p>$7.00</p><a href="https://www.amazon.com/dp/B0CPFYGNR7?tag=eloabder-20&linkCode=osi&th=1&psc=1">View Product</a></div><div class="product"><a href="https://www.amazon.com/dp/B06XDNPXD1?tag=eloabder-20&linkCode=osi&th=1&psc=1"><img src="https://m.media-amazon.com/images/I/41IryPTf51L._SL500_.jpg" alt="Product Image"></a><p>Maybelline Fit Me Powder Blush, Lightweight, Smooth, Blendable, Long-lasting All-Day Face Enhancing Makeup Color, Mauve, 1 Count</p><p>$4.62</p><a href="https://www.amazon.com/dp/B06XDNPXD1?tag=eloabder-20&linkCode=osi&th=1&psc=1">View Product</a></div><div class="product"><a href="https://www.amazon.com/dp/B082YPNTZ4?tag=eloabder-20&linkCode=osi&th=1&psc=1"><img src="https://m.media-amazon.com/images/I/41vtXkWXs8L._SL500_.jpg" alt="Product Image"></a><p>wet n wild Color Icon Blush, Effortless Glow & Seamless Blend infused with Luxuriously Smooth Jojoba Oil, Sheer Finish with a Matte Natural Glow, Cruelty-Free & Vegan - Pinch Me Pink</p><p>$3.28</p><a href="https://www.amazon.com/dp/B082YPNTZ4?tag=eloabder-20&linkCode=osi&th=1&psc=1">View Product</a></div><div class="product"><a href="https://www.amazon.com/dp/B0CPFWJJQJ?tag=eloabder-20&linkCode=osi&th=1&psc=1"><img src="https://m.media-amazon.com/images/I/41+GdEwyGqL._SL500_.jpg" alt="Product Image"></a><p>e.l.f. Primer-Infused Matte Blush, Long-Lasting, Lightweight & Buildable Powder Blush, Delivers A Matte Finish, Vegan & Cruelty-Free, Always Crushing</p><p>$7.00</p><a href="https://www.amazon.com/dp/B0CPFWJJQJ?tag=eloabder-20&linkCode=osi&th=1&psc=1">View Product</a></div><div class="product"><a href="https://www.amazon.com/dp/B0B64GX5LN?tag=eloabder-20&linkCode=osi&th=1&psc=1"><img src="https://m.media-amazon.com/images/I/31aZBeyUSsL._SL500_.jpg" alt="Product Image"></a><p>LAURA GELLER NEW YORK Serum Blush Tint, Lightweight Liquid Blush for Cheeks, Weightless Watercolor Sheer Finish, Practical Pink</p><p>$15.74</p><a href="https://www.amazon.com/dp/B0B64GX5LN?tag=eloabder-20&linkCode=osi&th=1&psc=1">View Product</a></div><div class="product"><a href="https://www.amazon.com/dp/B00J56D0G6?tag=eloabder-20&linkCode=osi&th=1&psc=1"><img src="https://m.media-amazon.com/images/I/31MVN0QAhfL._SL500_.jpg" alt="Product Image"></a><p>e.l.f. Cosmetics Powder Blush Palette, Four Blush Shades for Beautiful, Long-Lasting Pigment, Light</p><p>$6.00</p><a href="https://www.amazon.com/dp/B00J56D0G6?tag=eloabder-20&linkCode=osi&th=1&psc=1">View Product</a></div><div class="product"><a href="https://www.amazon.com/dp/B0BHFBBH25?tag=eloabder-20&linkCode=osi&th=1&psc=1"><img src="https://m.media-amazon.com/images/I/31uqOuPPf5L._SL500_.jpg" alt="Product Image"></a><p>SHEGLAM Color Bloom Liquid Blush Makeup for Cheeks Matte Finish - Love Cake</p><p>$6.99</p><a href="https://www.amazon.com/dp/B0BHFBBH25?tag=eloabder-20&linkCode=osi&th=1&psc=1">View Product</a></div><div class="product"><a href="https://www.amazon.com/dp/B07J47FHR1?tag=eloabder-20&linkCode=osi&th=1&psc=1"><img src="https://m.media-amazon.com/images/I/41Xyor9x2SL._SL500_.jpg" alt="Product Image"></a><p>Nars Blush in ORGASM Full Size 0.16 oz. / 4.8 g in Retail Box New Edition</p><p>$22.00</p><a href="https://www.amazon.com/dp/B07J47FHR1?tag=eloabder-20&linkCode=osi&th=1&psc=1">View Product</a></div>
<div class="product"><a href="https://www.amazon.com/dp/B018B8Q5Z6?tag=eloabder-20&linkCode=osi&th=1&psc=1"><img src="https://m.media-amazon.com/images/I/41D9ZHQRaSL._SL500_.jpg" alt="Product Image"></a><p>Physicians Formula Murumuru Butter Bronzer, Moisturizing, Nourishing Murumuru Butter Blend for Silky All-Day Luminous Glow, Dermatologist Tested, Hypoallergenic, Vegan & Cruelty-Free -Bronzer</p><p>$12.15</p><a href="https://www.amazon.com/dp/B018B8Q5Z6?tag=eloabder-20&linkCode=osi&th=1&psc=1">View Product</a></div><div class="product"><a href="https://www.amazon.com/dp/B001B0H82Q?tag=eloabder-20&linkCode=osi&th=1&psc=1"><img src="https://m.media-amazon.com/images/I/41I3B-YoLkL._SL500_.jpg" alt="Product Image"></a><p>Rimmel London Natural - 022 Sun Bronze - Bronzer, Matte Finish, 0.49oz</p><p>$3.97</p><a href="https://www.amazon.com/dp/B001B0H82Q?tag=eloabder-20&linkCode=osi&th=1&psc=1">View Product</a></div><div class="product"><a href="https://www.amazon.com/dp/B0BM5HX7DN?tag=eloabder-20&linkCode=osi&th=1&psc=1"><img src="https://m.media-amazon.com/images/I/41DwoHQgzsL._SL500_.jpg" alt="Product Image"></a><p>Benefit Hoola Matte Bronzer Mini 0.08 Ounce</p><p>$17.92</p><a href="https://www.amazon.com/dp/B0BM5HX7DN?tag=eloabder-20&linkCode=osi&th=1&psc=1">View Product</a></div><div class="product"><a href="https://www.amazon.com/dp/B07M7NGVW7?tag=eloabder-20&linkCode=osi&th=1&psc=1"><img src="https://m.media-amazon.com/images/I/51dvod9PjTL._SL500_.jpg" alt="Product Image"></a><p>wet n wild Color Icon Bronzer What Shady Beaches</p><p>$2.96</p><a href="https://www.amazon.com/dp/B07M7NGVW7?tag=eloabder-20&linkCode=osi&th=1&psc=1">View Product</a></div><div class="product"><a href="https://www.amazon.com/dp/B0CPFVTY7M?tag=eloabder-20&linkCode=osi&th=1&psc=1"><img src="https://m.media-amazon.com/images/I/41rO68Q0mlL._SL500_.jpg" alt="Product Image"></a><p>e.l.f. Primer-Infused Bronzer, Long-Lasting, Lightweight & Buildable Powder Bronzer, Delivers A Matte Finish, Vegan & Cruelty-Free, Fresh Tan</p><p>$7.00</p><a href="https://www.amazon.com/dp/B0CPFVTY7M?tag=eloabder-20&linkCode=osi&th=1&psc=1">View Product</a></div><div class="product"><a href="https://www.amazon.com/dp/B07ZR187P5?tag=eloabder-20&linkCode=osi&th=1&psc=1"><img src="https://m.media-amazon.com/images/I/410nkMFZLYL._SL500_.jpg" alt="Product Image"></a><p>e.l.f. Primer-infused Bronzer, Long-Wear, Matte, Bold, Lightweight, Blends Easily, Contours Cheeks, Forever Sun Kissed, All-Day Wear, 0.35 Oz</p><p>$7.00 ($20.00 / Ounce)</p><a href="https://www.amazon.com/dp/B07ZR187P5?tag=eloabder-20&linkCode=osi&th=1&psc=1">View Product</a></div><div class="product"><a href="https://www.amazon.com/dp/B00518N3VE?tag=eloabder-20&linkCode=osi&th=1&psc=1"><img src="https://m.media-amazon.com/images/I/41SzIseWK6L._SL500_.jpg" alt="Product Image"></a><p>Milani Baked Bronzer - Glow, Cruelty-Free Shimmer Bronzing Powder to Use For Contour Makeup, Highlighters Makeup, Bronzer Makeup, 0.25 Ounce</p><p>$9.97 ($39.88 / Ounce)</p><a href="https://www.amazon.com/dp/B00518N3VE?tag=eloabder-20&linkCode=osi&th=1&psc=1">View Product</a></div><div class="product"><a href="https://www.amazon.com/dp/B0CNTYPSSZ?tag=eloabder-20&linkCode=osi&th=1&psc=1"><img src="https://m.media-amazon.com/images/I/416D4Z7hQ8L._SL500_.jpg" alt="Product Image"></a><p>Milani Cheek Kiss Cream Bronzer-110 Hey Honey</p><p>$9.97</p><a href="https://www.amazon.com/dp/B0CNTYPSSZ?tag=eloabder-20&linkCode=osi&th=1&psc=1">View Product</a></div><div class="product"><a href="https://www.amazon.com/dp/B006WZ9O72?tag=eloabder-20&linkCode=osi&th=1&psc=1"><img src="https://m.media-amazon.com/images/I/51rDNo9JnqL._SL500_.jpg" alt="Product Image"></a><p>Physicians Formula Bronze Booster Glow-Boosting Season-to-Season, Customizable Seasonal Glow Glow, Lasting Tan Boost, Hypoallergenic Powder, Cruelty-Free & Hypoallergenic- Light-to-Medium</p><p>$12.98</p><a href="https://www.amazon.com/dp/B006WZ9O72?tag=eloabder-20&linkCode=osi&th=1&psc=1">View Product</a></div>
<div class="product"><a href="https://www.amazon.com/dp/B09288DSSX?tag=eloabder-20&linkCode=osi&th=1&psc=1"><img src="https://m.media-amazon.com/images/I/417z6evbmhL._SL500_.jpg" alt="Product Image"></a><p>KYDA Face Highlighter Palette, High Glossy Face Illuminator Palette, Narutal Glow Finish, Pearl Shimmer Smooth Baked Powder, Lasting Sparkling Highlighter Makeup-SUN GLOW</p><p>$9.99</p><a href="https://www.amazon.com/dp/B09288DSSX?tag=eloabder-20&linkCode=osi&th=1&psc=1">View Product</a></div><div class="product"><a href="https://www.amazon.com/dp/B082YPL2SV?tag=eloabder-20&linkCode=osi&th=1&psc=1"><img src="https://m.media-amazon.com/images/I/51Y+MCkwArL._SL500_.jpg" alt="Product Image"></a><p>Wet n Wild MegaGlo Blushlighter, Blendable Blush & Highlighter Set, Shimmery Metallic Finish, Highlight Bling</p><p>$5.47</p><a href="https://www.amazon.com/dp/B082YPL2SV?tag=eloabder-20&linkCode=osi&th=1&psc=1">View Product</a></div><div class="product"><a href="https://www.amazon.com/dp/B0C41PSDZF?tag=eloabder-20&linkCode=osi&th=1&psc=1"><img src="https://m.media-amazon.com/images/I/41FLNU-tL-L._SL500_.jpg" alt="Product Image"></a><p>NYX PROFESSIONAL MAKEUP, Jumbo Multi-Use Face Highlighter Stick - Vanilla Ice Cream</p><p>$7.97</p><a href="https://www.amazon.com/dp/B0C41PSDZF?tag=eloabder-20&linkCode=osi&th=1&psc=1">View Product</a></div><div class="product"><a href="https://www.amazon.com/dp/B0C6V67KJW?tag=eloabder-20&linkCode=osi&th=1&psc=1"><img src="https://m.media-amazon.com/images/I/31Yh8b8JEjL._SL500_.jpg" alt="Product Image"></a><p>e.l.f. Halo Glow Highlight Beauty Wand, Liquid Highlighter Wand For Luminous, Glowing Skin, Buildable Formula, Vegan & Cruelty-free,Champagne Campaign</p><p>$9.00</p><a href="https://www.amazon.com/dp/B0C6V67KJW?tag=eloabder-20&linkCode=osi&th=1&psc=1">View Product</a></div><div class="product"><a href="https://www.amazon.com/dp/B073WMG59J?tag=eloabder-20&linkCode=osi&th=1&psc=1"><img src="https://m.media-amazon.com/images/I/51fz8bpJNNL._SL500_.jpg" alt="Product Image"></a><p>wet n wild MegaGlo Highlighting Powder, Highlighter Makeup, Shimmer Glow, Pink Rose Gold Blossom Glow</p><p>$5.41</p><a href="https://www.amazon.com/dp/B073WMG59J?tag=eloabder-20&linkCode=osi&th=1&psc=1">View Product</a></div><div class="product"><a href="https://www.amazon.com/dp/B07QPY11KY?tag=eloabder-20&linkCode=osi&th=1&psc=1"><img src="https://m.media-amazon.com/images/I/312T7p8cW6L._SL500_.jpg" alt="Product Image"></a><p>Revolution Beauty, Reloaded Pressed Powder Highlighter, Intensely Pigmented for a High Impact Dewy Finish, Dare To Divulge, 0.22 Oz.</p><p>$6.91</p><a href="https://www.amazon.com/dp/B07QPY11KY?tag=eloabder-20&linkCode=osi&th=1&psc=1">View Product</a></div><div class="product"><a href="https://www.amazon.com/dp/B074PTZCNW?tag=eloabder-20&linkCode=osi&th=1&psc=1"><img src="https://m.media-amazon.com/images/I/31btEAGukiL._SL500_.jpg" alt="Product Image"></a><p>L'Oreal Paris Makeup True Match Lumi Glotion, Natural Glow Enhancer, Illuminator Highlighter Skin Tint, for an All Day Radiant Glow, Light, 1.35 Ounces</p><p>$12.81</p><a href="https://www.amazon.com/dp/B074PTZCNW?tag=eloabder-20&linkCode=osi&th=1&psc=1">View Product</a></div><div class="product"><a href="https://www.amazon.com/dp/B075K784FK?tag=eloabder-20&linkCode=osi&th=1&psc=1"><img src="https://m.media-amazon.com/images/I/51q6Nf009iL._SL500_.jpg" alt="Product Image"></a><p>Physicians Formula Murumuru Butter Highlighter Makeup Face Powder Make Up, Pearl, Dermatologist Approved</p><p>$10.00</p><a href="https://www.amazon.com/dp/B075K784FK?tag=eloabder-20&linkCode=osi&th=1&psc=1">View Product</a></div><div class="product"><a href="https://www.amazon.com/dp/B0BD9HYBKD?tag=eloabder-20&linkCode=osi&th=1&psc=1"><img src="https://m.media-amazon.com/images/I/319tXl8nMUL._SL500_.jpg" alt="Product Image"></a><p>LAURA GELLER NEW YORK Baked Natural Glow Highlighter Radiance Enhancing Makeup, French Vanilla</p><p>$18.99</p><a href="https://www.amazon.com/dp/B0BD9HYBKD?tag=eloabder-20&linkCode=osi&th=1&psc=1">View Product</a></div><div class="product"><a href="https://www.amazon.com/dp/B083574V27?tag=eloabder-20&linkCode=osi&th=1&psc=1"><img src="https://m.media-amazon.com/images/I/41fyFVpDrXL._SL500_.jpg" alt="Product Image"></a><p>Milani Baked Highlighter (Dolce Perla) - Cruelty-Free Powder Highlighter, Highlight Face for a Shimmery or Matte Finish</p><p>$10.97 ($39.18 / Ounce)</p><a href="https://www.amazon.com/dp/B083574V27?tag=eloabder-20&linkCode=osi&th=1&psc=1">View Product</a></div>
<div class="product"><a href="https://www.amazon.com/dp/B0CMHSNYG8?tag=eloabder-20&linkCode=osi&th=1&psc=1"><img src="https://m.media-amazon.com/images/I/51iVcKQ6eIL._SL500_.jpg" alt="Product Image"></a><p>JODSONE Gel Nail Set 20 Colors High Shine Gorgeous Gel Polish Base Top Matte Coat Nice Gifts Show Charm</p><p>$19.99</p><a href="https://www.amazon.com/dp/B0CMHSNYG8?tag=eloabder-20&linkCode=osi&th=1&psc=1">View Product</a></div><div class="product"><a href="https://www.amazon.com/dp/B09KC56289?tag=eloabder-20&linkCode=osi&th=1&psc=1"><img src="https://m.media-amazon.com/images/I/51M-P1nM7QL._SL500_.jpg" alt="Product Image"></a><p>JODSONE 36 PCS Gel Nail Polish Set-32 Colors Gel Polish Kit Base Coat Glossy Matte and Glitter Top Coat Nail Polish Set Green Blue Red Pink Collection Gifts for Women</p><p>$25.99</p><a href="https://www.amazon.com/dp/B09KC56289?tag=eloabder-20&linkCode=osi&th=1&psc=1">View Product</a></div><div class="product"><a href="https://www.amazon.com/dp/B00GXVVDG0?tag=eloabder-20&linkCode=osi&th=1&psc=1"><img src="https://m.media-amazon.com/images/I/21vF-y2FfJL._SL500_.jpg" alt="Product Image"></a><p>Essie Nail Polish, Salon-Quality, 8-free Vegan, Finish, Mademoiselle, 0.46 Ounces (Packaging May Vary) Sheer Pink</p><p>$8.99</p><a href="https://www.amazon.com/dp/B00GXVVDG0?tag=eloabder-20&linkCode=osi&th=1&psc=1">View Product</a></div><div class="product"><a href="https://www.amazon.com/dp/B0987JZSP8?tag=eloabder-20&linkCode=osi&th=1&psc=1"><img src="https://m.media-amazon.com/images/I/31VZYZfCKbL._SL500_.jpg" alt="Product Image"></a><p>OPI Nature Strong Vegan Nail Polish, Knowledge is Flower, Pink Nail Polish, Natural Origin, Cruelty-Free Nail Lacquer, 0.5 fl oz.</p><p>$12.99 ($25.98 / Fl Oz)</p><a href="https://www.amazon.com/dp/B0987JZSP8?tag=eloabder-20&linkCode=osi&th=1&psc=1">View Product</a></div><div class="product"><a href="https://www.amazon.com/dp/B0CYLRWVVF?tag=eloabder-20&linkCode=osi&th=1&psc=1"><img src="https://m.media-amazon.com/images/I/51G1EY8ny6L._SL500_.jpg" alt="Product Image"></a><p>modelones Pearl Nail Polish 6 Colors Shimmer Pearl White Pink Mermaid Purple Nail Polish Set Summer Quick Dry Nail Polish Finger Nail Polish Bulk Manicure Diy Nail Art Salon Home Gift For Women Girl</p><p>$12.99</p><a href="https://www.amazon.com/dp/B0CYLRWVVF?tag=eloabder-20&linkCode=osi&th=1&psc=1">View Product</a></div>
<div class="product"><a href="https://www.amazon.com/dp/B005HGWGVS?tag=eloabder-20&linkCode=osi&th=1&psc=1"><img src="https://m.media-amazon.com/images/I/41NVfMcQBQL._SL500_.jpg" alt="Product Image"></a><p>Hard As Hoof Nail Strengthening Cream with Coconut Scent, Nail Growth & Conditioning Cuticle Cream Stops Splits, Chips, Cracks & Strengthens Nails, 1 oz</p><p>$8.88</p><a href="https://www.amazon.com/dp/B005HGWGVS?tag=eloabder-20&linkCode=osi&th=1&psc=1">View Product</a></div><div class="product"><a href="https://www.amazon.com/dp/B08YMJ4X4B?tag=eloabder-20&linkCode=osi&th=1&psc=1"><img src="https://m.media-amazon.com/images/I/41JNcOM8lBL._SL500_.jpg" alt="Product Image"></a><p>C CARE Sweet Almond Cuticle Oil For Nails - Repairs Cuticles Overnight - Moisturizes and Strengthens Nails and Cuticles - Dropper & Brush included - 2.5oz</p><p>$5.97 ($2.39 / Fl Oz)</p><a href="https://www.amazon.com/dp/B08YMJ4X4B?tag=eloabder-20&linkCode=osi&th=1&psc=1">View Product</a></div><div class="product"><a href="https://www.amazon.com/dp/B0046MK34G?tag=eloabder-20&linkCode=osi&th=1&psc=1"><img src="https://m.media-amazon.com/images/I/41PPyJFVAlL._SL500_.jpg" alt="Product Image"></a><p>Sally Hansen Instant Cuticle Remover™, Nail Treatment, Fast Drying, Contains Aloe and Chamomile</p><p>$4.97</p><a href="https://www.amazon.com/dp/B0046MK34G?tag=eloabder-20&linkCode=osi&th=1&psc=1">View Product</a></div><div class="product"><a href="https://www.amazon.com/dp/B00F644LTQ?tag=eloabder-20&linkCode=osi&th=1&psc=1"><img src="https://m.media-amazon.com/images/I/31+v2SZDagL._SL500_.jpg" alt="Product Image"></a><p>Cuccio Naturale Revitalizing- Hydrating Oil For Repaired Cuticles Overnight - Remedy For Damaged Skin And Thin Nails - Paraben /Cruelty-Free Formula - Milk And Honey - 2.5 Oz</p><p>$9.48 ($3.79 / Fl Oz)</p><a href="https://www.amazon.com/dp/B00F644LTQ?tag=eloabder-20&linkCode=osi&th=1&psc=1">View Product</a></div><div class="product"><a href="https://www.amazon.com/dp/B007QBKX08?tag=eloabder-20&linkCode=osi&th=1&psc=1"><img src="https://m.media-amazon.com/images/I/51BgkFaTnpL._SL500_.jpg" alt="Product Image"></a><p>Nail Tek Repairs Damaged Nails kit.Intensive Therapy(.5OZ),Foundation(.5OZ)& Renew(.48OZ)</p><p>$14.95</p><a href="https://www.amazon.com/dp/B007QBKX08?tag=eloabder-20&linkCode=osi&th=1&psc=1">View Product</a></div>
<div class="product"><a href="https://www.amazon.com/dp/B017PCGAXQ?tag=eloabder-20&linkCode=osi&th=1&psc=1"><img src="https://m.media-amazon.com/images/I/31-daQlUgGL._SL500_.jpg" alt="Product Image"></a><p>Garnier Micellar Water For Waterproof Makeup, Hydrating Facial Cleanser & Makeup Remover, Suitable for Sensitive Skin, Vegan, Cruelty Free, 13.5 Fl Oz (400mL), 1 Count</p><p>$8.97 ($0.66 / Fl Oz)</p><a href="https://www.amazon.com/dp/B017PCGAXQ?tag=eloabder-20&linkCode=osi&th=1&psc=1">View Product</a></div><div class="product"><a href="https://www.amazon.com/dp/B017PCGABI?tag=eloabder-20&linkCode=osi&th=1&psc=1"><img src="https://m.media-amazon.com/images/I/3106WC85aAL._SL500_.jpg" alt="Product Image"></a><p>Garnier Micellar Water, Hydrating Facial Cleanser & Makeup Remover, Suitable for Sensitive Skin, Vegan, Cruelty Free, 13.5 Fl Oz (400mL), 1 Count</p><p>$8.97 ($0.66 / Fl Oz)</p><a href="https://www.amazon.com/dp/B017PCGABI?tag=eloabder-20&linkCode=osi&th=1&psc=1">View Product</a></div><div class="product"><a href="https://www.amazon.com/dp/B00U2VQZDS?tag=eloabder-20&linkCode=osi&th=1&psc=1"><img src="https://m.media-amazon.com/images/I/41VzZfHAKpL._SL500_.jpg" alt="Product Image"></a><p>Neutrogena Makeup Remover Wipes, Ultra-Soft Cleansing Facial Towelettes for Waterproof Makeup, Alcohol-Free, Plant-Based, Twin Pack, 25 Count (Pack of 2)</p><p>$9.16 ($0.18 / Count)</p><a href="https://www.amazon.com/dp/B00U2VQZDS?tag=eloabder-20&linkCode=osi&th=1&psc=1">View Product</a></div><div class="product"><a href="https://www.amazon.com/dp/B07T9JV956?tag=eloabder-20&linkCode=osi&th=1&psc=1"><img src="https://m.media-amazon.com/images/I/310x+0QrxsL._SL500_.jpg" alt="Product Image"></a><p>Neutrogena Gentle Oil-Free Eye Makeup Remover & Cleanser for Sensitive Eyes, Non-Greasy Makeup Remover, Removes Waterproof Mascara, Dermatologist & Ophthalmologist Tested, 8.0 fl. oz</p><p>$9.39 ($1.17 / Fl Oz)</p><a href="https://www.amazon.com/dp/B07T9JV956?tag=eloabder-20&linkCode=osi&th=1&psc=1">View Product</a></div><div class="product"><a href="https://www.amazon.com/dp/B01M31HY3S?tag=eloabder-20&linkCode=osi&th=1&psc=1"><img src="https://m.media-amazon.com/images/I/319i79e7f4L._SL500_.jpg" alt="Product Image"></a><p>Cetaphil Gentle Waterproof Makeup Remover, Mother's Day Gifts, Oil-Free Formula Suitable for Sensitive Skin, 6.0 Fluid Ounce</p><p>$9.87 ($1.64 / Fl Oz)</p><a href="https://www.amazon.com/dp/B01M31HY3S?tag=eloabder-20&linkCode=osi&th=1&psc=1">View Product</a></div><div class="product"><a href="https://www.amazon.com/dp/B07SS6LFRG?tag=eloabder-20&linkCode=osi&th=1&psc=1"><img src="https://m.media-amazon.com/images/I/31Mwa89HfCL._SL500_.jpg" alt="Product Image"></a><p>Amazon Basics Eye Makeup Remover, Removes Waterproof Mascara, Dermatologist Tested, Fragrance Free, 5.5 Fl Oz (Pack of 1)</p><p>$5.99 ($1.09 / Fl Oz)</p><a href="https://www.amazon.com/dp/B07SS6LFRG?tag=eloabder-20&linkCode=osi&th=1&psc=1">View Product</a></div><div class="product"><a href="https://www.amazon.com/dp/B08TQTT8LK?tag=eloabder-20&linkCode=osi&th=1&psc=1"><img src="https://m.media-amazon.com/images/I/31R-Y-dhjEL._SL500_.jpg" alt="Product Image"></a><p>e.l.f. Holy Hydration! Makeup Melting Cleansing Balm, Face Cleanser & Makeup Remover, Infused with Hyaluronic Acid to Hydrate Skin, 2 Oz</p><p>$11.00 ($5.50 / Ounce)</p><a href="https://www.amazon.com/dp/B08TQTT8LK?tag=eloabder-20&linkCode=osi&th=1&psc=1">View Product</a></div><div class="product"><a href="https://www.amazon.com/dp/B08Q3CQM7X?tag=eloabder-20&linkCode=osi&th=1&psc=1"><img src="https://m.media-amazon.com/images/I/31edyzkByfL._SL500_.jpg" alt="Product Image"></a><p>JUNO & Co. Clean 10 Cleansing Balm 10 Ingredients Makeup Remover 85g / 3.0oz</p><p>$14.99 ($5.00 / Ounce)</p><a href="https://www.amazon.com/dp/B08Q3CQM7X?tag=eloabder-20&linkCode=osi&th=1&psc=1">View Product</a></div><div class="product"><a href="https://www.amazon.com/dp/B0B1PP1XCM?tag=eloabder-20&linkCode=osi&th=1&psc=1"><img src="https://m.media-amazon.com/images/I/31kOCqV2+BL._SL500_.jpg" alt="Product Image"></a><p>CeraVe Cleansing Balm for Sensitive Skin | Hydrating Makeup Remover with Ceramides and Plant-based Jojoba Oil for Face | Non-Comedogenic Fragrance Free Non-Greasy |1.3 Ounces</p><p>$9.97 ($7.67 / Ounce)</p><a href="https://www.amazon.com/dp/B0B1PP1XCM?tag=eloabder-20&linkCode=osi&th=1&psc=1">View Product</a></div><div class="product"><a href="https://www.amazon.com/dp/B0BX65V1BZ?tag=eloabder-20&linkCode=osi&th=1&psc=1"><img src="https://m.media-amazon.com/images/I/31t6WiWvdDL._SL500_.jpg" alt="Product Image"></a><p>Prime Prometics PrimeSkin Beauty Water – Deeply Hydrating Pro-Age Make-Up Remover for Mature Women – Clean, One Swipe – for All Skin Types – pH balanced, Hypoallergenic</p><p>$27.00 ($5.29 / Fl Oz)</p><a href="https://www.amazon.com/dp/B0BX65V1BZ?tag=eloabder-20&linkCode=osi&th=1&psc=1">View Product</a></div>
<div class="product"><a href="https://www.amazon.com/dp/B07XC569XF?tag=eloabder-20&linkCode=osi&th=1&psc=1"><img src="https://m.media-amazon.com/images/I/4109uyzn-sL._SL500_.jpg" alt="Product Image"></a><p>Neutrogena Hydro Boost Facial Cleansing Towelettes + Hyaluronic Acid, Hydrating Makeup Remover Face Wipes Remove Dirt & Waterproof Makeup, Hypoallergenic, 100% Plant-Based Cloth, 2 x 25 ct</p><p>$13.20 ($0.26 / Count)</p><a href="https://www.amazon.com/dp/B07XC569XF?tag=eloabder-20&linkCode=osi&th=1&psc=1">View Product</a></div><div class="product"><a href="https://www.amazon.com/dp/B00479FP4Q?tag=eloabder-20&linkCode=osi&th=1&psc=1"><img src="https://m.media-amazon.com/images/I/41L2wro-FlL._SL500_.jpg" alt="Product Image"></a><p>Olay Daily Facials, Daily Clean Makeup Removing Facial Cleansing Wipes, 5-in-1 Water Activated Cloths, Exfoliates, Tones and Hydrates Skin, 66 count</p><p>$9.74 ($0.15 / Count)</p><a href="https://www.amazon.com/dp/B00479FP4Q?tag=eloabder-20&linkCode=osi&th=1&psc=1">View Product</a></div><div class="product"><a href="https://www.amazon.com/dp/B0864VDH6F?tag=eloabder-20&linkCode=osi&th=1&psc=1"><img src="https://m.media-amazon.com/images/I/418baEPkUdL._SL500_.jpg" alt="Product Image"></a><p>Amazon Basics Make Up Remover Wipes, Night Calming, 50 Count (2 Packs of 25) (Previously Solimo)</p><p>$7.93 ($0.16 / Count)</p><a href="https://www.amazon.com/dp/B0864VDH6F?tag=eloabder-20&linkCode=osi&th=1&psc=1">View Product</a></div><div class="product"><a href="https://www.amazon.com/dp/B093T3LQPP?tag=eloabder-20&linkCode=osi&th=1&psc=1"><img src="https://m.media-amazon.com/images/I/51mLU+qr6tL._SL500_.jpg" alt="Product Image"></a><p>Burt's Bees Rose Water Face Wipes, for All Skin Types, Hydrating Micellar Makeup Remover & Facial Cleansing Towelettes, 30 Ct (3-Pack)</p><p>$16.47 ($0.18 / Count)</p><a href="https://www.amazon.com/dp/B093T3LQPP?tag=eloabder-20&linkCode=osi&th=1&psc=1">View Product</a></div><div class="product"><a href="https://www.amazon.com/dp/B00NUJQG7Y?tag=eloabder-20&linkCode=osi&th=1&psc=1"><img src="https://m.media-amazon.com/images/I/51apu8FIluL._SL500_.jpg" alt="Product Image"></a><p>Burt's Bees Aloe Vera Face Wipes, for Sensitive Skin, Soothing Makeup Remover & Facial Cleansing Towelettes, 30 Ct. (3-Pack)</p><p>$16.41 ($0.18 / Count)</p><a href="https://www.amazon.com/dp/B00NUJQG7Y?tag=eloabder-20&linkCode=osi&th=1&psc=1">View Product</a></div><div class="product"><a href="https://www.amazon.com/dp/B09LXWPB1V?tag=eloabder-20&linkCode=osi&th=1&psc=1"><img src="https://m.media-amazon.com/images/I/4117i-jJMKL._SL500_.jpg" alt="Product Image"></a><p>CeraVe Hydrating Facial Cleansing Makeup Remover Wipes| Plant Based Face Biodegradable in Home Compost| Wash Cloth| Suitable for Sensitive Skin| Fragrance-free Non-comedogenic| 25 Count</p><p>$9.97 ($0.40 / Count)</p><a href="https://www.amazon.com/dp/B09LXWPB1V?tag=eloabder-20&linkCode=osi&th=1&psc=1">View Product</a></div><div class="product"><a href="https://www.amazon.com/dp/B006RFZ9IK?tag=eloabder-20&linkCode=osi&th=1&psc=1"><img src="https://m.media-amazon.com/images/I/41c4Ogejt9L._SL500_.jpg" alt="Product Image"></a><p>Bioré Daily Make Up Removing Cloths, Facial Cleansing Wipes with Dirt-grabbing Fibers for Deep Pore Cleansing without Oily Residue, 60 Count</p><p>$11.99 ($0.20 / Count)</p><a href="https://www.amazon.com/dp/B006RFZ9IK?tag=eloabder-20&linkCode=osi&th=1&psc=1">View Product</a></div><div class="product"><a href="https://www.amazon.com/dp/B01M4NFD2N?tag=eloabder-20&linkCode=osi&th=1&psc=1"><img src="https://m.media-amazon.com/images/I/41-iPdzYWDL._SL500_.jpg" alt="Product Image"></a><p>Cetaphil Gentle Makeup Removing Face Wipes, Daily Cleansing Facial Towelettes Gently Remove Makeup, Fragrance and Alcohol Free, 25 Count</p><p>$6.85 ($0.27 / Count)</p><a href="https://www.amazon.com/dp/B01M4NFD2N?tag=eloabder-20&linkCode=osi&th=1&psc=1">View Product</a></div><div class="product"><a href="https://www.amazon.com/dp/B0B644ZQLV?tag=eloabder-20&linkCode=osi&th=1&psc=1"><img src="https://m.media-amazon.com/images/I/41E5FGVZrnL._SL500_.jpg" alt="Product Image"></a><p>Cetaphil Face and Body Wipes, Gentle Skin Cleansing Cloths, 25 Count (Pack of 3), for Dry, Sensitive Skin, Flip Top Closure, Great for the Gym, Hypoallergenic, Fragrance Free</p><p>$20.91 ($0.28 / Count)</p><a href="https://www.amazon.com/dp/B0B644ZQLV?tag=eloabder-20&linkCode=osi&th=1&psc=1">View Product</a></div>
<div class="product"><a href="https://www.amazon.com/dp/B08RD6S5HF?tag=eloabder-20&linkCode=osi&th=1&psc=1"><img src="https://m.media-amazon.com/images/I/41uDw-xQNuL._SL500_.jpg" alt="Product Image"></a><p>BAIMEI IcyMe Gua Sha & Jade Roller Facial Tools Face Roller and Gua Sha Set for Puffiness and Redness Reducing Skin Care Routine, Self Care Gift for Men Women - Green</p><p>$9.99</p><a href="https://www.amazon.com/dp/B08RD6S5HF?tag=eloabder-20&linkCode=osi&th=1&psc=1">View Product</a></div><div class="product"><a href="https://www.amazon.com/dp/B09961TCV4?tag=eloabder-20&linkCode=osi&th=1&psc=1"><img src="https://m.media-amazon.com/images/I/41cLCDErk6L._SL500_.jpg" alt="Product Image"></a><p>huefull Gua Sha Facial Tools & Jade Roller Set for Skin Care, Reduce Puffiness and Improve Wrinkles, Guasha Tool for Face, Gua Sha Stone Self Care Gift for Woman Man</p><p>$7.99 ($4.00 / Count)</p><a href="https://www.amazon.com/dp/B09961TCV4?tag=eloabder-20&linkCode=osi&th=1&psc=1">View Product</a></div><div class="product"><a href="https://www.amazon.com/dp/B09P88YNZZ?tag=eloabder-20&linkCode=osi&th=1&psc=1"><img src="https://m.media-amazon.com/images/I/31gv5dz1KML._SL500_.jpg" alt="Product Image"></a><p>Ice Roller for Face and Eye, Ice Face Roller,Facial Beauty Ice Roller Skin Care Tools, Ice Facial Cube, Gua Sha Face Massage, Silicone Ice Mold for Face Beauty (Pink)</p><p>$5.99 ($1.20 / Ounce)</p><a href="https://www.amazon.com/dp/B09P88YNZZ?tag=eloabder-20&linkCode=osi&th=1&psc=1">View Product</a></div><div class="product"><a href="https://www.amazon.com/dp/B09V5TRZTS?tag=eloabder-20&linkCode=osi&th=1&psc=1"><img src="https://m.media-amazon.com/images/I/31NWpXealIL._SL500_.jpg" alt="Product Image"></a><p>ROSELYNBOUTIQUE Ice Roller for Face Wrinkles Fine Lines Puffiness Stick Massager Facial Skin Care Tools Self Care Gifts for Men Women (Green)</p><p>$6.39</p><a href="https://www.amazon.com/dp/B09V5TRZTS?tag=eloabder-20&linkCode=osi&th=1&psc=1">View Product</a></div><div class="product"><a href="https://www.amazon.com/dp/B0BR7YG7QH?tag=eloabder-20&linkCode=osi&th=1&psc=1"><img src="https://m.media-amazon.com/images/I/41gFogNe+dL._SL500_.jpg" alt="Product Image"></a><p>8 Pieces Triangle Powder Puff Face Soft Triangle Makeup Puff Velour Cosmetic Foundation Blender Sponge Beauty Makeup Tools</p><p>$3.99 ($0.50 / Count)</p><a href="https://www.amazon.com/dp/B0BR7YG7QH?tag=eloabder-20&linkCode=osi&th=1&psc=1">View Product</a></div><div class="product"><a href="https://www.amazon.com/dp/B09XJYZDVG?tag=eloabder-20&linkCode=osi&th=1&psc=1"><img src="https://m.media-amazon.com/images/I/41jMEmTiSQL._SL500_.jpg" alt="Product Image"></a><p>Aaiffey Eyeliner Applicator Kit, Eyeliner Tool with Eyeliner Cream Black Eyeliner Gel Reusable Silicone Eye Liner Applicator Waterproof Eyeliner Easy No-Skip (eyeliner tool +black eyeliner creams)</p><p>$9.98</p><a href="https://www.amazon.com/dp/B09XJYZDVG?tag=eloabder-20&linkCode=osi&th=1&psc=1">View Product</a></div>
<div class="product"><a href="https://www.amazon.com/dp/B075S543DR?tag=eloabder-20&linkCode=osi&th=1&psc=1"><img src="https://m.media-amazon.com/images/I/418N6a3fvaL._SL500_.jpg" alt="Product Image"></a><p>EcoTools Start The Day Beautifully 6 Piece Makeup Brush Set, Makeup Brushes For Eyeshadow, Blush, Concealer, & Foundation Application, Eco-Friendly, Gift Set, Synthetic Hair, Vegan & Cruelty-Free</p><p>$9.98</p><a href="https://www.amazon.com/dp/B075S543DR?tag=eloabder-20&linkCode=osi&th=1&psc=1">View Product</a></div><div class="product"><a href="https://www.amazon.com/dp/B07FTXBNVL?tag=eloabder-20&linkCode=osi&th=1&psc=1"><img src="https://m.media-amazon.com/images/I/41O4pc78hYL._SL500_.jpg" alt="Product Image"></a><p>Real Techniques 5 Piece Everyday Essentials Makeup Brush Set, Includes 4 Brushes & Makeup Sponge, For Foundation, Blush, Bronzer, Contour, Eyeshadow, & Powder, Travel Gift Set, Cruelty-Free & Vegan</p><p>$13.99</p><a href="https://www.amazon.com/dp/B07FTXBNVL?tag=eloabder-20&linkCode=osi&th=1&psc=1">View Product</a></div>
<div class="product"><a href="https://www.amazon.com/dp/B00WZQTCS8?tag=eloabder-20&linkCode=osi&th=1&psc=1"><img src="https://m.media-amazon.com/images/I/41iVoW5QboL._SL500_.jpg" alt="Product Image"></a><p>NYX PROFESSIONAL MAKEUP Micro Brow Pencil, Eyebrow Pencil - Espresso</p><p>$7.50</p><a href="https://www.amazon.com/dp/B00WZQTCS8?tag=eloabder-20&linkCode=osi&th=1&psc=1">View Product</a></div><div class="product"><a href="https://www.amazon.com/dp/B01643FI0I?tag=eloabder-20&linkCode=osi&th=1&psc=1"><img src="https://m.media-amazon.com/images/I/21w1DpgxRoL._SL500_.jpg" alt="Product Image"></a><p>L'Oreal Paris Makeup Brow Stylist Definer Waterproof Eyebrow Pencil, Ultra-Fine Mechanical Pencil, Draws Tiny Brow Hairs and Fills in Sparse Areas and Gaps, Dark Brunette, 0.003 Ounce (Pack of 1)</p><p>$8.98</p><a href="https://www.amazon.com/dp/B01643FI0I?tag=eloabder-20&linkCode=osi&th=1&psc=1">View Product</a></div><div class="product"><a href="https://www.amazon.com/dp/B0B52KG7YP?tag=eloabder-20&linkCode=osi&th=1&psc=1"><img src="https://m.media-amazon.com/images/I/31Mi4FEPxYL._SL500_.jpg" alt="Product Image"></a><p>e.l.f. Instant Lift Brow Pencil, Dual-Ended Precision Brow Pencils For Shaping & Defining Eyebrows, Vegan & Cruelty-Free, Neutral Brown, 2-Pack</p><p>$5.00</p><a href="https://www.amazon.com/dp/B0B52KG7YP?tag=eloabder-20&linkCode=osi&th=1&psc=1">View Product</a></div><div class="product"><a href="https://www.amazon.com/dp/B078KB7L4G?tag=eloabder-20&linkCode=osi&th=1&psc=1"><img src="https://m.media-amazon.com/images/I/31QF5SK3tzL._SL500_.jpg" alt="Product Image"></a><p>wet n wild Ultimate Eyebrow Retractable Definer Pencil, Medium Brown, Dual-Sided Brow Brush, Fine Tip, Shapes, Defines, Fills Brow Makeup</p><p>$2.74</p><a href="https://www.amazon.com/dp/B078KB7L4G?tag=eloabder-20&linkCode=osi&th=1&psc=1">View Product</a></div><div class="product"><a href="https://www.amazon.com/dp/B074VD4X7W?tag=eloabder-20&linkCode=osi&th=1&psc=1"><img src="https://m.media-amazon.com/images/I/41eK8J1W2rL._SL500_.jpg" alt="Product Image"></a><p>Maybelline Total Temptation Eyebrow Definer Pencil, Soft Brown, 1 Count</p><p>$8.99</p><a href="https://www.amazon.com/dp/B074VD4X7W?tag=eloabder-20&linkCode=osi&th=1&psc=1">View Product</a></div><div class="product"><a href="https://www.amazon.com/dp/B001ESKLZQ?tag=eloabder-20&linkCode=osi&th=1&psc=1"><img src="https://m.media-amazon.com/images/I/31bw47frHzS._SL500_.jpg" alt="Product Image"></a><p>COVERGIRL - Easy Breezy Brow Fill + Define Brow Pencil, Sharpener Included, Long-Lasting, Deeply Pigmented, Blendable Formula, 100% Cruelty-Free</p><p>$4.47</p><a href="https://www.amazon.com/dp/B001ESKLZQ?tag=eloabder-20&linkCode=osi&th=1&psc=1">View Product</a></div><div class="product"><a href="https://www.amazon.com/dp/B0D12PWNK6?tag=eloabder-20&linkCode=osi&th=1&psc=1"><img src="https://m.media-amazon.com/images/I/51u7eOlEtFL._SL500_.jpg" alt="Product Image"></a><p>iMethod Microblading Eyebrow Pen - Eyebrow Pencil Magical 2-in-1 Dual-Ended Eye Brow Pencils for Women with 4-Fork-Tip & Precise Brush-Tip Create Natural Hair-Like Brows, Last All-Day, Dark Brown</p><p>$14.97 ($14.97 / Count)</p><a href="https://www.amazon.com/dp/B0D12PWNK6?tag=eloabder-20&linkCode=osi&th=1&psc=1">View Product</a></div><div class="product"><a href="https://www.amazon.com/dp/B0CPFY8K8W?tag=eloabder-20&linkCode=osi&th=1&psc=1"><img src="https://m.media-amazon.com/images/I/21SmXiqZZYL._SL500_.jpg" alt="Product Image"></a><p>e.l.f. Instant Lift Waterproof Brow Pencil, Long-Lasting Eyebrow Pencil For Grooming & Shaping Brows, Vegan & Cruelty-free, Deep Brown</p><p>$4.00</p><a href="https://www.amazon.com/dp/B0CPFY8K8W?tag=eloabder-20&linkCode=osi&th=1&psc=1">View Product</a></div>
<div class="product"><a href="https://www.amazon.com/dp/B079B8BFR3?tag=eloabder-20&linkCode=osi&th=1&psc=1"><img src="https://m.media-amazon.com/images/I/41DSmndr3KL._SL500_.jpg" alt="Product Image"></a><p>KISS Looks So Natural, False Eyelashes, Shy', 12 mm, Includes 5 Pairs Of Lashes, Contact Lens Friendly, Easy to Apply, Reusable Strip Lashes, Glue On</p><p>$7.09</p><a href="https://www.amazon.com/dp/B079B8BFR3?tag=eloabder-20&linkCode=osi&th=1&psc=1">View Product</a></div><div class="product"><a href="https://www.amazon.com/dp/B09MQCDVM7?tag=eloabder-20&linkCode=osi&th=1&psc=1"><img src="https://m.media-amazon.com/images/I/510lQqrrVtL._SL500_.jpg" alt="Product Image"></a><p>False Eyelashes 14mm Faux 3D Mink Lashes Natural Look Fluffy Cat Eye Wispy Lashes Pack by Kiromiro, 14 Pairs</p><p>$8.89</p><a href="https://www.amazon.com/dp/B09MQCDVM7?tag=eloabder-20&linkCode=osi&th=1&psc=1">View Product</a></div><div class="product"><a href="https://www.amazon.com/dp/B00DS4EIEE?tag=eloabder-20&linkCode=osi&th=1&psc=1"><img src="https://m.media-amazon.com/images/I/415k4JSKxOL._SL500_.jpg" alt="Product Image"></a><p>KISS So Wispy, False Eyelashes, Style #11', 12 mm, Includes 5 Pairs Of Lashes, Contact Lens Friendly, Easy to Apply, Reusable Strip Lashes, Glue On, Mulitpack</p><p>$8.97 ($1.79 / Count)</p><a href="https://www.amazon.com/dp/B00DS4EIEE?tag=eloabder-20&linkCode=osi&th=1&psc=1">View Product</a></div><div class="product"><a href="https://www.amazon.com/dp/B0C5QK1QHP?tag=eloabder-20&linkCode=osi&th=1&psc=1"><img src="https://m.media-amazon.com/images/I/51eSQ4cj35L._SL500_.jpg" alt="Product Image"></a><p>Veleasha Lashes 5D Faux Mink Lashes 100% Handmade Luxurious Fake Eyelashes Lightweight Fluffy False Eyelashes 5 Pairs Pack (G2)</p><p>$6.98 ($1.40 / Count)</p><a href="https://www.amazon.com/dp/B0C5QK1QHP?tag=eloabder-20&linkCode=osi&th=1&psc=1">View Product</a></div><div class="product"><a href="https://www.amazon.com/dp/B0B1LRRTCH?tag=eloabder-20&linkCode=osi&th=1&psc=1"><img src="https://m.media-amazon.com/images/I/41gc2Df+nAL._SL500_.jpg" alt="Product Image"></a><p>GMAGICTOBO False Eyelashes Natural Half Lashes Short Wispy Clear Band Lashes Pack Cat Eye 3D Faux Mink Lashes Fake Eyelashes 7 Pairs Multipack</p><p>$8.59 ($1.23 / Count)</p><a href="https://www.amazon.com/dp/B0B1LRRTCH?tag=eloabder-20&linkCode=osi&th=1&psc=1">View Product</a></div><div class="product"><a href="https://www.amazon.com/dp/B08R6PR7ND?tag=eloabder-20&linkCode=osi&th=1&psc=1"><img src="https://m.media-amazon.com/images/I/41r4c3ZiCWL._SL500_.jpg" alt="Product Image"></a><p>KISS My Lash But Better, False Eyelashes, All Mine', 10 mm, Includes 1 Pair Of Lashes, Contact Lens Friendly, Easy to Apply, Reusable Strip Lashes, Glue-On</p><p>$3.97</p><a href="https://www.amazon.com/dp/B08R6PR7ND?tag=eloabder-20&linkCode=osi&th=1&psc=1">View Product</a></div><div class="product"><a href="https://www.amazon.com/dp/B0BX3YHN14?tag=eloabder-20&linkCode=osi&th=1&psc=1"><img src="https://m.media-amazon.com/images/I/51YYa1vTElL._SL500_.jpg" alt="Product Image"></a><p>KISS imPRESS Falsies False Eyelashes, Lash Clusters, Voluminous', 14 mm, Includes 20 Clusters, 1 applicator, Contact Lens Friendly, Easy to Apply, Reusable Strip Lashes</p><p>$12.72</p><a href="https://www.amazon.com/dp/B0BX3YHN14?tag=eloabder-20&linkCode=osi&th=1&psc=1">View Product</a></div><div class="product"><a href="https://www.amazon.com/dp/B00YYHHI1E?tag=eloabder-20&linkCode=osi&th=1&psc=1"><img src="https://m.media-amazon.com/images/I/419bv9iNI9L._SL500_.jpg" alt="Product Image"></a><p>Ardell False Eyelashes Demi Wispies Black, 1 pack (6 pairs per pack)</p><p>$9.74 ($1.95 / Count)</p><a href="https://www.amazon.com/dp/B00YYHHI1E?tag=eloabder-20&linkCode=osi&th=1&psc=1">View Product</a></div><div class="product"><a href="https://www.amazon.com/dp/B0CG5SY8J1?tag=eloabder-20&linkCode=osi&th=1&psc=1"><img src="https://m.media-amazon.com/images/I/41SWlZB3plL._SL500_.jpg" alt="Product Image"></a><p>Natural Lashes Natural Eyelashes Short Eyelashes Natural Look False Eyelashes Wispy Eye Lashes 10mm Small Lashes Fake Lashes K50</p><p>$7.93 ($1.13 / Count)</p><a href="https://www.amazon.com/dp/B0CG5SY8J1?tag=eloabder-20&linkCode=osi&th=1&psc=1">View Product</a></div><div class="product"><a href="https://www.amazon.com/dp/B08SPVMDTV?tag=eloabder-20&linkCode=osi&th=1&psc=1"><img src="https://m.media-amazon.com/images/I/41Q6wh0HacL._SL500_.jpg" alt="Product Image"></a><p>KISS Falscara Multipack False Eyelashes, Lash Clusters, Natural Wispy Wisps', 10mm-12mm-14mm, Includes 24 Assorted Lengths Wisps, Contact Lens Friendly, Easy to Apply, Reusable Strip Lashes</p><p>$6.47 ($0.27 / Count)</p><a href="https://www.amazon.com/dp/B08SPVMDTV?tag=eloabder-20&linkCode=osi&th=1&psc=1">View Product</a></div>
<div class="product"><a href="https://www.amazon.com/dp/B08ZYKFNLK?tag=eloabder-20&linkCode=osi&th=1&psc=1"><img src="https://m.media-amazon.com/images/I/41LSyt4W-HL._SL500_.jpg" alt="Product Image"></a><p>Makeup Sponge Set BS-MALL Blender Sponges 7 Pcs for Liquid, Cream, and Powder, Multi-colored with 1 Mini Makeup Sponge Pink (A-Pink）</p><p>$6.99 ($1.00 / Count)</p><a href="https://www.amazon.com/dp/B08ZYKFNLK?tag=eloabder-20&linkCode=osi&th=1&psc=1">View Product</a></div><div class="product"><a href="https://www.amazon.com/dp/B01F36JEXE?tag=eloabder-20&linkCode=osi&th=1&psc=1"><img src="https://m.media-amazon.com/images/I/41AHaVc97tL._SL500_.jpg" alt="Product Image"></a><p>BEAKEY Makeup Sponge 5 Pcs Set, Makeup Sponges for Foundation, Liquid, Cream and Powder. Latex-Free Boun Boun Beauty Sponge for Blending, Blender for Enhanced Make Up Application, Ideal Gift</p><p>$6.99 ($1.40 / Count)</p><a href="https://www.amazon.com/dp/B01F36JEXE?tag=eloabder-20&linkCode=osi&th=1&psc=1">View Product</a></div><div class="product"><a href="https://www.amazon.com/dp/B07VBNQ367?tag=eloabder-20&linkCode=osi&th=1&psc=1"><img src="https://m.media-amazon.com/images/I/41tK1+FK+ML._SL500_.jpg" alt="Product Image"></a><p>Beautyblender® | Original Pink Beauty Blender Makeup Sponge, Super-Soft Foam Easily Blends Foundations, Powders & Creams, Made in USA, Reusable, Washable, Streak Free Application, Vegan, Cruelty Free</p><p>$20.00</p><a href="https://www.amazon.com/dp/B07VBNQ367?tag=eloabder-20&linkCode=osi&th=1&psc=1">View Product</a></div><div class="product"><a href="https://www.amazon.com/dp/B013XJUWC0?tag=eloabder-20&linkCode=osi&th=1&psc=1"><img src="https://m.media-amazon.com/images/I/519iY4n1lHL._SL500_.jpg" alt="Product Image"></a><p>Aesthetica Cosmetics Beauty Sponge Blender - Latex Free and Vegan Makeup Sponge Blender - For Powder, Cream or Liquid Application - One Piece Make Up Sponge</p><p>$3.97</p><a href="https://www.amazon.com/dp/B013XJUWC0?tag=eloabder-20&linkCode=osi&th=1&psc=1">View Product</a></div><div class="product"><a href="https://www.amazon.com/dp/B08T79281H?tag=eloabder-20&linkCode=osi&th=1&psc=1"><img src="https://m.media-amazon.com/images/I/41OyxvePdBL._SL500_.jpg" alt="Product Image"></a><p>DUAIU 4 Pcs Makeup Sponge Set Beauty Sponge Foundation Blending Sponge, Flawless for Liquid, Cream, and Powder, Multi-colored Makeup Sponges with Storage Box</p><p>$4.99 ($1.25 / Count)</p><a href="https://www.amazon.com/dp/B08T79281H?tag=eloabder-20&linkCode=osi&th=1&psc=1">View Product</a></div><div class="product"><a href="https://www.amazon.com/dp/B00EUBPHR6?tag=eloabder-20&linkCode=osi&th=1&psc=1"><img src="https://m.media-amazon.com/images/I/31BZh7Bg7hL._SL500_.jpg" alt="Product Image"></a><p>Real Techniques Miracle Complexion Sponge, Makeup Blending Sponge, For Liquid & Cream Foundation, Offers Light To Medium Coverage, Natural, Dewy Makeup, Orange Sponge, Latex-Free Foam, 1 Count</p><p>$4.57</p><a href="https://www.amazon.com/dp/B00EUBPHR6?tag=eloabder-20&linkCode=osi&th=1&psc=1">View Product</a></div><div class="product"><a href="https://www.amazon.com/dp/B0CL2FKVH2?tag=eloabder-20&linkCode=osi&th=1&psc=1"><img src="https://m.media-amazon.com/images/I/41u81y8DJoL._SL500_.jpg" alt="Product Image"></a><p>14 Pcs Makeup Sponge Set,Beauty Sponges Blender with 4 Pcs Powder Puff and 4 Pcs Mini Make up Sponges Valentine's Day Gift,Mother's Day Gift for Women Liquid,Foundation,Powder,Concealer,Cream(Pink)</p><p>$8.99 ($0.64 / Count)</p><a href="https://www.amazon.com/dp/B0CL2FKVH2?tag=eloabder-20&linkCode=osi&th=1&psc=1">View Product</a></div><div class="product"><a href="https://www.amazon.com/dp/B0CTX1X4F1?tag=eloabder-20&linkCode=osi&th=1&psc=1"><img src="https://m.media-amazon.com/images/I/31dP1yTUmWL._SL500_.jpg" alt="Product Image"></a><p>GFOUNS 15 pcs Beauty blender Makeup Sponge Bulk:Blender Sponges 15 Pcs for Liquid, Cream, and Powder, Multi-colored Pink make up sponges for foundation</p><p>$5.99</p><a href="https://www.amazon.com/dp/B0CTX1X4F1?tag=eloabder-20&linkCode=osi&th=1&psc=1">View Product</a></div>
<div class="product"><a href="https://www.amazon.com/dp/B010CRFSTI?tag=eloabder-20&linkCode=osi&th=1&psc=1"><img src="https://m.media-amazon.com/images/I/41JQ+znx4gL._SL500_.jpg" alt="Product Image"></a><p>Conair Salon Results Hairbrush Set - Travel Hair Brush - Hairbrushes for All Hair Types - Travel size + Full-size Brush</p><p>$5.88 ($2.94 / Count)</p><a href="https://www.amazon.com/dp/B010CRFSTI?tag=eloabder-20&linkCode=osi&th=1&psc=1">View Product</a></div><div class="product"><a href="https://www.amazon.com/dp/B094DK6JNF?tag=eloabder-20&linkCode=osi&th=1&psc=1"><img src="https://m.media-amazon.com/images/I/31dF+T3k3nL._SL500_.jpg" alt="Product Image"></a><p>Wet Brush Original Detangler Hair Brush, Amazon Exclusive Aqua- Ultra-Soft IntelliFlex Bristles-Detangling Hairbrush Glides Through Tangles For All Hair Types (Wet Dry & Damaged Hair) - Women & Men</p><p>$8.99</p><a href="https://www.amazon.com/dp/B094DK6JNF?tag=eloabder-20&linkCode=osi&th=1&psc=1">View Product</a></div>

<div class="product"><a href="https://www.amazon.com/dp/B07KSQZ4MR?tag=eloabder-20&linkCode=osi&th=1&psc=1"><img src="https://m.media-amazon.com/images/I/31A-mCllrgL._SL500_.jpg" alt="Product Image"></a><p>Hot Tools Pro Artist Black Gold Evolve Ionic Salon Hair Flat Iron | Long-Lasting Finish for Straightening Hair, (1-1/4 in), HT7123BG</p><p>$61.50</p><a href="https://www.amazon.com/dp/B07KSQZ4MR?tag=eloabder-20&linkCode=osi&th=1&psc=1">View Product</a></div>
<div class="product"><a href="https://www.amazon.com/dp/B0027SU9JU?tag=eloabder-20&linkCode=osi&th=1&psc=1"><img src="https://m.media-amazon.com/images/I/31rfzenB9mL._SL500_.jpg" alt="Product Image"></a><p>REVLON Turbo Hair Dryer with Advanced Ionic Technology, Ceramic Coating | Turbo Heat and Cold Shot Features, 1875 Watts for Fast Drying and Shine (Silver)</p><p>$19.99</p><a href="https://www.amazon.com/dp/B0027SU9JU?tag=eloabder-20&linkCode=osi&th=1&psc=1">View Product</a></div>

<div class="product"><a href="https://www.amazon.com/dp/B07PBXXNCY?tag=eloabder-20&linkCode=osi&th=1&psc=1"><img src="https://m.media-amazon.com/images/I/31OVxUr+bUL._SL500_.jpg" alt="Product Image"></a><p>Clean Skin Club Clean Towels XL™, 100% USDA Biobased Face Towel, Disposable Face Towelette, Makeup Remover Dry Wipes, Ultra Soft, 50 Ct, 1 Pack</p><p>$17.95 ($0.36 / Count)</p><a href="https://www.amazon.com/dp/B07PBXXNCY?tag=eloabder-20&linkCode=osi&th=1&psc=1">View Product</a></div><div class="product"><a href="https://www.amazon.com/dp/B01LEJ5MSK?tag=eloabder-20&linkCode=osi&th=1&psc=1"><img src="https://m.media-amazon.com/images/I/418xEMrk6LL._SL500_.jpg" alt="Product Image"></a><p>COSRX Snail Mucin 92% Repair Cream, Daily Face Gel Moisturizer for Dry Skin, Acne-prone, Sensitive Skin, Not Tested on Animals, No Parabens, Korean Skincare (3.52 Fl Oz (Pack of 1))</p><p>$13.99 ($3.97 / Fl Oz)</p><a href="https://www.amazon.com/dp/B01LEJ5MSK?tag=eloabder-20&linkCode=osi&th=1&psc=1">View Product</a></div>
<div class="product"><a href="https://www.amazon.com/dp/B076FHJ3K5?tag=eloabder-20&linkCode=osi&th=1&psc=1"><img src="https://m.media-amazon.com/images/I/31QAqxeYpoL._SL500_.jpg" alt="Product Image"></a><p>Marc Anthony Leave-In Conditioner Spray & Detangler, Grow Long Biotin - Anti-Frizz Deep Conditioner For Split Ends & Breakage - Vitamin E, Caffeine & Ginseng for Curly, Dry & Damaged Hair</p><p>$7.67 ($0.91 / Fl Oz)</p><a href="https://www.amazon.com/dp/B076FHJ3K5?tag=eloabder-20&linkCode=osi&th=1&psc=1">View Product</a></div><div class="product"><a href="https://www.amazon.com/dp/B0B941W753?tag=eloabder-20&linkCode=osi&th=1&psc=1"><img src="https://m.media-amazon.com/images/I/3154MYZlHiL._SL500_.jpg" alt="Product Image"></a><p>MONDAY HAIRCARE Volume Shampoo + Conditioner Set (2 Pack) 12oz Each for Thin, Fine, and Oily Hair, Made from Coconut Oil, Ginger Extract, & Vitamin E, 100% Recyclable Bottles</p><p>$13.99 ($0.58 / Fl Oz)</p><a href="https://www.amazon.com/dp/B0B941W753?tag=eloabder-20&linkCode=osi&th=1&psc=1">View Product</a></div><div class="product"><a href="https://www.amazon.com/dp/B0CS29PK2J?tag=eloabder-20&linkCode=osi&th=1&psc=1"><img src="https://m.media-amazon.com/images/I/315FU9SHGsL._SL500_.jpg" alt="Product Image"></a><p>Monday Moisture Leave-in Conditioner 5 Oz</p><p>$5.41 ($1.08 / Fl Oz)</p><a href="https://www.amazon.com/dp/B0CS29PK2J?tag=eloabder-20&linkCode=osi&th=1&psc=1">View Product</a></div><div class="product"><a href="https://www.amazon.com/dp/B0B941XTDZ?tag=eloabder-20&linkCode=osi&th=1&psc=1"><img src="https://m.media-amazon.com/images/I/41eavjiNYyL._SL500_.jpg" alt="Product Image"></a><p>MONDAY HAIRCARE Moisture Shampoo + Conditioner Set for Dry, Coarse, Stressed, Coily & Curly Hair, Made from Coconut Oil, Rice Protein, Shea Butter, & Vitamin E, All-Natural, 12 Fl Oz (Pack of 2)</p><p>$13.99 ($0.58 / Fl Oz)</p><a href="https://www.amazon.com/dp/B0B941XTDZ?tag=eloabder-20&linkCode=osi&th=1&psc=1">View Product</a></div><div class="product"><a href="https://www.amazon.com/dp/B07N7PK9QK?tag=eloabder-20&linkCode=osi&th=1&psc=1"><img src="https://m.media-amazon.com/images/I/416K3ahcJsL._SL500_.jpg" alt="Product Image"></a><p>Mielle Organics Rosemary Mint Scalp & Hair Strengthening Oil for All Hair Types, 2 Ounce</p><p>$9.50 ($4.75 / Fl Oz)</p><a href="https://www.amazon.com/dp/B07N7PK9QK?tag=eloabder-20&linkCode=osi&th=1&psc=1">View Product</a></div><div class="product"><a href="https://www.amazon.com/dp/B005PV0FDG?tag=eloabder-20&linkCode=osi&th=1&psc=1"><img src="https://m.media-amazon.com/images/I/310l+q4ImxL._SL500_.jpg" alt="Product Image"></a><p>It's a 10 Haircare Miracle Leave-In product, 10 fl. oz.</p><p>$27.98 ($2.80 / Fl Oz)</p><a href="https://www.amazon.com/dp/B005PV0FDG?tag=eloabder-20&linkCode=osi&th=1&psc=1">View Product</a></div><div class="product"><a href="https://www.amazon.com/dp/B0C3K3XX95?tag=eloabder-20&linkCode=osi&th=1&psc=1"><img src="https://m.media-amazon.com/images/I/41+CLmIGVIL._SL500_.jpg" alt="Product Image"></a><p>MONDAY HAIRCARE Repair Shampoo and Conditioner Set 12oz for Dry to Damaged Hair, Made with Keratin, Coconut Oil, Shea Butter and Vitamin E</p><p>$13.99 ($0.58 / Fl Oz)</p><a href="https://www.amazon.com/dp/B0C3K3XX95?tag=eloabder-20&linkCode=osi&th=1&psc=1">View Product</a></div>
<div class="product"><a href="https://www.amazon.com/dp/B09F5L7756?tag=eloabder-20&linkCode=osi&th=1&psc=1"><img src="https://m.media-amazon.com/images/I/61qJVRNSjFL._SL500_.jpg" alt="Product Image"></a><p>Vaseline Intensive Care Cocoa Radiant For Glowing Skin 3 Count Body Gel Oil Body Oil Made with 100% Pure Cocoa Butter + Replenishing Oils 6.8oz</p><p>$19.44 ($0.95 / Fl Oz)</p><a href="https://www.amazon.com/dp/B09F5L7756?tag=eloabder-20&linkCode=osi&th=1&psc=1">View Product</a></div><div class="product"><a href="https://www.amazon.com/dp/B08T4FLJQZ?tag=eloabder-20&linkCode=osi&th=1&psc=1"><img src="https://m.media-amazon.com/images/I/317LIpGPZiL._SL500_.jpg" alt="Product Image"></a><p>Dove Scrub Brown Sugar & Coconut Butter For Silky Smooth Skin Body Scrub Exfoliates & Restores Skin's Natural Nutrients 10.5 oz</p><p>$6.97 ($0.66 / Ounce)</p><a href="https://www.amazon.com/dp/B08T4FLJQZ?tag=eloabder-20&linkCode=osi&th=1&psc=1">View Product</a></div><div class="product"><a href="https://www.amazon.com/dp/B0CNKZW8HL?tag=eloabder-20&linkCode=osi&th=1&psc=1"><img src="https://m.media-amazon.com/images/I/61vGHE3wEWL._SL500_.jpg" alt="Product Image"></a><p>Dove Men+Care Body Wash Sandalwood + Cardamom Oil to Rebuild Skin in the Shower with Plant-Based Cleansers and Moisturizers 26 oz</p><p>$9.97 ($0.38 / Fl Oz)</p><a href="https://www.amazon.com/dp/B0CNKZW8HL?tag=eloabder-20&linkCode=osi&th=1&psc=1">View Product</a></div><div class="product"><a href="https://www.amazon.com/dp/B089NCFBQZ?tag=eloabder-20&linkCode=osi&th=1&psc=1"><img src="https://m.media-amazon.com/images/I/41WGBM4YipL._SL500_.jpg" alt="Product Image"></a><p>Vaseline Illuminate Me Shimmering Body Oil Created for Melanin Rich Skin, Illuminates Skin with Finishing Touch of Shimmer for Glowing Skin 3.3 oz</p><p>$8.75 ($2.65 / Fl Oz)</p><a href="https://www.amazon.com/dp/B089NCFBQZ?tag=eloabder-20&linkCode=osi&th=1&psc=1">View Product</a></div><div class="product"><a href="https://www.amazon.com/dp/B0CNL19TQG?tag=eloabder-20&linkCode=osi&th=1&psc=1"><img src="https://m.media-amazon.com/images/I/61kqkkFXOkL._SL500_.jpg" alt="Product Image"></a><p>Dove Men+Care Body Wash Eucalyptus + Cedar Oil to Rebuild Skin in the Shower with Plant-Based Cleansers and Moisturizers 26 oz</p><p>$9.99 ($0.38 / Fl Oz)</p><a href="https://www.amazon.com/dp/B0CNL19TQG?tag=eloabder-20&linkCode=osi&th=1&psc=1">View Product</a></div><div class="product"><a href="https://www.amazon.com/dp/B07HMDGJCJ?tag=eloabder-20&linkCode=osi&th=1&psc=1"><img src="https://m.media-amazon.com/images/I/31TuC5EJeNL._SL500_.jpg" alt="Product Image"></a><p>SOL DE JANEIRO 4 Play Moisturizing Shower Cream Gel Body Wash 90mL</p><p>$10.00 ($3.33 / Fl Oz)</p><a href="https://www.amazon.com/dp/B07HMDGJCJ?tag=eloabder-20&linkCode=osi&th=1&psc=1">View Product</a></div>
<div class="product"><a href="https://www.amazon.com/dp/B00HVI8WYU?tag=eloabder-20&linkCode=osi&th=1&psc=1"><img src="https://m.media-amazon.com/images/I/31educzzSsL._SL500_.jpg" alt="Product Image"></a><p>e.l.f. Hydrating Face Primer, Makeup Primer For Flawless, Smooth Skin & Long-Lasting Makeup, Fills In Pores & Fine Lines, Vegan & Cruelty-free, Small</p><p>$8.00</p><a href="https://www.amazon.com/dp/B00HVI8WYU?tag=eloabder-20&linkCode=osi&th=1&psc=1">View Product</a></div><div class="product"><a href="https://www.amazon.com/dp/B088W7L534?tag=eloabder-20&linkCode=osi&th=1&psc=1"><img src="https://m.media-amazon.com/images/I/31A5rZUAKyL._SL500_.jpg" alt="Product Image"></a><p>e.l.f. Monochromatic Multi Stick, Luxuriously Creamy & Blendable Color, For Eyes, Lips & Cheeks, Dazzling Peony, 0.17 oz (5 g)</p><p>$5.00</p><a href="https://www.amazon.com/dp/B088W7L534?tag=eloabder-20&linkCode=osi&th=1&psc=1">View Product</a></div><div class="product"><a href="https://www.amazon.com/dp/B0CMJZ8G6Y?tag=eloabder-20&linkCode=osi&th=1&psc=1"><img src="https://m.media-amazon.com/images/I/31KdGu0F8vL._SL500_.jpg" alt="Product Image"></a><p>e.l.f. Glow Reviver Lip Oil, Nourishing Tinted Lip Oil For A High-shine Finish, Infused With Jojoba Oil, Vegan & Cruelty-free, Rose Envy</p><p>$8.00</p><a href="https://www.amazon.com/dp/B0CMJZ8G6Y?tag=eloabder-20&linkCode=osi&th=1&psc=1">View Product</a></div><div class="product"><a href="https://www.amazon.com/dp/B08H3JPH74?tag=eloabder-20&linkCode=osi&th=1&psc=1"><img src="https://m.media-amazon.com/images/I/31hf532TEHL._SL500_.jpg" alt="Product Image"></a><p>Maybelline Lash Sensational Sky High Washable Mascara Makeup, Volumizing, Lengthening, Defining, Curling, Multiplying, Buildable Formula, Blackest Black, 1 Count</p><p>$9.98</p><a href="https://www.amazon.com/dp/B08H3JPH74?tag=eloabder-20&linkCode=osi&th=1&psc=1">View Product</a></div>
<div class="product"><a href="https://www.amazon.com/dp/B09C8VNWBP?tag=eloabder-20&linkCode=osi&th=1&psc=1"><img src="https://m.media-amazon.com/images/I/31ObnTRpJ5L._SL500_.jpg" alt="Product Image"></a><p>Lattafa Yara for Women Eau de Parfum Spray, 3.40 Ounce / 100 ml</p><p>$22.77 ($6.70 / Fl Oz)</p><a href="https://www.amazon.com/dp/B09C8VNWBP?tag=eloabder-20&linkCode=osi&th=1&psc=1">View Product</a></div><div class="product"><a href="https://www.amazon.com/dp/B000E7WHCI?tag=eloabder-20&linkCode=osi&th=1&psc=1"><img src="https://m.media-amazon.com/images/I/31V1XkKkWXL._SL500_.jpg" alt="Product Image"></a><p>Vera Wang Eau de Parfum for Women - Delicate, Floral Scent - Notes of Iris, Lillies, & Sandalwood - Feminine & Subtle - 3.4 Fl Oz</p><p>$26.47 ($7.79 / Fl Oz)</p><a href="https://www.amazon.com/dp/B000E7WHCI?tag=eloabder-20&linkCode=osi&th=1&psc=1">View Product</a></div><div class="product"><a href="https://www.amazon.com/dp/B0B1HB719V?tag=eloabder-20&linkCode=osi&th=1&psc=1"><img src="https://m.media-amazon.com/images/I/31R9CfuokSL._SL500_.jpg" alt="Product Image"></a><p>Sol de Janeiro Cheirosa '68 Hair & Body Fragrance Mist 90mL/3.0 fl oz.</p><p>$24.00 ($8.00 / Fl Oz)</p><a href="https://www.amazon.com/dp/B0B1HB719V?tag=eloabder-20&linkCode=osi&th=1&psc=1">View Product</a></div><div class="product"><a href="https://www.amazon.com/dp/B01KYRUBT8?tag=eloabder-20&linkCode=osi&th=1&psc=1"><img src="https://m.media-amazon.com/images/I/41BYbHm20iL._SL500_.jpg" alt="Product Image"></a><p>Al-Rehab Choco Musk Eau de Parfum Spray for Women, 1.7 Ounce</p><p>$7.80 ($4.59 / Fl Oz)</p><a href="https://www.amazon.com/dp/B01KYRUBT8?tag=eloabder-20&linkCode=osi&th=1&psc=1">View Product</a></div><div class="product"><a href="https://www.amazon.com/dp/B07NJJZK3W?tag=eloabder-20&linkCode=osi&th=1&psc=1"><img src="https://m.media-amazon.com/images/I/41YNfQAjjLL._SL500_.jpg" alt="Product Image"></a><p>Swiss Arabian Layali Rouge - Luxury Products From Dubai - Lasting And Addictive Personal Perfume Oil Fragrance - A Seductive, Signature Aroma - The Luxurious Scent Of Arabia - 0.5 Oz</p><p>$23.48 ($46.96 / Fl Oz)</p><a href="https://www.amazon.com/dp/B07NJJZK3W?tag=eloabder-20&linkCode=osi&th=1&psc=1">View Product</a></div><div class="product"><a href="https://www.amazon.com/dp/B000JL7WQK?tag=eloabder-20&linkCode=osi&th=1&psc=1"><img src="https://m.media-amazon.com/images/I/41WJsYdkRbL._SL500_.jpg" alt="Product Image"></a><p>Vera Wang Princess Eau de Toilette Spray for Women, Vanilla, 3.4 Fl Ounce</p><p>$25.49 ($7.50 / Fl Oz)</p><a href="https://www.amazon.com/dp/B000JL7WQK?tag=eloabder-20&linkCode=osi&th=1&psc=1">View Product</a></div><div class="product"><a href="https://www.amazon.com/dp/B000C1Z5AW?tag=eloabder-20&linkCode=osi&th=1&psc=1"><img src="https://m.media-amazon.com/images/I/31pCnWTh3yL._SL500_.jpg" alt="Product Image"></a><p>Pleasures By Estee Lauder For Women. Eau De Parfum Spray 3.4 Ounces</p><p>$35.00 ($10.29 / Fl Oz)</p><a href="https://www.amazon.com/dp/B000C1Z5AW?tag=eloabder-20&linkCode=osi&th=1&psc=1">View Product</a></div><div class="product"><a href="https://www.amazon.com/dp/B000P22TIY?tag=eloabder-20&linkCode=osi&th=1&psc=1"><img src="https://m.media-amazon.com/images/I/31h9AoIGn3L._SL500_.jpg" alt="Product Image"></a><p>Nautica Voyage Eau De Toilette for Men - Fresh, Romantic, Fruity Scent Woody, Aquatic Notes of Apple, Water Lotus, Cedarwood, and Musk Ideal Day Wear 3.3 Fl Oz</p><p>$18.90 ($5.73 / Fl Oz)</p><a href="https://www.amazon.com/dp/B000P22TIY?tag=eloabder-20&linkCode=osi&th=1&psc=1">View Product</a></div><div class="product"><a href="https://www.amazon.com/dp/B00GZP041Y?tag=eloabder-20&linkCode=osi&th=1&psc=1"><img src="https://m.media-amazon.com/images/I/41-2Bb4gj+L._SL500_.jpg" alt="Product Image"></a><p>Versace Bright Crystal Absolu Eau de Perfume Spray, 3.0 Ounce</p><p>$52.67 ($17.56 / Fl Oz)</p><a href="https://www.amazon.com/dp/B00GZP041Y?tag=eloabder-20&linkCode=osi&th=1&psc=1">View Product</a></div>





<div class="product"><a href="https://www.amazon.com/dp/B0B2RM68G2?tag=eloabder-20&linkCode=osi&th=1&psc=1"><img src="https://m.media-amazon.com/images/I/41VafG53fjL._SL500_.jpg" alt="Product Image"></a><p>BIODANCE Bio-Collagen Real Deep Mask, Hydrating Overnight Hydrogel Mask, Pore Minimizing, Elasticity Improvement, 34g x4ea</p><p>$19.00 ($4.75 / Count)</p><a href="https://www.amazon.com/dp/B0B2RM68G2?tag=eloabder-20&linkCode=osi&th=1&psc=1">View Product</a></div><div class="product"><a href="https://www.amazon.com/dp/B00BAM7F8C?tag=eloabder-20&linkCode=osi&th=1&psc=1"><img src="https://m.media-amazon.com/images/I/51jsS9SDHeL._SL500_.jpg" alt="Product Image"></a><p>DERMAL 16 Combo Pack A Collagen Essencce Korean Face Mask - Hydrating & Soothing Facial Mask with Panthenol - Hypoallergenic Self Care Sheet Mask for All Skin Types - Natural Home Spa Treatment Masks</p><p>$11.99</p><a href="https://www.amazon.com/dp/B00BAM7F8C?tag=eloabder-20&linkCode=osi&th=1&psc=1">View Product</a></div><div class="product"><a href="https://www.amazon.com/dp/B07FPJHPX1?tag=eloabder-20&linkCode=osi&th=1&psc=1"><img src="https://m.media-amazon.com/images/I/51uNOnTpxTL._SL500_.jpg" alt="Product Image"></a><p>Celavi Essence Facial Sheet Face Mask Variety Set Classic Authentic Korean Moisturizing Skincare (12-Packs)</p><p>$9.40 ($0.78 / Count)</p><a href="https://www.amazon.com/dp/B07FPJHPX1?tag=eloabder-20&linkCode=osi&th=1&psc=1">View Product</a></div><div class="product"><a href="https://www.amazon.com/dp/B0722LVW3B?tag=eloabder-20&linkCode=osi&th=1&psc=1"><img src="https://m.media-amazon.com/images/I/51Vm0lozSIL._SL500_.jpg" alt="Product Image"></a><p>DERMAL 24 Combo Pack A Collagen Essence Korean Face Mask - Hydrating & Soothing Facial Mask with Panthenol - Hypoallergenic Self Care Sheet Mask for All Skin Types - Natural Home Spa Treatment Mask</p><p>$16.99 ($0.71 / Count)</p><a href="https://www.amazon.com/dp/B0722LVW3B?tag=eloabder-20&linkCode=osi&th=1&psc=1">View Product</a></div><div class="product"><a href="https://www.amazon.com/dp/B0D7LXSSS5?tag=eloabder-20&linkCode=osi&th=1&psc=1"><img src="https://m.media-amazon.com/images/I/41N5HKnGTtL._SL500_.jpg" alt="Product Image"></a><p>SOYUB Collagen Face Mask - Hydrating Overnight Collagen Face Mask Deep Collagen Anti Wrinkle Lifting Mask - Pure Collagen Films for Improve Elasticity Firming And Moisturizing (4pcs/1 Box)</p><p>$13.79 ($3.45 / Count)</p><a href="https://www.amazon.com/dp/B0D7LXSSS5?tag=eloabder-20&linkCode=osi&th=1&psc=1">View Product</a></div><div class="product"><a href="https://www.amazon.com/dp/B007CY2C76?tag=eloabder-20&linkCode=osi&th=1&psc=1"><img src="https://m.media-amazon.com/images/I/31-131ZWvEL._SL500_.jpg" alt="Product Image"></a><p>Freeman Dead Sea Minerals Anti-Stress Clay Facial Mask, Hydrating & Clarifying, Clears Pores, Face Mask With Lavender & Bergamot For Radiant Skin, For All Skin Types, 6 fl. oz./175 mL Tube, 1 Count</p><p>$3.86 ($0.64 / Ounce)</p><a href="https://www.amazon.com/dp/B007CY2C76?tag=eloabder-20&linkCode=osi&th=1&psc=1">View Product</a></div>



<div class="product"><a href="https://www.amazon.com/dp/B0CZXG68J4?tag=eloabder-20&linkCode=osi&th=1&psc=1"><img src="https://m.media-amazon.com/images/I/41Xkis0092L._SL500_.jpg" alt="Product Image"></a><p>CNP Honey Lip Butter (0.5 fl.oz / 15ml) - Propolis Lipcerin™, Hydrating Overnight Manuka Lip Balm & Mask, 12hrs Long-lasting Moisture, Gentle Exfoliation, Hygienic Twist Dispenser, Korean Skin Care</p><p>$17.80 ($35.60 / Fl Oz)</p><a href="https://www.amazon.com/dp/B0CZXG68J4?tag=eloabder-20&linkCode=osi&th=1&psc=1">View Product</a></div><div class="product"><a href="https://www.amazon.com/dp/B08GJH4RZV?tag=eloabder-20&linkCode=osi&th=1&psc=1"><img src="https://m.media-amazon.com/images/I/41PXqEpAI1L._SL500_.jpg" alt="Product Image"></a><p>2PCS Lip Mask Overnight, Honey&Sakura Day and Night Repair Sleeping Lip Balm, Fade Lip Lines Bee Balm, Hydrating &Prevention Dry and Crack Lip Scrubs Exfoliator</p><p>$6.49</p><a href="https://www.amazon.com/dp/B08GJH4RZV?tag=eloabder-20&linkCode=osi&th=1&psc=1">View Product</a></div><div class="product"><a href="https://www.amazon.com/dp/B07XXPHQZK?tag=eloabder-20&linkCode=osi&th=1&psc=1"><img src="https://m.media-amazon.com/images/I/31mJBoxFgQL._SL500_.jpg" alt="Product Image"></a><p>LANEIGE Lip Sleeping Mask Berry: Nourish, Hydrate, Vitamin C, Murumuru & Shea Butter, Antioxidants, Flaky, Dry Lips</p><p>$24.00 ($34.29 / Ounce)</p><a href="https://www.amazon.com/dp/B07XXPHQZK?tag=eloabder-20&linkCode=osi&th=1&psc=1">View Product</a></div><div class="product"><a href="https://www.amazon.com/dp/B07Y91BMSK?tag=eloabder-20&linkCode=osi&th=1&psc=1"><img src="https://m.media-amazon.com/images/I/51P5ul4ewsL._SL500_.jpg" alt="Product Image"></a><p>NIVEA Lip Care, Fruity Tinted Lip Balm Variety Pack, Includes Cherry, Strawberry, Blackberry and Watermelon Scents, 0.17 Oz, Pack of 4</p><p>$9.69</p><a href="https://www.amazon.com/dp/B07Y91BMSK?tag=eloabder-20&linkCode=osi&th=1&psc=1">View Product</a></div><div class="product"><a href="https://www.amazon.com/dp/B082JJ4D98?tag=eloabder-20&linkCode=osi&th=1&psc=1"><img src="https://m.media-amazon.com/images/I/41zIrQdHI5L._SL500_.jpg" alt="Product Image"></a><p>NIVEA Smoothness Lip Care, Lip Balm SPF 15, Mineral Oil Free Lip Moisturizer with Shea Butter, Jojoba Oil and Avocado Oil, 0.17 Oz, Pack of 4</p><p>$8.40</p><a href="https://www.amazon.com/dp/B082JJ4D98?tag=eloabder-20&linkCode=osi&th=1&psc=1">View Product</a></div><div class="product"><a href="https://www.amazon.com/dp/B07MBHRYTJ?tag=eloabder-20&linkCode=osi&th=1&psc=1"><img src="https://m.media-amazon.com/images/I/410u8zP2pDL._SL500_.jpg" alt="Product Image"></a><p>Palmer's Coconut Oil Formula Lip Balm Duo, All-Day Moisturization, Lip Balm Easter Basket Stuffers, Hydrates Dry, Cracked Lips (Pack of 2)</p><p>$3.10 ($1.94 / Ounce)</p><a href="https://www.amazon.com/dp/B07MBHRYTJ?tag=eloabder-20&linkCode=osi&th=1&psc=1">View Product</a></div><div class="product"><a href="https://www.amazon.com/dp/B07YG8YVQW?tag=eloabder-20&linkCode=osi&th=1&psc=1"><img src="https://m.media-amazon.com/images/I/41tKxZOfwPL._SL500_.jpg" alt="Product Image"></a><p>NIVEA Moisture Lip Care, Lip Balm Stick with Shea Butter, Jojoba Oil and Avocado Oil, 0.17 Oz, Pack of 4</p><p>$9.98</p><a href="https://www.amazon.com/dp/B07YG8YVQW?tag=eloabder-20&linkCode=osi&th=1&psc=1">View Product</a></div><div class="product"><a href="https://www.amazon.com/dp/B08C8WMPMR?tag=eloabder-20&linkCode=osi&th=1&psc=1"><img src="https://m.media-amazon.com/images/I/410NuIkftlL._SL500_.jpg" alt="Product Image"></a><p>eos Medicated Lip Balm - The Fixer | Lip Care to Repair and Protect Chapped and Dry Lips | Instant Cooling and Pain Relief with Natural Ingredients | 0.35 oz</p><p>$3.97 ($11.34 / Fl Oz)</p><a href="https://www.amazon.com/dp/B08C8WMPMR?tag=eloabder-20&linkCode=osi&th=1&psc=1">View Product</a></div>




<div class="product"><a href="https://www.amazon.com/dp/B002CMLS50?tag=eloabder-20&linkCode=osi&th=1&psc=1"><img src="https://m.media-amazon.com/images/I/314ruNgESmL._SL500_.jpg" alt="Product Image"></a><p>Moroccanoil Hydrating Styling Cream, 10.2 Fl. Oz.</p><p>$36.00 ($3.53 / Fl Oz)</p><a href="https://www.amazon.com/dp/B002CMLS50?tag=eloabder-20&linkCode=osi&th=1&psc=1">View Product</a></div><div class="product"><a href="https://www.amazon.com/dp/B0050N4DLE?tag=eloabder-20&linkCode=osi&th=1&psc=1"><img src="https://m.media-amazon.com/images/I/31-lmMmL35L._SL500_.jpg" alt="Product Image"></a><p>Garnier Fructis Style Pure Clean Styling Gel 6.8 Fl Oz, 1 Count, (Packaging May Vary)</p><p>$4.49 ($0.66 / Fl Oz)</p><a href="https://www.amazon.com/dp/B0050N4DLE?tag=eloabder-20&linkCode=osi&th=1&psc=1">View Product</a></div><div class="product"><a href="https://www.amazon.com/dp/B07KB39L6L?tag=eloabder-20&linkCode=osi&th=1&psc=1"><img src="https://m.media-amazon.com/images/I/51U76BCUc5L._SL500_.jpg" alt="Product Image"></a><p>Hair Dough Styling Clay For Men, Matte Finish Molding Hair Wax Paste Quiff, Strong Hold Without The Shine</p><p>$18.99 ($5.43 / Ounce)</p><a href="https://www.amazon.com/dp/B07KB39L6L?tag=eloabder-20&linkCode=osi&th=1&psc=1">View Product</a></div><div class="product"><a href="https://www.amazon.com/dp/B0914XZT2W?tag=eloabder-20&linkCode=osi&th=1&psc=1"><img src="https://m.media-amazon.com/images/I/417h8kM6cCL._SL500_.jpg" alt="Product Image"></a><p>Samnyte Hair Wax Stick, Wax Stick for Hair Slick Stick, Hair Wax Stick for Women Kids, Hair Gel Stick for Girls Hair Accessories for Women Fly away Hair Tamer, Hair Bun Maker for Kids Styling Cream</p><p>$7.99 ($2.96 / Fl Oz)</p><a href="https://www.amazon.com/dp/B0914XZT2W?tag=eloabder-20&linkCode=osi&th=1&psc=1">View Product</a></div>



<div class="product"><a href="https://www.amazon.com/dp/B00A8S6HM4?tag=eloabder-20&linkCode=osi&th=1&psc=1"><img src="https://m.media-amazon.com/images/I/31tIssP5CQL._SL500_.jpg" alt="Product Image"></a><p>Gold Bond Healing Hand Cream, 3 oz., With Aloe, Moisture That Lasts Through Handwashing</p><p>$3.97 ($1.32 / Ounce)</p><a href="https://www.amazon.com/dp/B00A8S6HM4?tag=eloabder-20&linkCode=osi&th=1&psc=1">View Product</a></div><div class="product"><a href="https://www.amazon.com/dp/B006UEOQ5K?tag=eloabder-20&linkCode=osi&th=1&psc=1"><img src="https://m.media-amazon.com/images/I/316StCvRHcL._SL500_.jpg" alt="Product Image"></a><p>L’Occitane Shea Butter Hand Cream 5.1 Oz: Nourishes Very Dry Hands, Protects Skin, With 20% Organic Shea Butter, Vegan, 1 Sold Every 3 Seconds*</p><p>$27.00</p><a href="https://www.amazon.com/dp/B006UEOQ5K?tag=eloabder-20&linkCode=osi&th=1&psc=1">View Product</a></div><div class="product"><a href="https://www.amazon.com/dp/B00EYOSA9G?tag=eloabder-20&linkCode=osi&th=1&psc=1"><img src="https://m.media-amazon.com/images/I/41bhc+gcG0L._SL500_.jpg" alt="Product Image"></a><p>La Roche-Posay Cicaplast Hand Cream, Instant Relief Moisturizing Dry Hands Shea Butter Lotion for Dry Cracked Hands, Non Greasy, Fragrance Free, 1.69 Fl Oz (Pack of 1)</p><p>$11.99 ($7.05 / Fl Oz)</p><a href="https://www.amazon.com/dp/B00EYOSA9G?tag=eloabder-20&linkCode=osi&th=1&psc=1">View Product</a></div><div class="product"><a href="https://www.amazon.com/dp/B00BN2UF54?tag=eloabder-20&linkCode=osi&th=1&psc=1"><img src="https://m.media-amazon.com/images/I/41JdUlyNn5L._SL500_.jpg" alt="Product Image"></a><p>CeraVe Therapeutic Hand Cream for Dry Cracked Hands With Hyaluronic Acid and Niacinamide | Fragrance Free 3 Ounce</p><p>$10.47 ($3.49 / Ounce)</p><a href="https://www.amazon.com/dp/B00BN2UF54?tag=eloabder-20&linkCode=osi&th=1&psc=1">View Product</a></div><div class="product"><a href="https://www.amazon.com/dp/B09QP658PT?tag=eloabder-20&linkCode=osi&th=1&psc=1"><img src="https://m.media-amazon.com/images/I/31W-klVFPhL._SL500_.jpg" alt="Product Image"></a><p>eos Shea Better Hand Cream - Vanilla Cashmere | Instant Hydration + Lasting Protection | 2.5 oz</p><p>$3.97 ($1.59 / Fl Oz)</p><a href="https://www.amazon.com/dp/B09QP658PT?tag=eloabder-20&linkCode=osi&th=1&psc=1">View Product</a></div><div class="product"><a href="https://www.amazon.com/dp/B00121UVU0?tag=eloabder-20&linkCode=osi&th=1&psc=1"><img src="https://m.media-amazon.com/images/I/41eeed+P5BL._SL500_.jpg" alt="Product Image"></a><p>O'Keeffe's Working Hands Hand Cream for Extremely Dry, Cracked Hands, 3.4 Ounce Jar, (Pack 1)</p><p>$8.48 ($2.49 / Ounce)</p><a href="https://www.amazon.com/dp/B00121UVU0?tag=eloabder-20&linkCode=osi&th=1&psc=1">View Product</a></div><div class="product"><a href="https://www.amazon.com/dp/B0148PKYXU?tag=eloabder-20&linkCode=osi&th=1&psc=1"><img src="https://m.media-amazon.com/images/I/41cwut0DGKL._SL500_.jpg" alt="Product Image"></a><p>O'Keeffe's Working Hands Hand Cream, Relieves and Repairs Extremely Dry Hands, 3 oz Tube, (Pack of 2)</p><p>$15.17 ($2.53 / Ounce)</p><a href="https://www.amazon.com/dp/B0148PKYXU?tag=eloabder-20&linkCode=osi&th=1&psc=1">View Product</a></div><div class="product"><a href="https://www.amazon.com/dp/B08Q1B7DVZ?tag=eloabder-20&linkCode=osi&th=1&psc=1"><img src="https://m.media-amazon.com/images/I/41KbVXj2k4L._SL500_.jpg" alt="Product Image"></a><p>Neutrogena Norwegian Formula Moisturizing Hand Cream Formulated with Glycerin for Dry, Rough Hands, Fragrance-Free Intensive Hand Lotion, 2 oz, Pack of 6</p><p>$32.94 ($2.74 / Ounce)</p><a href="https://www.amazon.com/dp/B08Q1B7DVZ?tag=eloabder-20&linkCode=osi&th=1&psc=1">View Product</a></div><div class="product"><a href="https://www.amazon.com/dp/B017WJ9HHS?tag=eloabder-20&linkCode=osi&th=1&psc=1"><img src="https://m.media-amazon.com/images/I/41m9V-aLjwL._SL500_.jpg" alt="Product Image"></a><p>Vaseline Intensive Care Healthy Hands + Stronger Nails Hand Cream 75Ml - Pack of 2</p><p>$6.00 ($1.20 / Fl Oz)</p><a href="https://www.amazon.com/dp/B017WJ9HHS?tag=eloabder-20&linkCode=osi&th=1&psc=1">View Product</a></div><div class="product"><a href="https://www.amazon.com/dp/B002PK0ROM?tag=eloabder-20&linkCode=osi&th=1&psc=1"><img src="https://m.media-amazon.com/images/I/51ACxQvzcbL._SL500_.jpg" alt="Product Image"></a><p>Burt's Bees Almond & Milk Hand Cream, 2 Oz (Package May Vary)</p><p>$8.84 ($4.42 / Ounce)</p><a href="https://www.amazon.com/dp/B002PK0ROM?tag=eloabder-20&linkCode=osi&th=1&psc=1">View Product</a></div>
<div class="product"><a href="https://www.amazon.com/dp/B08YZ7B2QC?tag=eloabder-20&linkCode=osi&th=1&psc=1"><img src="https://m.media-amazon.com/images/I/51oKaSNnAqL._SL500_.jpg" alt="Product Image"></a><p>Dr. Scholl's Dry, Cracked Skin, Ultra Hydrating Foot Mask, 3 Pairs Moisturizing Socks: Intensely Moisturizes Repairs and Softens Rough Dry Skin with Urea & Essential Oils for Dry Cracked Feet</p><p>$8.97 ($2.99 / Count)</p><a href="https://www.amazon.com/dp/B08YZ7B2QC?tag=eloabder-20&linkCode=osi&th=1&psc=1">View Product</a></div><div class="product"><a href="https://www.amazon.com/dp/B08YZBKZPB?tag=eloabder-20&linkCode=osi&th=1&psc=1"><img src="https://m.media-amazon.com/images/I/41ktbxpRfPL._SL500_.jpg" alt="Product Image"></a><p>Dr. Scholl's Dry, Cracked Foot Repair Ultra-Hydrating Foot Cream Moisturizer, 3.5 oz, Skin Care Foot Lotion with 25% Urea for Dry Cracked Feet, Heals and Moisturizes for Healthy Feet</p><p>$5.89 ($1.68 / Ounce)</p><a href="https://www.amazon.com/dp/B08YZBKZPB?tag=eloabder-20&linkCode=osi&th=1&psc=1">View Product</a></div><div class="product"><a href="https://www.amazon.com/dp/B0081C2I22?tag=eloabder-20&linkCode=osi&th=1&psc=1"><img src="https://m.media-amazon.com/images/I/41f3N9+RSFL._SL500_.jpg" alt="Product Image"></a><p>Palmer's Cocoa Butter Formula Foot Magic Moisturizing Foot Cream for Dry, Cracked Heels, Feet Moisturizer with Peppermint Oil & Vitamin E, 2.1 Ounces</p><p>$4.22 ($2.01 / Ounce)</p><a href="https://www.amazon.com/dp/B0081C2I22?tag=eloabder-20&linkCode=osi&th=1&psc=1">View Product</a></div><div class="product"><a href="https://www.amazon.com/dp/B0859JFWDT?tag=eloabder-20&linkCode=osi&th=1&psc=1"><img src="https://m.media-amazon.com/images/I/51JZjw73KSL._SL500_.jpg" alt="Product Image"></a><p>New York Biology Tea Tree Oil Foot Cream for Dry Cracked Feet, Athletes Foot, Nail Fungus, Jock Itch, Ringworm, Cracked Heels and Itchy Skin - Foot Cream - 8 oz</p><p>$9.99 ($1.25 / Ounce)</p><a href="https://www.amazon.com/dp/B0859JFWDT?tag=eloabder-20&linkCode=osi&th=1&psc=1">View Product</a></div><div class="product"><a href="https://www.amazon.com/dp/B0829DGWD5?tag=eloabder-20&linkCode=osi&th=1&psc=1"><img src="https://m.media-amazon.com/images/I/51T+i65E1rL._SL500_.jpg" alt="Product Image"></a><p>Tea Tree Oil Foot Soak with Epsom Salt - For Toenail Repair, Athletes Foot, Softens Calluses, Soothes Sore & Tired Feet, Nail Discoloration, odor Scent, Spa Pedicure Care - Made in USA 16 oz</p><p>$15.97 ($1.00 / Ounce)</p><a href="https://www.amazon.com/dp/B0829DGWD5?tag=eloabder-20&linkCode=osi&th=1&psc=1">View Product</a></div><div class="product"><a href="https://www.amazon.com/dp/B0B5FFBZ73?tag=eloabder-20&linkCode=osi&th=1&psc=1"><img src="https://m.media-amazon.com/images/I/41sofSvikeL._SL500_.jpg" alt="Product Image"></a><p>Aquaphor Repairing Foot Masks, Moisturizing Socks for Dry Feet, Hydrating Foot Care Treatment with Avocado Oil and Shea Butter, Pack of 6</p><p>$29.94 ($4.99 / Count)</p><a href="https://www.amazon.com/dp/B0B5FFBZ73?tag=eloabder-20&linkCode=osi&th=1&psc=1">View Product</a></div><div class="product"><a href="https://www.amazon.com/dp/B00VPVEVSK?tag=eloabder-20&linkCode=osi&th=1&psc=1"><img src="https://m.media-amazon.com/images/I/51WbGRy3xOL._SL500_.jpg" alt="Product Image"></a><p>Colossal Foot rasp Foot File and Callus Remover. Best Foot Care Pedicure Metal Surface Tool to Remove Hard Skin. Can be Used on Both Wet and Dry feet, High Grade Stainless Steel File</p><p>$9.99 ($9.99 / Count)</p><a href="https://www.amazon.com/dp/B00VPVEVSK?tag=eloabder-20&linkCode=osi&th=1&psc=1">View Product</a></div>

<div class="product"><a href="https://www.amazon.com/dp/B0D3JDYWZ6?tag=eloabder-20&linkCode=osi&th=1&psc=1"><img src="https://m.media-amazon.com/images/I/41c+v1LLXzL._SL500_.jpg" alt="Product Image"></a><p>e.l.f. Soft Glam Foundation, Medium Coverage, Long-Lasting & Buildable Foundation For A Smooth, Satin Finish, Vegan & Cruelty-Free, 31 Medium Neutral</p><p>$7.99</p><a href="https://www.amazon.com/dp/B0D3JDYWZ6?tag=eloabder-20&linkCode=osi&th=1&psc=1">View Product</a></div><div class="product"><a href="https://www.amazon.com/dp/B07DFK238H?tag=eloabder-20&linkCode=osi&th=1&psc=1"><img src="https://m.media-amazon.com/images/I/31mAhNJ+4hL._SL500_.jpg" alt="Product Image"></a><p>e.l.f. Flawless Finish Foundation, Lightweight & Medium Coverage, Semi-Matte Finish, Light Ivory, 0.68 Fl Oz (20mL)</p><p>$6.00</p><a href="https://www.amazon.com/dp/B07DFK238H?tag=eloabder-20&linkCode=osi&th=1&psc=1">View Product</a></div><div class="product"><a href="https://www.amazon.com/dp/B0BCH5WVW6?tag=eloabder-20&linkCode=osi&th=1&psc=1"><img src="https://m.media-amazon.com/images/I/31wajekqpGL._SL500_.jpg" alt="Product Image"></a><p>L'Oreal Paris True Match Super-Blendable Foundation, Medium Coverage Liquid Foundation Makeup, N4, Light Medium, 1 Fl Oz</p><p>$9.97</p><a href="https://www.amazon.com/dp/B0BCH5WVW6?tag=eloabder-20&linkCode=osi&th=1&psc=1">View Product</a></div><div class="product"><a href="https://www.amazon.com/dp/B01CC0GUD6?tag=eloabder-20&linkCode=osi&th=1&psc=1"><img src="https://m.media-amazon.com/images/I/310NgUccokL._SL500_.jpg" alt="Product Image"></a><p>Milani Conceal + Perfect Liquid Foundation - Light Beige, 1 Fl. Oz. Cruelty-Free, Water-Resistant, Oil-Free, Medium-To-Full Coverage, Satin Matte Finish</p><p>$10.97</p><a href="https://www.amazon.com/dp/B01CC0GUD6?tag=eloabder-20&linkCode=osi&th=1&psc=1">View Product</a></div><div class="product"><a href="https://www.amazon.com/dp/B091D8BXSQ?tag=eloabder-20&linkCode=osi&th=1&psc=1"><img src="https://m.media-amazon.com/images/I/31ktknDTqTL._SL500_.jpg" alt="Product Image"></a><p>L'Oreal Paris True Match Nude Hyaluronic Tinted Serum Foundation with 1% Hyaluronic acid, Light 2-3, 1 fl. oz.</p><p>$15.18</p><a href="https://www.amazon.com/dp/B091D8BXSQ?tag=eloabder-20&linkCode=osi&th=1&psc=1">View Product</a></div>



<div class="product"><a href="https://www.amazon.com/dp/B08GSTPT8Y?tag=eloabder-20&linkCode=osi&th=1&psc=1"><img src="https://m.media-amazon.com/images/I/41sX+hKcbML._SL500_.jpg" alt="Product Image"></a><p>AOA Studio Collection makeup Sponge Set Latex Free and High-definition Set of 6 makeup Wonder blender For Powder Cream and Liquid, Super Soft Wonder Beauty Cosmetic</p><p>$9.95 ($1.66 / Count)</p><a href="https://www.amazon.com/dp/B08GSTPT8Y?tag=eloabder-20&linkCode=osi&th=1&psc=1">View Product</a></div><div class="product"><a href="https://www.amazon.com/dp/B0CJFFR574?tag=eloabder-20&linkCode=osi&th=1&psc=1"><img src="https://m.media-amazon.com/images/I/41nkQ05yLcL._SL500_.jpg" alt="Product Image"></a><p>SUNGBOON EDITOR Deep Collagen Overnight Mask 37gx4ea | The real collagen 2,160,000ppb | Facial Hydrogel Masks with low molecular weight collagen for elasticity, firming, and moisturizing</p><p>$19.00 ($4.75 / Count)</p><a href="https://www.amazon.com/dp/B0CJFFR574?tag=eloabder-20&linkCode=osi&th=1&psc=1">View Product</a></div><div class="product"><a href="https://www.amazon.com/dp/B0B45LL4DD?tag=eloabder-20&linkCode=osi&th=1&psc=1"><img src="https://m.media-amazon.com/images/I/31ZNIWikbtL._SL500_.jpg" alt="Product Image"></a><p>Beauty of Joseon Revive Eye Serum with Retinal Niacinamide Correction for Puffy Eye Bags Fine Lines Dark Circles Wrinkles, Korean Skin Care 30ml, 1 fl.oz</p><p>$14.50 ($14.50 / Fl Oz)</p><a href="https://www.amazon.com/dp/B0B45LL4DD?tag=eloabder-20&linkCode=osi&th=1&psc=1">View Product</a></div><div class="product"><a href="https://www.amazon.com/dp/B0C4H1GPG1?tag=eloabder-20&linkCode=osi&th=1&psc=1"><img src="https://m.media-amazon.com/images/I/41jyzyKyY2L._SL500_.jpg" alt="Product Image"></a><p>BEAKEY Latex Free Blender Makeup Sponge for Blending, Pink Makeup Sponge Set, Soft Beauty Sponge, for Flawless Application of Liquid, Cream, and Powder Cosmetics, Pink Makeup Gifts</p><p>$6.99 ($1.40 / Count)</p><a href="https://www.amazon.com/dp/B0C4H1GPG1?tag=eloabder-20&linkCode=osi&th=1&psc=1">View Product</a></div><div class="product"><a href="https://www.amazon.com/dp/B00QPNVC0I?tag=eloabder-20&linkCode=osi&th=1&psc=1"><img src="https://m.media-amazon.com/images/I/31wV3gYUEpL._SL500_.jpg" alt="Product Image"></a><p>Real Techniques Miracle Complexion Sponge Set Duo, 2 Makeup Sponges For Liquid & Cream Makeup, Makeup Blender Sponge For Buildable Coverage, Foundation Sponge For Natural, Dewy Base, Latex-Free Foam</p><p>$7.69 ($3.84 / Count)</p><a href="https://www.amazon.com/dp/B00QPNVC0I?tag=eloabder-20&linkCode=osi&th=1&psc=1">View Product</a></div><div class="product"><a href="https://www.amazon.com/dp/B0CZYJYX4Q?tag=eloabder-20&linkCode=osi&th=1&psc=1"><img src="https://m.media-amazon.com/images/I/31hNatkE-9L._SL500_.jpg" alt="Product Image"></a><p>LANEIGE Lip Glowy Balm Mango: Hydrate, Glossy, Lightweight, Moisturize & Tint with Shea Butter</p><p>$19.00 ($54.29 / Ounce)</p><a href="https://www.amazon.com/dp/B0CZYJYX4Q?tag=eloabder-20&linkCode=osi&th=1&psc=1">View Product</a></div><div class="product"><a href="https://www.amazon.com/dp/B0CXQR14J3?tag=eloabder-20&linkCode=osi&th=1&psc=1"><img src="https://m.media-amazon.com/images/I/31RRaB6c+JL._SL500_.jpg" alt="Product Image"></a><p>e.l.f. Power Grip Dewy Setting Spray, Ultra Fine Mist Made With Hyaluronic Acid, Grips Makeup For A Hydrated, Dewy Finish, Vegan & Cruelty-Free</p><p>$10.00 ($3.70 / Fl Oz)</p><a href="https://www.amazon.com/dp/B0CXQR14J3?tag=eloabder-20&linkCode=osi&th=1&psc=1">View Product</a></div>
<div class="product"><a href="https://www.amazon.com/dp/B0057X7S7I?tag=eloabder-20&linkCode=osi&th=1&psc=1"><img src="https://m.media-amazon.com/images/I/31EGxy1hPjL._SL500_.jpg" alt="Product Image"></a><p>Rimmel Stay Glossy Lip Gloss - Non-Sticky and Lightweight Formula for Lip Color and Shine - 120 Non-Stop Glamour, .18oz</p><p>$3.97</p><a href="https://www.amazon.com/dp/B0057X7S7I?tag=eloabder-20&linkCode=osi&th=1&psc=1">View Product</a></div><div class="product"><a href="https://www.amazon.com/dp/B07MWTH3BY?tag=eloabder-20&linkCode=osi&th=1&psc=1"><img src="https://m.media-amazon.com/images/I/31xb-X48IBL._SL500_.jpg" alt="Product Image"></a><p>e.l.f. Monochromatic Multi Stick, Luxuriously Creamy & Blendable Color, For Eyes, Lips & Cheeks, Glistening Peach, 0.17 oz (5g)</p><p>$5.00</p><a href="https://www.amazon.com/dp/B07MWTH3BY?tag=eloabder-20&linkCode=osi&th=1&psc=1">View Product</a></div><div class="product"><a href="https://www.amazon.com/dp/B0CPFXMMBH?tag=eloabder-20&linkCode=osi&th=1&psc=1"><img src="https://m.media-amazon.com/images/I/21poCyHDdxL._SL500_.jpg" alt="Product Image"></a><p>e.l.f. Instant Lift Waterproof Brow Pencil, Long-Lasting Eyebrow Pencil For Grooming & Shaping Eyebrows, Vegan & Cruelty-free, Taupe</p><p>$3.00</p><a href="https://www.amazon.com/dp/B0CPFXMMBH?tag=eloabder-20&linkCode=osi&th=1&psc=1">View Product</a></div><div class="product"><a href="https://www.amazon.com/dp/B082YQ4QWW?tag=eloabder-20&linkCode=osi&th=1&psc=1"><img src="https://m.media-amazon.com/images/I/31S+aqgvx6L._SL500_.jpg" alt="Product Image"></a><p>wet n wild Mega Last High-Shine Lipstick Lip Color, Infused with Seed Oils For a Nourishing High-Shine, Buildable & Blendable Creamy Color, Cruelty-Free & Vegan - Pinky Ring</p><p>$2.28</p><a href="https://www.amazon.com/dp/B082YQ4QWW?tag=eloabder-20&linkCode=osi&th=1&psc=1">View Product</a></div><div class="product"><a href="https://www.amazon.com/dp/B0BDD7D34M?tag=eloabder-20&linkCode=osi&th=1&psc=1"><img src="https://m.media-amazon.com/images/I/51O5AVRXcUL._SL500_.jpg" alt="Product Image"></a><p>Maskiss 24k Gold Under Eye Patches (25 Pairs), eye mask, Collagen Skin Care Products, Eye Patches for Puffy Eyes, eye masks for dark circles and puffiness</p><p>$14.99 ($0.60 / Count)</p><a href="https://www.amazon.com/dp/B0BDD7D34M?tag=eloabder-20&linkCode=osi&th=1&psc=1">View Product</a></div><div class="product"><a href="https://www.amazon.com/dp/B004BCXEF6?tag=eloabder-20&linkCode=osi&th=1&psc=1"><img src="https://m.media-amazon.com/images/I/31t3gAw-N7L._SL500_.jpg" alt="Product Image"></a><p>L’Oreal Paris Makeup Voluminous Original Volume Building Waterproof Mascara, Carbon Black, 0.23 Fl Oz</p><p>$8.98</p><a href="https://www.amazon.com/dp/B004BCXEF6?tag=eloabder-20&linkCode=osi&th=1&psc=1">View Product</a></div>
<div class="product"><a href="https://www.amazon.com/dp/B0BSZ23FTF?tag=eloabder-20&linkCode=osi&th=1&psc=1"><img src="https://m.media-amazon.com/images/I/31GRN7P2p8L._SL500_.jpg" alt="Product Image"></a><p>Bubble Skincare Slam Dunk Face Moisturizer - Hydrating Face Cream for Dry Skin Made with Vitamin E + Aloe Vera Juice for a Glowing Complexion - Skin Care with Blue Light Protection (50ml)</p><p>$14.98 ($8.81 / Ounce)</p><a href="https://www.amazon.com/dp/B0BSZ23FTF?tag=eloabder-20&linkCode=osi&th=1&psc=1">View Product</a></div><div class="product"><a href="https://www.amazon.com/dp/B08T7DSZYD?tag=eloabder-20&linkCode=osi&th=1&psc=1"><img src="https://m.media-amazon.com/images/I/41WwUSxcyGL._SL500_.jpg" alt="Product Image"></a><p>e.l.f. SKIN Hydrated Ever After Skincare Mini Kit, Cleanser, Makeup Remover, Moisturiser & Eye Cream For Hydrating Skin, Airplane-Friendly Sizes</p><p>$19.99</p><a href="https://www.amazon.com/dp/B08T7DSZYD?tag=eloabder-20&linkCode=osi&th=1&psc=1">View Product</a></div><div class="product"><a href="https://www.amazon.com/dp/B0BSYX57T2?tag=eloabder-20&linkCode=osi&th=1&psc=1"><img src="https://m.media-amazon.com/images/I/31ssRlEo5QL._SL500_.jpg" alt="Product Image"></a><p>Bubble Skincare Bounce Back Balancing Facial Toner Mist - Hydrating Toner Spray + Pore Minimizer Made with Sea Water and Niacinamide to Help Improve Texture & Radiance (55ml)</p><p>$12.99 ($7.22 / Fl Oz)</p><a href="https://www.amazon.com/dp/B0BSYX57T2?tag=eloabder-20&linkCode=osi&th=1&psc=1">View Product</a></div><div class="product"><a href="https://www.amazon.com/dp/B000VPPUEA?tag=eloabder-20&linkCode=osi&th=1&psc=1"><img src="https://m.media-amazon.com/images/I/31e4JzjWhkL._SL500_.jpg" alt="Product Image"></a><p>Bio-Oil Skincare Body Oil, Vitamin E, Serum for Scars & Stretchmarks, Face & Body Moisturizer, 2 oz, All Skin Types</p><p>$11.12 ($5.56 / Fl Oz)</p><a href="https://www.amazon.com/dp/B000VPPUEA?tag=eloabder-20&linkCode=osi&th=1&psc=1">View Product</a></div><div class="product"><a href="https://www.amazon.com/dp/B0C2JPBNFX?tag=eloabder-20&linkCode=osi&th=1&psc=1"><img src="https://m.media-amazon.com/images/I/51LF1OXoo0L._SL500_.jpg" alt="Product Image"></a><p>Celavi K-Beauty Skincare Essence Facial Face Mask Korea Skin Care Moisturizing B Set 12 Pack</p><p>$9.99 ($0.83 / Count)</p><a href="https://www.amazon.com/dp/B0C2JPBNFX?tag=eloabder-20&linkCode=osi&th=1&psc=1">View Product</a></div><div class="product"><a href="https://www.amazon.com/dp/B0BSYJYQY2?tag=eloabder-20&linkCode=osi&th=1&psc=1"><img src="https://m.media-amazon.com/images/I/31aQkQwjJYL._SL500_.jpg" alt="Product Image"></a><p>Bubble Skincare Level Up Balancing Face Moisturizer - Hydrating Gel Moisturizer Formulated with Zinc PCA + Niacinamide for Improved Texture & Radiance - Skin Care for Oily or Combination Skin (50ml)</p><p>$14.99 ($8.87 / Fl Oz)</p><a href="https://www.amazon.com/dp/B0BSYJYQY2?tag=eloabder-20&linkCode=osi&th=1&psc=1">View Product</a></div><div class="product"><a href="https://www.amazon.com/dp/B0B826XRPH?tag=eloabder-20&linkCode=osi&th=1&psc=1"><img src="https://m.media-amazon.com/images/I/516nsOEA-mL._SL500_.jpg" alt="Product Image"></a><p>AURUZA Ice Face Roller and Gua Sha Set, Ice Roller for Face & Eye Puffiness Relief Beauty Facial Rollers Mold Icing Massage Skin Care Tools for Brighten Lubricate Shrink Pores Remove Fine Lines</p><p>$5.49</p><a href="https://www.amazon.com/dp/B0B826XRPH?tag=eloabder-20&linkCode=osi&th=1&psc=1">View Product</a></div><div class="product"><a href="https://www.amazon.com/dp/B0BS8Y2FLK?tag=eloabder-20&linkCode=osi&th=1&psc=1"><img src="https://m.media-amazon.com/images/I/41CX-bGjaRL._SL500_.jpg" alt="Product Image"></a><p>PEAUAMIE Under Eye Patches (30 Pairs) Gold Eye Mask and Hyaluronic Acid Eye Patches for puffy eyes,Rose Eye Masks for Dark Circles and Puffiness under eye skin care Smooth Wrinkles products</p><p>$9.99 ($0.33 / Count)</p><a href="https://www.amazon.com/dp/B0BS8Y2FLK?tag=eloabder-20&linkCode=osi&th=1&psc=1">View Product</a></div><div class="product"><a href="https://www.amazon.com/dp/B09NXS395V?tag=eloabder-20&linkCode=osi&th=1&psc=1"><img src="https://m.media-amazon.com/images/I/41ZHn0qwWwL._SL500_.jpg" alt="Product Image"></a><p>NAZANO Under Eye Patches - 60 Pcs - 24K Gold Eye Mask- Puffy Eyes & Dark Circles Treatments,Reduce Under Eye Bags and Smooth Wrinkles,Eye Skin Care Pads With Collagen,Hyaluronic Acid & Castor Oil</p><p>$8.99 ($0.30 / Count)</p><a href="https://www.amazon.com/dp/B09NXS395V?tag=eloabder-20&linkCode=osi&th=1&psc=1">View Product</a></div>
<div class="product"><a href="https://www.amazon.com/dp/B01N9SPQHQ?tag=eloabder-20&linkCode=osi&th=1&psc=1"><img src="https://m.media-amazon.com/images/I/41NHgWAaYAL._SL500_.jpg" alt="Product Image"></a><p>La Roche-Posay Toleriane Double Repair Face Moisturizer, Daily Moisturizer Face Cream with Ceramide and Niacinamide for All Skin Types, Oil Free, Fragrance Free</p><p>$23.99 ($7.10 / Fl Oz)</p><a href="https://www.amazon.com/dp/B01N9SPQHQ?tag=eloabder-20&linkCode=osi&th=1&psc=1">View Product</a></div><div class="product"><a href="https://www.amazon.com/dp/B00TTD9BRC?tag=eloabder-20&linkCode=osi&th=1&psc=1"><img src="https://m.media-amazon.com/images/I/41Kc6H7fboL._SL500_.jpg" alt="Product Image"></a><p>CeraVe Moisturizing Cream | Body and Face Moisturizer for Dry Skin | Body Cream with Hyaluronic Acid and Ceramides | Daily Moisturizer | Oil-Free | Fragrance Free | Non-Comedogenic | 19 Ounce</p><p>$17.78 ($0.94 / Ounce)</p><a href="https://www.amazon.com/dp/B00TTD9BRC?tag=eloabder-20&linkCode=osi&th=1&psc=1">View Product</a></div><div class="product"><a href="https://www.amazon.com/dp/B00NR1YQHM?tag=eloabder-20&linkCode=osi&th=1&psc=1"><img src="https://m.media-amazon.com/images/I/41yzZFTW63L._SL500_.jpg" alt="Product Image"></a><p>Neutrogena Hydro Boost Face Moisturizer with Hyaluronic Acid for Dry Skin, Oil-Free and Non-Comedogenic Water Gel Face Lotion, 1.7 oz</p><p>$13.31 ($7.83 / Ounce)</p><a href="https://www.amazon.com/dp/B00NR1YQHM?tag=eloabder-20&linkCode=osi&th=1&psc=1">View Product</a></div><div class="product"><a href="https://www.amazon.com/dp/B00HNSSPHC?tag=eloabder-20&linkCode=osi&th=1&psc=1"><img src="https://m.media-amazon.com/images/I/41rWFzQZdOL._SL500_.jpg" alt="Product Image"></a><p>Neutrogena Triple Age Repair Anti-Aging Daily Facial Moisturizer with SPF 25 Sunscreen & Vitamin C, Firming Anti-Wrinkle Face & Neck Cream for Dark Spots, Glycerin & Shea Butter, 1.7 oz</p><p>$19.56 ($11.51 / Ounce)</p><a href="https://www.amazon.com/dp/B00HNSSPHC?tag=eloabder-20&linkCode=osi&th=1&psc=1">View Product</a></div><div class="product"><a href="https://www.amazon.com/dp/B000YJ2SLG?tag=eloabder-20&linkCode=osi&th=1&psc=1"><img src="https://m.media-amazon.com/images/I/31J9bWXnQ+L._SL500_.jpg" alt="Product Image"></a><p>CeraVe Daily Moisturizing Lotion for Dry Skin | Body Lotion & Face Moisturizer with Hyaluronic Acid and Ceramides | Daily Moisturizer | Fragrance Free | Oil-Free | 12 Ounce</p><p>$13.68 ($1.14 / Fl Oz)</p><a href="https://www.amazon.com/dp/B000YJ2SLG?tag=eloabder-20&linkCode=osi&th=1&psc=1">View Product</a></div><div class="product"><a href="https://www.amazon.com/dp/B099N1LC4R?tag=eloabder-20&linkCode=osi&th=1&psc=1"><img src="https://m.media-amazon.com/images/I/41lZIG8wQNL._SL500_.jpg" alt="Product Image"></a><p>Cetaphil Face & Body Moisturizer, Hydrating Moisturizing Cream For Dry To Very Dry, Sensitive Skin, NEW 20 Oz, Fragrance Free, Non-Comedogenic, Non-Greasy (Packaging May Vary)</p><p>$15.97 ($0.80 / Ounce)</p><a href="https://www.amazon.com/dp/B099N1LC4R?tag=eloabder-20&linkCode=osi&th=1&psc=1">View Product</a></div><div class="product"><a href="https://www.amazon.com/dp/B01H20MA62?tag=eloabder-20&linkCode=osi&th=1&psc=1"><img src="https://m.media-amazon.com/images/I/41xuvNUpUML._SL500_.jpg" alt="Product Image"></a><p>Cetaphil Face & Body Moisturizer, Hydrating Moisturizing Cream for Dry to Very Dry, Sensitive Skin, NEW 16 Oz 2 Pack, Fragrance Free, Non-Comedogenic, Non-Greasy</p><p>$19.48 ($0.61 / Ounce)</p><a href="https://www.amazon.com/dp/B01H20MA62?tag=eloabder-20&linkCode=osi&th=1&psc=1">View Product</a></div><div class="product"><a href="https://www.amazon.com/dp/B01NCWV3KM?tag=eloabder-20&linkCode=osi&th=1&psc=1"><img src="https://m.media-amazon.com/images/I/41Q1ESUhSeL._SL500_.jpg" alt="Product Image"></a><p>La Roche-Posay Toleriane Double Repair UV SPF Moisturizer for Face, Daily Facial Moisturizer with Sunscreen SPF 30, Niacinamide and Glycerin, Oil Free, Moisturizing Sun Protection</p><p>$24.99 ($10.00 / Fl Oz)</p><a href="https://www.amazon.com/dp/B01NCWV3KM?tag=eloabder-20&linkCode=osi&th=1&psc=1">View Product</a></div>
<div class="product"><a href="https://www.amazon.com/dp/B07P5TMHD9?tag=eloabder-20&linkCode=osi&th=1&psc=1"><img src="https://m.media-amazon.com/images/I/51xr2lw0Y7L._SL500_.jpg" alt="Product Image"></a><p>Vitamin C Face Serum - Dark Spot Remover Facial Serum, Vit C Serum with Hyaluronic Acid, Ferulic Acid, & Vit E - Anti Aging and Skin Brightening Serum, Pure Vitamin C Serum Skin Care</p><p>$9.98</p><a href="https://www.amazon.com/dp/B07P5TMHD9?tag=eloabder-20&linkCode=osi&th=1&psc=1">View Product</a></div><div class="product"><a href="https://www.amazon.com/dp/B014PGEEO2?tag=eloabder-20&linkCode=osi&th=1&psc=1"><img src="https://m.media-amazon.com/images/I/51v+djIfQGL._SL500_.jpg" alt="Product Image"></a><p>Tree of Life Facial Serum Set for Face, Brightening, Firming, Hydrating, Dry Skin, Dermatologist Tested - Trio Power Skin Care Set, Vitamin C, Retinol and Hyaluronic Acid, 3 count of 1 Fl Oz</p><p>$19.99 ($6.66 / Fl Oz)</p><a href="https://www.amazon.com/dp/B014PGEEO2?tag=eloabder-20&linkCode=osi&th=1&psc=1">View Product</a></div><div class="product"><a href="https://www.amazon.com/dp/B08R994Q1L?tag=eloabder-20&linkCode=osi&th=1&psc=1"><img src="https://m.media-amazon.com/images/I/418KUv8uVkL._SL500_.jpg" alt="Product Image"></a><p>Good Molecules Niacinamide Serum - 10% Niacinamide Balancing B3 Facial Serum for Acne, Tone, Texture - Brightening and Hydrating Skincare for Face</p><p>$6.00</p><a href="https://www.amazon.com/dp/B08R994Q1L?tag=eloabder-20&linkCode=osi&th=1&psc=1">View Product</a></div><div class="product"><a href="https://www.amazon.com/dp/B07VWSN95S?tag=eloabder-20&linkCode=osi&th=1&psc=1"><img src="https://m.media-amazon.com/images/I/411Y0nzh9zL._SL500_.jpg" alt="Product Image"></a><p>CeraVe Retinol Serum for Post-Acne Marks and Skin Texture | Pore Refining, Resurfacing, Brightening Facial Serum with Retinol and Niacinamide | Fragrance Free, Paraben Free & Non-Comedogenic| 1 Oz</p><p>$18.68</p><a href="https://www.amazon.com/dp/B07VWSN95S?tag=eloabder-20&linkCode=osi&th=1&psc=1">View Product</a></div><div class="product"><a href="https://www.amazon.com/dp/B08L8B5JR2?tag=eloabder-20&linkCode=osi&th=1&psc=1"><img src="https://m.media-amazon.com/images/I/51Ee0RzYONL._SL500_.jpg" alt="Product Image"></a><p>Vibriance Super C Serum for Mature Skin, Made in USA, All-In-One Formula Hydrates, Firms, Lifts, Smooths, Targets Age Spots, Wrinkles, Vitamin C Serum; 1 fl oz</p><p>$32.90</p><a href="https://www.amazon.com/dp/B08L8B5JR2?tag=eloabder-20&linkCode=osi&th=1&psc=1">View Product</a></div><div class="product"><a href="https://www.amazon.com/dp/B0CLLV2T1P?tag=eloabder-20&linkCode=osi&th=1&psc=1"><img src="https://m.media-amazon.com/images/I/31ZBa-zgbjL._SL500_.jpg" alt="Product Image"></a><p>Anua 10% Niacinamide+ 4% Tranexamic Acid Serum, Ceramide, Hyaluronic Acid, Vitamin B12 natural color, for Sensitive skin, Korean Glass Skin, Fragrance-Free (30ml /1.01 fl.oz.)</p><p>$19.00 ($18.81 / Fl Oz)</p><a href="https://www.amazon.com/dp/B0CLLV2T1P?tag=eloabder-20&linkCode=osi&th=1&psc=1">View Product</a></div><div class="product"><a href="https://www.amazon.com/dp/B08TM8DLFJ?tag=eloabder-20&linkCode=osi&th=1&psc=1"><img src="https://m.media-amazon.com/images/I/41g0Mg7pRIL._SL500_.jpg" alt="Product Image"></a><p>Good Molecules Hyaluronic Acid Serum - Hydrating, Non-greasy formula to Moisturize, Plump - 1% HA, Anti-aging, Water-Based Skincare for Face</p><p>$6.00 ($6.00 / Fl Oz)</p><a href="https://www.amazon.com/dp/B08TM8DLFJ?tag=eloabder-20&linkCode=osi&th=1&psc=1">View Product</a></div><div class="product"><a href="https://www.amazon.com/dp/B01B5G45R6?tag=eloabder-20&linkCode=osi&th=1&psc=1"><img src="https://m.media-amazon.com/images/I/51JgyVg967L._SL500_.jpg" alt="Product Image"></a><p>artnaturals Anti-Aging-Set with Vitamin-C Retinol and Hyaluronic-Acid - (3 x 1 Fl Oz / 30ml) Serum for Anti Wrinkle and Dark Circle Remover – All Natural and Moisturizing</p><p>$24.95 ($8.32 / Fl Oz)</p><a href="https://www.amazon.com/dp/B01B5G45R6?tag=eloabder-20&linkCode=osi&th=1&psc=1">View Product</a></div><div class="product"><a href="https://www.amazon.com/dp/B086VKZZZY?tag=eloabder-20&linkCode=osi&th=1&psc=1"><img src="https://m.media-amazon.com/images/I/31l7jUL7jOL._SL500_.jpg" alt="Product Image"></a><p>Beauty of Joseon Glow Serum Propolis and Niacinamide Hydrating Facial Soothing Moisturizer for Irritated Uneven Skin Tone, Korean Skin Care 30ml, 1 fl.oz</p><p>$13.60 ($13.47 / Fl Oz)</p><a href="https://www.amazon.com/dp/B086VKZZZY?tag=eloabder-20&linkCode=osi&th=1&psc=1">View Product</a></div>
<div class="product"><a href="https://www.amazon.com/dp/B0CYGT3CR4?tag=eloabder-20&linkCode=osi&th=1&psc=1"><img src="https://m.media-amazon.com/images/I/51LbfzrqiUL._SL500_.jpg" alt="Product Image"></a><p>KONEUK 14 Pack Sheet Face Masks Skincare for All Skin Types, Hydrating Face Masks Suitable for Sensitive Skin, Bulk Facial Mask Set for Women Skin Care, Face Mask Gifts Set for Face Spa</p><p>$8.99 ($0.64 / Count)</p><a href="https://www.amazon.com/dp/B0CYGT3CR4?tag=eloabder-20&linkCode=osi&th=1&psc=1">View Product</a></div><div class="product"><a href="https://www.amazon.com/dp/B01N37AK8V?tag=eloabder-20&linkCode=osi&th=1&psc=1"><img src="https://m.media-amazon.com/images/I/41zyExDkGCL._SL500_.jpg" alt="Product Image"></a><p>Ebanel 10 Pack Collagen Face Mask, Instant Brightening & Hydrating Face Sheet Mask with Aloe Vera, Hyaluronic Acid, Vitamin C and E, Chamomile, Anti Aging Face Mask with Hydrolyzed Collagen, Peptide</p><p>$13.99 ($1.40 / Count)</p><a href="https://www.amazon.com/dp/B01N37AK8V?tag=eloabder-20&linkCode=osi&th=1&psc=1">View Product</a></div><div class="product"><a href="https://www.amazon.com/dp/B07C3NBJ33?tag=eloabder-20&linkCode=osi&th=1&psc=1"><img src="https://m.media-amazon.com/images/I/51DMM9KU+AL._SL500_.jpg" alt="Product Image"></a><p>GLAM UP Premium Facial Sheet Mask 12 Combo (Pack of 12) | Clean Face Masks Skincare, Hydrating Face Masks, Moisturizing, Soothing, Beauty Mask For All Skin Type Variety Beauty Mask Set</p><p>$13.20 ($1.10 / Count)</p><a href="https://www.amazon.com/dp/B07C3NBJ33?tag=eloabder-20&linkCode=osi&th=1&psc=1">View Product</a></div><div class="product"><a href="https://www.amazon.com/dp/B0B5XTMJMJ?tag=eloabder-20&linkCode=osi&th=1&psc=1"><img src="https://m.media-amazon.com/images/I/61voysA0eEL._SL500_.jpg" alt="Product Image"></a><p>Meleell Collagen Sheet Face Masks Skincare Bulk Pack,Hydrating Spa Face Mask For Sensitive Skin,Anti Aging Facial Masks Sets For Women/Teen Girls(40 Combo Pack)</p><p>$25.99 ($0.65 / Count)</p><a href="https://www.amazon.com/dp/B0B5XTMJMJ?tag=eloabder-20&linkCode=osi&th=1&psc=1">View Product</a></div><div class="product"><a href="https://www.amazon.com/dp/B0CR6NHHVL?tag=eloabder-20&linkCode=osi&th=1&psc=1"><img src="https://m.media-amazon.com/images/I/514yWBJNkFL._SL500_.jpg" alt="Product Image"></a><p>Kaely 10 Pack Variety Sheet Masks,Spa Face Masks for Kids Skin Care,Facial Mask Skincare Set Korean,Moisturize,Brighten,Nourish for All Skin Types,Birthday Gifts for Women Men Boys Girls,Set01</p><p>$8.99 ($0.90 / Count)</p><a href="https://www.amazon.com/dp/B0CR6NHHVL?tag=eloabder-20&linkCode=osi&th=1&psc=1">View Product</a></div><div class="product"><a href="https://www.amazon.com/dp/B086V843R8?tag=eloabder-20&linkCode=osi&th=1&psc=1"><img src="https://m.media-amazon.com/images/I/410evC+SQHL._SL500_.jpg" alt="Product Image"></a><p>ANAI RUI Turmeric Clay Mask - Green Tea Clay Mask - Dead Sea Minerals Mud Mask, Spa Facial Mask Set, Face Mask Gift Set 2.5 oz each</p><p>$22.99</p><a href="https://www.amazon.com/dp/B086V843R8?tag=eloabder-20&linkCode=osi&th=1&psc=1">View Product</a></div><div class="product"><a href="https://www.amazon.com/dp/B07JMTMHGS?tag=eloabder-20&linkCode=osi&th=1&psc=1"><img src="https://m.media-amazon.com/images/I/41PeKCZ7NtL._SL500_.jpg" alt="Product Image"></a><p>LAPCOS Aloe Sheet Mask, Daily Face Mask with Cucumber and Aloe Gel to Calm and Moisturize Skin, Korean Beauty Favorite, 5-Pack</p><p>$20.00 ($4.00 / count)</p><a href="https://www.amazon.com/dp/B07JMTMHGS?tag=eloabder-20&linkCode=osi&th=1&psc=1">View Product</a></div><div class="product"><a href="https://www.amazon.com/dp/B0CMQKTJDQ?tag=eloabder-20&linkCode=osi&th=1&psc=1"><img src="https://m.media-amazon.com/images/I/51oosdS4y8L._SL500_.jpg" alt="Product Image"></a><p>VESPRO 100 Pack Collagen Essence Sheet Facial Masks, Bulk Face Masks Skincare, Hydrating Face Masks for All Skin Types, Moisturizing and Soothing, Natural Skin Care Spa Face Mask</p><p>$45.99 ($0.46 / Count)</p><a href="https://www.amazon.com/dp/B0CMQKTJDQ?tag=eloabder-20&linkCode=osi&th=1&psc=1">View Product</a></div><div class="product"><a href="https://www.amazon.com/dp/B0B41LVMJ3?tag=eloabder-20&linkCode=osi&th=1&psc=1"><img src="https://m.media-amazon.com/images/I/51xduFirI6L._SL500_.jpg" alt="Product Image"></a><p>#OOTD Collagen Hydrating Sheet Masks for Face Korean Anti Aging Mask Sheet for Dry Skin & Sensitive Skin, EVE Vegan, Not Tested on Animals, No Parabens, No Sulfates, Hyaluronic Acid, Witch Hazel 10EA</p><p>$18.00 ($1.80 / Count)</p><a href="https://www.amazon.com/dp/B0B41LVMJ3?tag=eloabder-20&linkCode=osi&th=1&psc=1">View Product</a></div>
<div class="product"><a href="https://www.amazon.com/dp/B01N34XW93?tag=eloabder-20&linkCode=osi&th=1&psc=1"><img src="https://m.media-amazon.com/images/I/31OMOTCxlmL._SL500_.jpg" alt="Product Image"></a><p>La Roche-Posay Toleriane Purifying Foaming Facial Cleanser, Oil Free Face Wash for Oily Skin and for Sensitive Skin with Niacinamide, Pore Cleanser Won’t Dry Out Skin, Unscented</p><p>$17.99 ($1.33 / Fl Oz)</p><a href="https://www.amazon.com/dp/B01N34XW93?tag=eloabder-20&linkCode=osi&th=1&psc=1">View Product</a></div><div class="product"><a href="https://www.amazon.com/dp/B01MSSDEPK?tag=eloabder-20&linkCode=osi&th=1&psc=1"><img src="https://m.media-amazon.com/images/I/41YuSwjJUIL._SL500_.jpg" alt="Product Image"></a><p>CeraVe Hydrating Facial Cleanser | Moisturizing Face Wash For Dry Skin | Hyaluronic Acid + Ceramides + Glycerin | Hydrating Cleanser For Normal To Dry Skin | National Eczema Assosiation Certified</p><p>$15.48 ($0.97 / Fl Oz)</p><a href="https://www.amazon.com/dp/B01MSSDEPK?tag=eloabder-20&linkCode=osi&th=1&psc=1">View Product</a></div><div class="product"><a href="https://www.amazon.com/dp/B01N7T7JKJ?tag=eloabder-20&linkCode=osi&th=1&psc=1"><img src="https://m.media-amazon.com/images/I/31VXK3y1KYL._SL500_.jpg" alt="Product Image"></a><p>La Roche-Posay Toleriane Hydrating Gentle Face Cleanser, Daily Facial Cleanser with Niacinamide and Ceramides for Sensitive Skin, Moisturizing Face Wash for Normal to Dry Skin, Fragrance Free</p><p>$17.99 ($1.33 / Fl Oz)</p><a href="https://www.amazon.com/dp/B01N7T7JKJ?tag=eloabder-20&linkCode=osi&th=1&psc=1">View Product</a></div><div class="product"><a href="https://www.amazon.com/dp/B01N1LL62W?tag=eloabder-20&linkCode=osi&th=1&psc=1"><img src="https://m.media-amazon.com/images/I/41kwN8dWWzL._SL500_.jpg" alt="Product Image"></a><p>CeraVe Foaming Facial Cleanser | Daily Face Wash for Oily Skin with Hyaluronic Acid, Ceramides, and Niacinamide| Fragrance Free | 16 Fluid Ounce</p><p>$15.19 ($0.95 / Fl Oz)</p><a href="https://www.amazon.com/dp/B01N1LL62W?tag=eloabder-20&linkCode=osi&th=1&psc=1">View Product</a></div><div class="product"><a href="https://www.amazon.com/dp/B00U1YCRD8?tag=eloabder-20&linkCode=osi&th=1&psc=1"><img src="https://m.media-amazon.com/images/I/31LVb8KvKwL._SL500_.jpg" alt="Product Image"></a><p>CeraVe SA Cleanser | Salicylic Acid Cleanser with Hyaluronic Acid, Niacinamide & Ceramides| BHA Exfoliant for Face | Fragrance Free Non-Comedogenic | 8 Ounce</p><p>$12.37 ($1.55 / Ounce)</p><a href="https://www.amazon.com/dp/B00U1YCRD8?tag=eloabder-20&linkCode=osi&th=1&psc=1">View Product</a></div><div class="product"><a href="https://www.amazon.com/dp/B0BVV8BNYJ?tag=eloabder-20&linkCode=osi&th=1&psc=1"><img src="https://m.media-amazon.com/images/I/31tSZvBReoL._SL500_.jpg" alt="Product Image"></a><p>ANUA Heartleaf Quercetinol Pore Deep Cleansing Foam, Facial Cleanser, for Double Cleansing, BHA, Hyaluronic Acid, Glycerin, Face Wash, Blackhead Remover, Korean Skincare (150ml/5.07 fl.oz.)</p><p>$13.00 ($2.56 / Fl Oz)</p><a href="https://www.amazon.com/dp/B0BVV8BNYJ?tag=eloabder-20&linkCode=osi&th=1&psc=1">View Product</a></div><div class="product"><a href="https://www.amazon.com/dp/B00QY1XZ4W?tag=eloabder-20&linkCode=osi&th=1&psc=1"><img src="https://m.media-amazon.com/images/I/319pG+OQZxL._SL500_.jpg" alt="Product Image"></a><p>Vanicream Gentle Facial Cleanser with Pump Dispenser - 8 fl oz - Formulated Without Common Irritants for Those with Sensitive Skin</p><p>$8.86 ($1.11 / Fl Oz)</p><a href="https://www.amazon.com/dp/B00QY1XZ4W?tag=eloabder-20&linkCode=osi&th=1&psc=1">View Product</a></div><div class="product"><a href="https://www.amazon.com/dp/B016NRXO06?tag=eloabder-20&linkCode=osi&th=1&psc=1"><img src="https://m.media-amazon.com/images/I/31jSFIvh2TS._SL500_.jpg" alt="Product Image"></a><p>COSRX Low pH Good Morning Gel Cleanser, Daily Mild Face Cleanser for Sensitive Skin with BHA & Tea-Tree Oil, PH Balancing, Korean Skincare (5.07fl.oz/150ml)</p><p>$11.49 ($2.27 / Fl Oz)</p><a href="https://www.amazon.com/dp/B016NRXO06?tag=eloabder-20&linkCode=osi&th=1&psc=1">View Product</a></div><div class="product"><a href="https://www.amazon.com/dp/B09Y4HHY1P?tag=eloabder-20&linkCode=osi&th=1&psc=1"><img src="https://m.media-amazon.com/images/I/41Crw80Q3yL._SL500_.jpg" alt="Product Image"></a><p>Cetaphil Face Wash, Daily Facial Cleanser for Sensitive, Combination to Oily Skin, NEW 16 oz, Fragrance Free, Gentle Foaming, Soap Free, Hypoallergenic (Packaging May Vary)</p><p>$11.97 ($0.75 / Fl Oz)</p><a href="https://www.amazon.com/dp/B09Y4HHY1P?tag=eloabder-20&linkCode=osi&th=1&psc=1">View Product</a></div><div class="product"><a href="https://www.amazon.com/dp/B0BN2PX8V3?tag=eloabder-20&linkCode=osi&th=1&psc=1"><img src="https://m.media-amazon.com/images/I/31n4TECLwuL._SL500_.jpg" alt="Product Image"></a><p>ANUA Heartleaf Pore Control Cleansing Oil, Oil Cleanser for Face, Makeup Blackhead Remover, Korean Skin Care 6.76 fl oz(200ml) (original)</p><p>$17.69 ($2.64 / Fl Oz)</p><a href="https://www.amazon.com/dp/B0BN2PX8V3?tag=eloabder-20&linkCode=osi&th=1&psc=1">View Product</a></div>
<div class="product"><a href="https://www.amazon.com/dp/B08CMS8P67?tag=eloabder-20&linkCode=osi&th=1&psc=1"><img src="https://m.media-amazon.com/images/I/31LVyuSsJEL._SL500_.jpg" alt="Product Image"></a><p>Anua Heartleaf 77 Soothing Toner I pH 5.5 Trouble Care, Calming Skin, Refreshing, Hydrating, Purifying, Cruelty Free, Vegan,(250ml / 8.45 fl.oz.)</p><p>$19.69 ($2.33 / Fl Oz)</p><a href="https://www.amazon.com/dp/B08CMS8P67?tag=eloabder-20&linkCode=osi&th=1&psc=1">View Product</a></div><div class="product"><a href="https://www.amazon.com/dp/B09LKXR62L?tag=eloabder-20&linkCode=osi&th=1&psc=1"><img src="https://m.media-amazon.com/images/I/31D6ydy59dL._SL500_.jpg" alt="Product Image"></a><p>CeraVe Hydrating Toner for Face Non-Alcoholic with Hyaluronic Acid, Niacinamide, and Ceramides for Sensitive Dry Skin, Fragrance-Free Non Comedogenic, Full Size, 6.8 Fl Oz</p><p>$9.86 ($1.45 / Ounce)</p><a href="https://www.amazon.com/dp/B09LKXR62L?tag=eloabder-20&linkCode=osi&th=1&psc=1">View Product</a></div><div class="product"><a href="https://www.amazon.com/dp/B0CG1H8YRS?tag=eloabder-20&linkCode=osi&th=1&psc=1"><img src="https://m.media-amazon.com/images/I/31OZES5j9LL._SL500_.jpg" alt="Product Image"></a><p>TIRTIR Milk Skin Rice Toner | Deep Moisturizing, Instant Glow, 2% Niacinamide, Rice Bran Extract, Ceramide, Panthenol, Cruelty-Free, Fungal Acne Friendly, Vegan, 5.07 fl.oz.</p><p>$24.99 ($4.93 / Fl Oz)</p><a href="https://www.amazon.com/dp/B0CG1H8YRS?tag=eloabder-20&linkCode=osi&th=1&psc=1">View Product</a></div><div class="product"><a href="https://www.amazon.com/dp/B007HD570Q?tag=eloabder-20&linkCode=osi&th=1&psc=1"><img src="https://m.media-amazon.com/images/I/31uC8ENEVqL._SL500_.jpg" alt="Product Image"></a><p>Thayers Alcohol-Free, Hydrating Rose Petal Witch Hazel Facial Toner with Aloe Vera Formula, Vegan, Dermatologist Tested and Recommended, 12 Oz</p><p>$10.53 ($0.88 / Fl Oz)</p><a href="https://www.amazon.com/dp/B007HD570Q?tag=eloabder-20&linkCode=osi&th=1&psc=1">View Product</a></div><div class="product"><a href="https://www.amazon.com/dp/B01LZK411L?tag=eloabder-20&linkCode=osi&th=1&psc=1"><img src="https://m.media-amazon.com/images/I/31la+He5vRL._SL500_.jpg" alt="Product Image"></a><p>ACWELL Licorice pH Balancing Korean Toner for Cleansing 5.07 fl.oz. - Alcohol-Free PH5.5 Hydrating Facial Astringent - Skin Clarifying & Hydration Boosting Toner</p><p>$16.00 ($3.14 / Fl Oz)</p><a href="https://www.amazon.com/dp/B01LZK411L?tag=eloabder-20&linkCode=osi&th=1&psc=1">View Product</a></div><div class="product"><a href="https://www.amazon.com/dp/B07BYJF7L7?tag=eloabder-20&linkCode=osi&th=1&psc=1"><img src="https://m.media-amazon.com/images/I/31+G3Xc+J7L._SL500_.jpg" alt="Product Image"></a><p>SOME BY MI AHA BHA PHA 30 Days Miracle Toner - 5.07Oz, 150ml - Made from Tea Tree Water for Sensitive Skin - Mild Exfoliating Daily Face Toner - Skin Wastes, Sebum and Oiliness Care - Korean Skin Care</p><p>$12.00 ($2.37 / Fl Oz)</p><a href="https://www.amazon.com/dp/B07BYJF7L7?tag=eloabder-20&linkCode=osi&th=1&psc=1">View Product</a></div><div class="product"><a href="https://www.amazon.com/dp/B00LO2RO7K?tag=eloabder-20&linkCode=osi&th=1&psc=1"><img src="https://m.media-amazon.com/images/I/31Wb52+KYzL._SL500_.jpg" alt="Product Image"></a><p>La Roche-Posay Effaclar Clarifying Solution Acne Toner with Salicylic Acid and Glycolic Acid, Pore Refining Oily Skin Toner, Gentle Exfoliant to Unclog Pores and Remove Dead Skin Cells</p><p>$16.99 ($2.51 / Fl Oz)</p><a href="https://www.amazon.com/dp/B00LO2RO7K?tag=eloabder-20&linkCode=osi&th=1&psc=1">View Product</a></div><div class="product"><a href="https://www.amazon.com/dp/B008EPPIQ4?tag=eloabder-20&linkCode=osi&th=1&psc=1"><img src="https://m.media-amazon.com/images/I/31-lQL0AkZL._SL500_.jpg" alt="Product Image"></a><p>Paula's Choice Skin Balancing Pore-Reducing Toner for Combination and Oily Skin, Minimizes Large Pores, 6.4 Fluid Ounce Bottle</p><p>$26.00 ($4.06 / Fl Oz)</p><a href="https://www.amazon.com/dp/B008EPPIQ4?tag=eloabder-20&linkCode=osi&th=1&psc=1">View Product</a></div><div class="product"><a href="https://www.amazon.com/dp/B073P6BPF5?tag=eloabder-20&linkCode=osi&th=1&psc=1"><img src="https://m.media-amazon.com/images/I/31hqlVDLizL._SL500_.jpg" alt="Product Image"></a><p>COSRX AHA/BHA Clarifying Treatment Toner, 5.07 fl.oz / 150ml | Exfoliating Facial Spray | Korean Skin Care, Hydrating, Mild Exfoliation, Vegan, Animal Testing Free, Paraben Free</p><p>$10.75 ($2.11 / Fl Oz)</p><a href="https://www.amazon.com/dp/B073P6BPF5?tag=eloabder-20&linkCode=osi&th=1&psc=1">View Product</a></div>
<div class="product"><a href="https://www.amazon.com/dp/B07C5SS6YD?tag=eloabder-20&linkCode=osi&th=1&psc=1"><img src="https://m.media-amazon.com/images/I/31tzIszvgAL._SL500_.jpg" alt="Product Image"></a><p>Paula's Choice Skin Perfecting 2% BHA Liquid Salicylic Acid Exfoliant, Gentle Facial Exfoliator for Blackheads, Large Pores, Wrinkles & Fine Lines, Travel Size, 1 Fluid Ounce</p><p>$14.00</p><a href="https://www.amazon.com/dp/B07C5SS6YD?tag=eloabder-20&linkCode=osi&th=1&psc=1">View Product</a></div><div class="product"><a href="https://www.amazon.com/dp/B07VW3YSWH?tag=eloabder-20&linkCode=osi&th=1&psc=1"><img src="https://m.media-amazon.com/images/I/410j9ZFktHL._SL500_.jpg" alt="Product Image"></a><p>Tree Hut Vitamin C Shea Sugar Scrub, 18 oz, Ultra Hydrating and Exfoliating Scrub for Nourishing Essential Body Care</p><p>$8.94 ($0.50 / Ounce)</p><a href="https://www.amazon.com/dp/B07VW3YSWH?tag=eloabder-20&linkCode=osi&th=1&psc=1">View Product</a></div><div class="product"><a href="https://www.amazon.com/dp/B07NHZP4FW?tag=eloabder-20&linkCode=osi&th=1&psc=1"><img src="https://m.media-amazon.com/images/I/41znKaYV17L._SL500_.jpg" alt="Product Image"></a><p>Seraphic Skincare (Original) Premium Exfoliating Mitt for Body (2pc) – 100% Vegan Viscose Traditional Body Scrub Glove Kessa Korean Washcloth – Body Exfoliator for Self-Tan Removal & Keratosis Pilaris</p><p>$12.99 ($6.50 / Count)</p><a href="https://www.amazon.com/dp/B07NHZP4FW?tag=eloabder-20&linkCode=osi&th=1&psc=1">View Product</a></div><div class="product"><a href="https://www.amazon.com/dp/B001VMJSCW?tag=eloabder-20&linkCode=osi&th=1&psc=1"><img src="https://m.media-amazon.com/images/I/31N7x4-aJAL._SL500_.jpg" alt="Product Image"></a><p>Dermalogica Daily Microfoliant, Face Exfoliator Scrub Powder with Salicylic Acid and Papaya Enzyme, Achieve Brighter, Smoother Skin Daily, 0.45 Oz</p><p>$19.00 ($42.22 / Ounce)</p><a href="https://www.amazon.com/dp/B001VMJSCW?tag=eloabder-20&linkCode=osi&th=1&psc=1">View Product</a></div><div class="product"><a href="https://www.amazon.com/dp/B09Q88TVGJ?tag=eloabder-20&linkCode=osi&th=1&psc=1"><img src="https://m.media-amazon.com/images/I/31jQFJt0t7L._SL500_.jpg" alt="Product Image"></a><p>tingl Face and Body Exfoliator Pads - Anti Aging Acne Treatment with Glycolic Acid, Lactic Acid, and Salicylic Acid - Pore Minimizer, Oil Cleanser, Blackhead Remover and Skin Exfoliator in One</p><p>$38.00 ($38.00 / Count)</p><a href="https://www.amazon.com/dp/B09Q88TVGJ?tag=eloabder-20&linkCode=osi&th=1&psc=1">View Product</a></div><div class="product"><a href="https://www.amazon.com/dp/B0BNWXFH3P?tag=eloabder-20&linkCode=osi&th=1&psc=1"><img src="https://m.media-amazon.com/images/I/51HkdST1FCL._SL500_.jpg" alt="Product Image"></a><p>Dermasuri Deep Exfoliating Glove for Shower - Exfoliating Mitt Body Scrubber - Skin Exfoliator & Dead Skin Remover - Keratosis Pilaris Scrub - Spray Tan Remover - Korean Skincare for Body (2 Pack)</p><p>$19.99 ($10.00 / Count)</p><a href="https://www.amazon.com/dp/B0BNWXFH3P?tag=eloabder-20&linkCode=osi&th=1&psc=1">View Product</a></div><div class="product"><a href="https://www.amazon.com/dp/B076DSRB6B?tag=eloabder-20&linkCode=osi&th=1&psc=1"><img src="https://m.media-amazon.com/images/I/51lTK55c5UL._SL500_.jpg" alt="Product Image"></a><p>Himalayan Salt Scrub Face Foot & Body Exfoliator Infused with Collagen and Stem Cell Natural Exfoliating Salt Body Scrub for Toning Cellulite Skin Care by M3 Naturals</p><p>$25.81 ($2.15 / Ounce)</p><a href="https://www.amazon.com/dp/B076DSRB6B?tag=eloabder-20&linkCode=osi&th=1&psc=1">View Product</a></div><div class="product"><a href="https://www.amazon.com/dp/B004GEV9JW?tag=eloabder-20&linkCode=osi&th=1&psc=1"><img src="https://m.media-amazon.com/images/I/41MgyDfHXfL._SL500_.jpg" alt="Product Image"></a><p>Buf-Puf Gentle Facial Sponge, Dermatologist Developed, Removes Deep Down Dirt & Makeup That Causes Breakouts and Blackheads, Reusable, Exfoliating, 1 Count</p><p>$8.71</p><a href="https://www.amazon.com/dp/B004GEV9JW?tag=eloabder-20&linkCode=osi&th=1&psc=1">View Product</a></div><div class="product"><a href="https://www.amazon.com/dp/B0000632EN?tag=eloabder-20&linkCode=osi&th=1&psc=1"><img src="https://m.media-amazon.com/images/I/314AH1Zo0lL._SL500_.jpg" alt="Product Image"></a><p>Aveeno Positively Radiant Exfoliating Facial Scrub, Brightening Face Scrub with Soy Extract to Visibly Improve Skin Tone and Texture, Oil-Free, Soap-Free, Hypoallergenic Formula, 5 FL OZ</p><p>$7.97 ($1.59 / Ounce)</p><a href="https://www.amazon.com/dp/B0000632EN?tag=eloabder-20&linkCode=osi&th=1&psc=1">View Product</a></div>
<div class="product"><a href="https://www.amazon.com/dp/B005IHT94S?tag=eloabder-20&linkCode=osi&th=1&psc=1"><img src="https://m.media-amazon.com/images/I/31YAXVCRMAL._SL500_.jpg" alt="Product Image"></a><p>Neutrogena Ultra Sheer Dry-Touch Water Resistant and Non-Greasy Sunscreen Lotion with Broad Spectrum SPF 70, 3 Fl Oz (Pack of 1)</p><p>$9.88 ($3.29 / Fl Oz)</p><a href="https://www.amazon.com/dp/B005IHT94S?tag=eloabder-20&linkCode=osi&th=1&psc=1">View Product</a></div><div class="product"><a href="https://www.amazon.com/dp/B078BC1NJ6?tag=eloabder-20&linkCode=osi&th=1&psc=1"><img src="https://m.media-amazon.com/images/I/51V4LMN2zEL._SL500_.jpg" alt="Product Image"></a><p>Coppertone Sport Sunscreen Spray SPF 50, Water Resistant Spray Sunscreen, Broad Spectrum SPF 50 Sunscreen, Bulk Sunscreen Pack, 5.5 Oz Bottle, Pack of 3</p><p>$20.63 ($1.25 / Ounce)</p><a href="https://www.amazon.com/dp/B078BC1NJ6?tag=eloabder-20&linkCode=osi&th=1&psc=1">View Product</a></div><div class="product"><a href="https://www.amazon.com/dp/B01MQXX9US?tag=eloabder-20&linkCode=osi&th=1&psc=1"><img src="https://m.media-amazon.com/images/I/41Zi7BP15NL._SL500_.jpg" alt="Product Image"></a><p>Banana Boat Sport Ultra SPF 50 Sunscreen Spray Twin Pack | Banana Boat Sunscreen Spray SPF 50, Spray On Sunscreen, Water Resistant Sunscreen, Oxybenzone Free Sunscreen Pack, 6oz each</p><p>$13.97 ($1.16 / Ounce)</p><a href="https://www.amazon.com/dp/B01MQXX9US?tag=eloabder-20&linkCode=osi&th=1&psc=1">View Product</a></div><div class="product"><a href="https://www.amazon.com/dp/B00AEN4QZ8?tag=eloabder-20&linkCode=osi&th=1&psc=1"><img src="https://m.media-amazon.com/images/I/31QMrCJPoeL._SL500_.jpg" alt="Product Image"></a><p>Neutrogena Beach Defense Water-Resistant Face & Body SPF 70 Sunscreen Lotion with Broad Spectrum UVA/UVB Protection, Oil-Free Fast-Absorbing Sunscreen Lotion, Oxybenzone-Free, 6.7 oz</p><p>$9.60 ($1.43 / Fl Oz)</p><a href="https://www.amazon.com/dp/B00AEN4QZ8?tag=eloabder-20&linkCode=osi&th=1&psc=1">View Product</a></div><div class="product"><a href="https://www.amazon.com/dp/B076GZX3KL?tag=eloabder-20&linkCode=osi&th=1&psc=1"><img src="https://m.media-amazon.com/images/I/41BQoEZMuTL._SL500_.jpg" alt="Product Image"></a><p>Neutrogena Sunscreen Spray, Ultra Sheer ® Body Mist, Broad Spectrum SPF 70, Non-Greasy Water Resistant Body Sunscreen Mist, Non-Comedogenic, 5 oz (Pack of 3)</p><p>$22.60 ($1.51 / Ounce)</p><a href="https://www.amazon.com/dp/B076GZX3KL?tag=eloabder-20&linkCode=osi&th=1&psc=1">View Product</a></div><div class="product"><a href="https://www.amazon.com/dp/B004D2DR0Q?tag=eloabder-20&linkCode=osi&th=1&psc=1"><img src="https://m.media-amazon.com/images/I/41QwzCWNnFL._SL500_.jpg" alt="Product Image"></a><p>Neutrogena Ultra Sheer Dry-Touch Water Resistant and Non-Greasy Sunscreen Lotion with Broad Spectrum SPF 45, TSA-Compliant travel Size, 3 Fl Oz, Pack of 2, 6 Fl Oz</p><p>$13.99 ($2.33 / Fl Oz)</p><a href="https://www.amazon.com/dp/B004D2DR0Q?tag=eloabder-20&linkCode=osi&th=1&psc=1">View Product</a></div><div class="product"><a href="https://www.amazon.com/dp/B002CML1VG?tag=eloabder-20&linkCode=osi&th=1&psc=1"><img src="https://m.media-amazon.com/images/I/41ufC4L5QQL._SL500_.jpg" alt="Product Image"></a><p>La Roche-Posay Anthelios Melt-In Milk Sunscreen SPF 60 | Sunscreen For Body & Face | Broad Spectrum SPF + Antioxidants | Oil Free Sunscreen Lotion | Lightweight & Fast Absorbing | Oxybenzone Free</p><p>$37.99 ($7.60 / Fl Oz)</p><a href="https://www.amazon.com/dp/B002CML1VG?tag=eloabder-20&linkCode=osi&th=1&psc=1">View Product</a></div><div class="product"><a href="https://www.amazon.com/dp/B00B81XR1Y?tag=eloabder-20&linkCode=osi&th=1&psc=1"><img src="https://m.media-amazon.com/images/I/41NtDXr-dML._SL500_.jpg" alt="Product Image"></a><p>Banana Boat Sport Ultra SPF 30 Sunscreen Spray Twin Pack | Banana Boat Sunscreen Spray SPF 30, Spray On Sunscreen, Water Resistant Sunscreen, Oxybenzone Free Sunscreen Pack, 6oz each</p><p>$13.47 ($1.12 / Ounce)</p><a href="https://www.amazon.com/dp/B00B81XR1Y?tag=eloabder-20&linkCode=osi&th=1&psc=1">View Product</a></div><div class="product"><a href="https://www.amazon.com/dp/B07X1YDGSF?tag=eloabder-20&linkCode=osi&th=1&psc=1"><img src="https://m.media-amazon.com/images/I/31PSmI7nKIL._SL500_.jpg" alt="Product Image"></a><p>Neutrogena Beach Defense Sunscreen Spray SPF 50 Water-Resistant Body Spray with Broad Spectrum , PABA-Free, Oxybenzone-Free & Fast-Drying, Superior Sun Protection, 6.5 oz, Transparent</p><p>$9.88 ($1.52 / Ounce)</p><a href="https://www.amazon.com/dp/B07X1YDGSF?tag=eloabder-20&linkCode=osi&th=1&psc=1">View Product</a></div>
<div class="product"><a href="https://www.amazon.com/dp/B00JJPMXDO?tag=eloabder-20&linkCode=osi&th=1&psc=1"><img src="https://m.media-amazon.com/images/I/41xUbY21ojL._SL500_.jpg" alt="Product Image"></a><p>CeraVe Eye Repair Cream | Under Eye Cream For Puffiness And Bags Under Eyes | Hyaluronic Acid + Niacinamide + Marine Botanical Complex | Hydrating Eye Cream | Oil Free & Opthalmologist Tested</p><p>$13.43 ($26.86 / Ounce)</p><a href="https://www.amazon.com/dp/B00JJPMXDO?tag=eloabder-20&linkCode=osi&th=1&psc=1">View Product</a></div><div class="product"><a href="https://www.amazon.com/dp/B0B3GCCRVH?tag=eloabder-20&linkCode=osi&th=1&psc=1"><img src="https://m.media-amazon.com/images/I/41EdCdrw-AL._SL500_.jpg" alt="Product Image"></a><p>CeraVe Skin Renewing Eye Cream For Wrinkles | Under Eye Cream With Peptides + Caffeine + Niacinamide | Anti Aging Eye Cream For Wrinkles & Crows Feet | Paraben Free & Opthalmologist Tested</p><p>$18.49 ($36.98 / Ounce)</p><a href="https://www.amazon.com/dp/B0B3GCCRVH?tag=eloabder-20&linkCode=osi&th=1&psc=1">View Product</a></div><div class="product"><a href="https://www.amazon.com/dp/B00005333I?tag=eloabder-20&linkCode=osi&th=1&psc=1"><img src="https://m.media-amazon.com/images/I/31webfO63dL._SL500_.jpg" alt="Product Image"></a><p>L'Oreal Paris Dermo-Expertise Eye Defense Eye Cream with Caffeine and Hyaluronic Acid 0.5 oz</p><p>$12.27 ($24.54 / Ounce)</p><a href="https://www.amazon.com/dp/B00005333I?tag=eloabder-20&linkCode=osi&th=1&psc=1">View Product</a></div><div class="product"><a href="https://www.amazon.com/dp/B0CZJ8N83D?tag=eloabder-20&linkCode=osi&th=1&psc=1"><img src="https://m.media-amazon.com/images/I/31fQO3OHiML._SL500_.jpg" alt="Product Image"></a><p>PRIME PROMETICS PrimeEyes Hydrate Under Eye Cream for Mature Women – Hydrating Eye Cream for Dark Circles and Wrinkle Repair – Soft, Glowing & Healthy Under Eyes</p><p>$62.00</p><a href="https://www.amazon.com/dp/B0CZJ8N83D?tag=eloabder-20&linkCode=osi&th=1&psc=1">View Product</a></div><div class="product"><a href="https://www.amazon.com/dp/B0009RFB76?tag=eloabder-20&linkCode=osi&th=1&psc=1"><img src="https://m.media-amazon.com/images/I/31M2iQDNDOL._SL500_.jpg" alt="Product Image"></a><p>RoC Retinol Correxion Under Eye Cream for Dark Circles & Puffiness, Daily Wrinkle Cream, Anti Aging Line Smoothing Skin Care Treatment for Women and Men, 0.5 oz (Packaging May Vary)</p><p>$19.77 ($39.54 / Fl Oz)</p><a href="https://www.amazon.com/dp/B0009RFB76?tag=eloabder-20&linkCode=osi&th=1&psc=1">View Product</a></div><div class="product"><a href="https://www.amazon.com/dp/B0D3TG6MN3?tag=eloabder-20&linkCode=osi&th=1&psc=1"><img src="https://m.media-amazon.com/images/I/21-DQIJf5xL._SL500_.jpg" alt="Product Image"></a><p>Dr.Melaxin Eyephalt Eyebag Cream for Puffiness, Dark Circles&Fine Lines | EGF Anti-Aging Under Eye Moisturizer with Niacinamide&Ceramide 0.33 fl.oz.</p><p>$59.00 ($178.79 / Fl Oz)</p><a href="https://www.amazon.com/dp/B0D3TG6MN3?tag=eloabder-20&linkCode=osi&th=1&psc=1">View Product</a></div><div class="product"><a href="https://www.amazon.com/dp/B07CKJRJXB?tag=eloabder-20&linkCode=osi&th=1&psc=1"><img src="https://m.media-amazon.com/images/I/31pJCzbhXrL._SL500_.jpg" alt="Product Image"></a><p>No7 Lift & Luminate Triple Action Eye Cream - Anti-Aging Under Eye Cream for Dark Circles, Puffiness & Wrinkles - Formulated with Vitamin C to Brighten and Refresh Tired Eyes (0.5 Fl Oz)</p><p>$15.99</p><a href="https://www.amazon.com/dp/B07CKJRJXB?tag=eloabder-20&linkCode=osi&th=1&psc=1">View Product</a></div>
<div class="product"><a href="https://www.amazon.com/dp/B0BBSP2JNQ?tag=eloabder-20&linkCode=osi&th=1&psc=1"><img src="https://m.media-amazon.com/images/I/51qb7tiAJgL._SL500_.jpg" alt="Product Image"></a><p>SimplyVital Face Moisturizer Collagen Cream - Anti Aging Neck and Décolleté - Made in USA Day & Night Face Cream - Moisturizing, Lifting & Recovery – 1.7oz</p><p>$22.89 ($13.46 / Fl Oz)</p><a href="https://www.amazon.com/dp/B0BBSP2JNQ?tag=eloabder-20&linkCode=osi&th=1&psc=1">View Product</a></div><div class="product"><a href="https://www.amazon.com/dp/B008EKY8VK?tag=eloabder-20&linkCode=osi&th=1&psc=1"><img src="https://m.media-amazon.com/images/I/419EZkaOOIL._SL500_.jpg" alt="Product Image"></a><p>L'Oreal Paris Revitalift Triple Power Anti-Aging Face Moisturizer, Pro Retinol, Hyaluronic Acid & Vitamin C to Reduce Wrinkles, Firm & Brighten Skin, 1.7 Oz</p><p>$17.86 ($10.51 / Ounce)</p><a href="https://www.amazon.com/dp/B008EKY8VK?tag=eloabder-20&linkCode=osi&th=1&psc=1">View Product</a></div><div class="product"><a href="https://www.amazon.com/dp/B00HNSSPDG?tag=eloabder-20&linkCode=osi&th=1&psc=1"><img src="https://m.media-amazon.com/images/I/41zARcUorbL._SL500_.jpg" alt="Product Image"></a><p>Neutrogena Triple Age Repair Anti-Aging Night Cream with Vitamin C; Fights Wrinkles & Evens Tone, Firming Anti-Wrinkle Face & Neck Cream; Glycerin & Shea Butter, 1.7 oz</p><p>$19.19 ($11.29 / Ounce)</p><a href="https://www.amazon.com/dp/B00HNSSPDG?tag=eloabder-20&linkCode=osi&th=1&psc=1">View Product</a></div><div class="product"><a href="https://www.amazon.com/dp/B0C9H6PD9B?tag=eloabder-20&linkCode=osi&th=1&psc=1"><img src="https://m.media-amazon.com/images/I/51MQp9qtYZL._SL500_.jpg" alt="Product Image"></a><p>Collagen Face Moisturizer with Airless Pump - Collagen Botanical Stem Cells Cream for Skin with Retinol, Niacinamide, Hyaluronic Acid - Anti-Aging Day & Night Cream - Made in USA (1.7 Oz)</p><p>$14.99 ($8.82 / Ounce)</p><a href="https://www.amazon.com/dp/B0C9H6PD9B?tag=eloabder-20&linkCode=osi&th=1&psc=1">View Product</a></div><div class="product"><a href="https://www.amazon.com/dp/B01ES349CY?tag=eloabder-20&linkCode=osi&th=1&psc=1"><img src="https://m.media-amazon.com/images/I/51C9olHbYgL._SL500_.jpg" alt="Product Image"></a><p>LilyAna Naturals Retinol Cream - Made in USA, Anti Aging Moisturizer for Face and Neck,Wrinkle, Retinol Complex - 1.7oz</p><p>$18.16 ($10.68 / Ounce)</p><a href="https://www.amazon.com/dp/B01ES349CY?tag=eloabder-20&linkCode=osi&th=1&psc=1">View Product</a></div><div class="product"><a href="https://www.amazon.com/dp/B00QSHEN0M?tag=eloabder-20&linkCode=osi&th=1&psc=1"><img src="https://m.media-amazon.com/images/I/41XiN2SLyrL._SL500_.jpg" alt="Product Image"></a><p>Burt's Bees Renewal Firming Face Cream, Anti-Aging Retinol Alternative, Moisturizing Natural Origin Skin Care, 1.8 Ounce (Packaging May Vary)</p><p>$9.75 ($5.42 / Ounce)</p><a href="https://www.amazon.com/dp/B00QSHEN0M?tag=eloabder-20&linkCode=osi&th=1&psc=1">View Product</a></div><div class="product"><a href="https://www.amazon.com/dp/B0744JV661?tag=eloabder-20&linkCode=osi&th=1&psc=1"><img src="https://m.media-amazon.com/images/I/41uJ0OhvRuL._SL500_.jpg" alt="Product Image"></a><p>RoC Retinol Correxion Max Daily Hydration Anti-Aging Face Moisturizer with Hyaluronic Acid, Oil Free Skin Care Cream for Fine Lines, Dark Spots, Post-Acne Scars, 1.7 Ounces (Packaging May Vary)</p><p>$21.53 ($12.66 / Ounce)</p><a href="https://www.amazon.com/dp/B0744JV661?tag=eloabder-20&linkCode=osi&th=1&psc=1">View Product</a></div><div class="product"><a href="https://www.amazon.com/dp/B004D2C57M?tag=eloabder-20&linkCode=osi&th=1&psc=1"><img src="https://m.media-amazon.com/images/I/4106jzuxtsL._SL500_.jpg" alt="Product Image"></a><p>Neutrogena Retinol Face Moisturizer, Rapid Wrinkle Repair with SPF 30 Sunscreen, Daily Anti-Aging Face Cream with Retinol & Hyaluronic Acid to Fight Fine Lines, Wrinkles, & Dark Spots, 1 fl. oz</p><p>$17.14</p><a href="https://www.amazon.com/dp/B004D2C57M?tag=eloabder-20&linkCode=osi&th=1&psc=1">View Product</a></div><div class="product"><a href="https://www.amazon.com/dp/B0B5TBVX6C?tag=eloabder-20&linkCode=osi&th=1&psc=1"><img src="https://m.media-amazon.com/images/I/51nRJsctWHL._SL500_.jpg" alt="Product Image"></a><p>Retinol Cream for Face - Facial Moisturizer with Collagen and Hyaluronic Acid, Anti-Wrinkle Reduce Fine Lines Vitamin C+E Natural-Ingredient Day Night Anti-Aging For Women Men</p><p>$14.99 ($8.82 / Fl Oz)</p><a href="https://www.amazon.com/dp/B0B5TBVX6C?tag=eloabder-20&linkCode=osi&th=1&psc=1">View Product</a></div>
<div class="product"><a href="https://www.amazon.com/dp/B00DG8F02Q?tag=eloabder-20&linkCode=osi&th=1&psc=1"><img src="https://m.media-amazon.com/images/I/31+WLRw2Y6L._SL500_.jpg" alt="Product Image"></a><p>NIVEA Shea Nourish Body Lotion, 48-Hour Moisturizing Shea Butter Lotion for Dry Skin with Deep Nourishing Serum, 16.9 Fl Oz Pump Bottle</p><p>$6.29 ($0.37 / Fl Oz)</p><a href="https://www.amazon.com/dp/B00DG8F02Q?tag=eloabder-20&linkCode=osi&th=1&psc=1">View Product</a></div><div class="product"><a href="https://www.amazon.com/dp/B076G2XGY3?tag=eloabder-20&linkCode=osi&th=1&psc=1"><img src="https://m.media-amazon.com/images/I/41jIXvha20L._SL500_.jpg" alt="Product Image"></a><p>NIVEA Essentially Enriched Body Lotion for Dry Skin, Pack of 2, 16.9 Fl Oz Pump Bottles</p><p>$10.98 ($0.32 / Fl Oz)</p><a href="https://www.amazon.com/dp/B076G2XGY3?tag=eloabder-20&linkCode=osi&th=1&psc=1">View Product</a></div><div class="product"><a href="https://www.amazon.com/dp/B00DG8EZKO?tag=eloabder-20&linkCode=osi&th=1&psc=1"><img src="https://m.media-amazon.com/images/I/31DT3ghuyXL._SL500_.jpg" alt="Product Image"></a><p>NIVEA Intense Healing Body Lotion for Dry Skin, 72-Hour Moisturizing Lotion with Deep Nourishing Serum and Provitamin B5, 16.9 Fl Oz Pump Bottle</p><p>$6.29 ($0.37 / Fl Oz)</p><a href="https://www.amazon.com/dp/B00DG8EZKO?tag=eloabder-20&linkCode=osi&th=1&psc=1">View Product</a></div><div class="product"><a href="https://www.amazon.com/dp/B08KT5HM98?tag=eloabder-20&linkCode=osi&th=1&psc=1"><img src="https://m.media-amazon.com/images/I/311EVJ1x7tL._SL500_.jpg" alt="Product Image"></a><p>eos Shea Better Body Lotion- Coconut Waters, 24-Hour Moisture Skin Care, Lightweight & Non-Greasy, Made with Natural Shea, Vegan, 16 fl oz</p><p>$8.98 ($0.56 / Fl Oz)</p><a href="https://www.amazon.com/dp/B08KT5HM98?tag=eloabder-20&linkCode=osi&th=1&psc=1">View Product</a></div><div class="product"><a href="https://www.amazon.com/dp/B0034F9K36?tag=eloabder-20&linkCode=osi&th=1&psc=1"><img src="https://m.media-amazon.com/images/I/319i3EFVPvL._SL500_.jpg" alt="Product Image"></a><p>Jergens Ultra Healing Dry Skin Moisturizer, Body and Hand Lotion for Dry Skin, for Quick Absorption into Extra Dry Skin, with HYDRALUCENCE blend, Vitamins C, E, and B5, 32 Ounce</p><p>$8.17 ($0.26 / Fl Oz)</p><a href="https://www.amazon.com/dp/B0034F9K36?tag=eloabder-20&linkCode=osi&th=1&psc=1">View Product</a></div><div class="product"><a href="https://www.amazon.com/dp/B003JT8PKQ?tag=eloabder-20&linkCode=osi&th=1&psc=1"><img src="https://m.media-amazon.com/images/I/31TFisQDpKL._SL500_.jpg" alt="Product Image"></a><p>Lubriderm Daily Moisture Lotion + Pro-Ceramide with Shea Butter & Glycerin Helps Moisturize Dry Skin, Hydrating Face, Hand & Body Lotion is Lightly Scented & Non-Greasy, 24 fl. oz</p><p>$10.12 ($0.42 / Fl Oz)</p><a href="https://www.amazon.com/dp/B003JT8PKQ?tag=eloabder-20&linkCode=osi&th=1&psc=1">View Product</a></div><div class="product"><a href="https://www.amazon.com/dp/B07RK4HST7?tag=eloabder-20&linkCode=osi&th=1&psc=1"><img src="https://m.media-amazon.com/images/I/412DGoW35mL._SL500_.jpg" alt="Product Image"></a><p>CeraVe Daily Moisturizing Lotion for Dry Skin | Body Lotion & Face Moisturizer with Hyaluronic Acid and Ceramides | Daily Moisturizer | Fragrance Free | Oil-Free | 19 Ounce</p><p>$18.50 ($0.97 / Fl Oz)</p><a href="https://www.amazon.com/dp/B07RK4HST7?tag=eloabder-20&linkCode=osi&th=1&psc=1">View Product</a></div><div class="product"><a href="https://www.amazon.com/dp/B0D484X4RL?tag=eloabder-20&linkCode=osi&th=1&psc=1"><img src="https://m.media-amazon.com/images/I/31rZLOx+KEL._SL500_.jpg" alt="Product Image"></a><p>Native Body Lotion Contains Naturally Derived Plant-Based Moisturizers for Women and Men | Restores Dry Skin, Coconut & Vanilla, 16.5 fl oz</p><p>$13.97 ($0.85 / Fl Oz)</p><a href="https://www.amazon.com/dp/B0D484X4RL?tag=eloabder-20&linkCode=osi&th=1&psc=1">View Product</a></div><div class="product"><a href="https://www.amazon.com/dp/B073CXZ8KR?tag=eloabder-20&linkCode=osi&th=1&psc=1"><img src="https://m.media-amazon.com/images/I/31r1ImnqoOL._SL500_.jpg" alt="Product Image"></a><p>Nivea Oil Infused Cherry Blossom and Jojoba Oil Body Lotion, Non-Greasy Cherry Blossom Scented Lotion Moisturizes for 24+ Hours, 16.9 Fl Oz Pump Bottle</p><p>$6.29 ($0.37 / Fl Oz)</p><a href="https://www.amazon.com/dp/B073CXZ8KR?tag=eloabder-20&linkCode=osi&th=1&psc=1">View Product</a></div><div class="product"><a href="https://www.amazon.com/dp/B09HHBKK15?tag=eloabder-20&linkCode=osi&th=1&psc=1"><img src="https://m.media-amazon.com/images/I/31gFI+hSGmL._SL500_.jpg" alt="Product Image"></a><p>Amazon Basics Cocoa Butter Body Lotion, Lightly scented, 20.3 fl oz</p><p>$4.89 ($0.24 / Fl Oz)</p><a href="https://www.amazon.com/dp/B09HHBKK15?tag=eloabder-20&linkCode=osi&th=1&psc=1">View Product</a></div>
<div class="product"><a href="https://www.amazon.com/dp/B0BVBZPX9B?tag=eloabder-20&linkCode=osi&th=1&psc=1"><img src="https://m.media-amazon.com/images/I/61Y09jlKZkL._SL500_.jpg" alt="Product Image"></a><p>Dove Deep Moisture Body Wash 30.6 Fl Oz Pack of 3 with Pump, Luxurious Hydration for Dry Skin, Cleanser with 24hr Renewing MicroMoisture</p><p>$23.22 ($0.25 / Fl Oz)</p><a href="https://www.amazon.com/dp/B0BVBZPX9B?tag=eloabder-20&linkCode=osi&th=1&psc=1">View Product</a></div><div class="product"><a href="https://www.amazon.com/dp/B0BT1VXDGD?tag=eloabder-20&linkCode=osi&th=1&psc=1"><img src="https://m.media-amazon.com/images/I/217eAv7yKyL._SL500_.jpg" alt="Product Image"></a><p>Method Body Wash, Pure Peace, Paraben and Phthalate Free, Biodegradable Formula, 28 oz (Pack of 1)</p><p>$11.48 ($0.41 / Fl Oz)</p><a href="https://www.amazon.com/dp/B0BT1VXDGD?tag=eloabder-20&linkCode=osi&th=1&psc=1">View Product</a></div><div class="product"><a href="https://www.amazon.com/dp/B0BVBYQGTW?tag=eloabder-20&linkCode=osi&th=1&psc=1"><img src="https://m.media-amazon.com/images/I/61En44WjwPL._SL500_.jpg" alt="Product Image"></a><p>Dove Body Wash with Pump Sensitive Skin 3 Count Hypoallergenic, Paraben-Free, Sulfate-Free, Cruelty-Free, Moisturizing Skin Cleanser Effectively Washes Away Bacteria While Nourishing Skin 30.6 oz</p><p>$23.22 ($0.25 / Fl Oz)</p><a href="https://www.amazon.com/dp/B0BVBYQGTW?tag=eloabder-20&linkCode=osi&th=1&psc=1">View Product</a></div><div class="product"><a href="https://www.amazon.com/dp/B0CGY5BLBW?tag=eloabder-20&linkCode=osi&th=1&psc=1"><img src="https://m.media-amazon.com/images/I/61X7MjVU6uL._SL500_.jpg" alt="Product Image"></a><p>Dove Exfoliating Body Wash Glow Recharge Energizes & illuminates skin 3% brightening serum with vitamin C 18.5 oz</p><p>$9.79 ($0.53 / Fl Oz)</p><a href="https://www.amazon.com/dp/B0CGY5BLBW?tag=eloabder-20&linkCode=osi&th=1&psc=1">View Product</a></div><div class="product"><a href="https://www.amazon.com/dp/B082QB23YG?tag=eloabder-20&linkCode=osi&th=1&psc=1"><img src="https://m.media-amazon.com/images/I/31QPAuuaLwL._SL500_.jpg" alt="Product Image"></a><p>NIVEA Refreshing White Peach and Jasmine Body Wash, Scented Body Wash with Nourishing Serum, Plant-Derived Oils, Essential Skin Lipids and Vitamins, 20 Fl Oz Bottle</p><p>$4.89 ($0.24 / Fl Oz)</p><a href="https://www.amazon.com/dp/B082QB23YG?tag=eloabder-20&linkCode=osi&th=1&psc=1">View Product</a></div><div class="product"><a href="https://www.amazon.com/dp/B0BHH1LBX2?tag=eloabder-20&linkCode=osi&th=1&psc=1"><img src="https://m.media-amazon.com/images/I/41aG-jLyOqL._SL500_.jpg" alt="Product Image"></a><p>Olay Ultra Rich Moisture Body Wash for Women, Deeply Nourishes, Vitamin B3 Complex, Clinically Proven, Shea Butter Scent, 22 fl oz (Pack of 4)</p><p>$27.96 ($0.32 / Fl Oz)</p><a href="https://www.amazon.com/dp/B0BHH1LBX2?tag=eloabder-20&linkCode=osi&th=1&psc=1">View Product</a></div><div class="product"><a href="https://www.amazon.com/dp/B07FD24RTR?tag=eloabder-20&linkCode=osi&th=1&psc=1"><img src="https://m.media-amazon.com/images/I/31klAgInvXL._SL500_.jpg" alt="Product Image"></a><p>Aveeno Stress Relief Body Wash with Soothing Oat for Sensitive Skin, Lavender Body Wash to help you feel Calm and Relaxed, Sulfate-Free, 33 FL OZ</p><p>$13.48 ($0.41 / Fl Oz)</p><a href="https://www.amazon.com/dp/B07FD24RTR?tag=eloabder-20&linkCode=osi&th=1&psc=1">View Product</a></div><div class="product"><a href="https://www.amazon.com/dp/B082QC2MCX?tag=eloabder-20&linkCode=osi&th=1&psc=1"><img src="https://m.media-amazon.com/images/I/31ohT5XH1TS._SL500_.jpg" alt="Product Image"></a><p>NIVEA Shea Butter Nourishing Body Wash, Moisturizing Body Wash with Nourishing Serum, Plant-Derived Oils, Essential Skin Lipids and Vitamins, 20 Fl Oz Bottle</p><p>$5.29 ($0.26 / Fl Oz)</p><a href="https://www.amazon.com/dp/B082QC2MCX?tag=eloabder-20&linkCode=osi&th=1&psc=1">View Product</a></div><div class="product"><a href="https://www.amazon.com/dp/B0BVBYDTZ6?tag=eloabder-20&linkCode=osi&th=1&psc=1"><img src="https://m.media-amazon.com/images/I/61UbJzK8yIL._SL500_.jpg" alt="Product Image"></a><p>Dove Body Wash with Pump Refreshing Cucumber and Green Tea 3 Count Refreshes Skin Cleanser That Effectively Washes Away Bacteria While Nourishing Your Skin 30.6 oz</p><p>$29.91 ($0.33 / Fl Oz)</p><a href="https://www.amazon.com/dp/B0BVBYDTZ6?tag=eloabder-20&linkCode=osi&th=1&psc=1">View Product</a></div><div class="product"><a href="https://www.amazon.com/dp/B082QBPDJC?tag=eloabder-20&linkCode=osi&th=1&psc=1"><img src="https://m.media-amazon.com/images/I/31tC4JDwHQL._SL500_.jpg" alt="Product Image"></a><p>NIVEA Coconut and Almond Milk Pampering Body Wash, Moisturizing Body Wash with Nourishing Serum, Plant-Derived Oils, Essential Skin Lipids and Vitamins, 20 Fl Oz Bottle</p><p>$4.99 ($0.25 / Fl Oz)</p><a href="https://www.amazon.com/dp/B082QBPDJC?tag=eloabder-20&linkCode=osi&th=1&psc=1">View Product</a></div>
<div class="product"><a href="https://www.amazon.com/dp/B07N7MWX72?tag=eloabder-20&linkCode=osi&th=1&psc=1"><img src="https://m.media-amazon.com/images/I/414aNTDFuRL._SL500_.jpg" alt="Product Image"></a><p>Mielle Organics Rosemary Mint Strengthening Shampoo Infused with Biotin, Cleanses and Helps Strengthen Weak and Brittle Hair, 12 Ounces</p><p>$9.97 ($0.83 / Fl Oz)</p><a href="https://www.amazon.com/dp/B07N7MWX72?tag=eloabder-20&linkCode=osi&th=1&psc=1">View Product</a></div><div class="product"><a href="https://www.amazon.com/dp/B01N97PCBH?tag=eloabder-20&linkCode=osi&th=1&psc=1"><img src="https://m.media-amazon.com/images/I/41KYNMCTIPL._SL500_.jpg" alt="Product Image"></a><p>Garnier Fructis Pure Clean Purifying Shampoo, Silicone-Free, 12.5 Fl Oz, 1 Count (Packaging May Vary)</p><p>$3.97 ($0.32 / Fl Oz)</p><a href="https://www.amazon.com/dp/B01N97PCBH?tag=eloabder-20&linkCode=osi&th=1&psc=1">View Product</a></div><div class="product"><a href="https://www.amazon.com/dp/B07D37PQGL?tag=eloabder-20&linkCode=osi&th=1&psc=1"><img src="https://m.media-amazon.com/images/I/31+tZhs5TNL._SL500_.jpg" alt="Product Image"></a><p>Olaplex No. 4 Bond Maintenance Shampoo, Repairs, Strengthens, & Nourishes All Hair Types, Adds Shine & Leaves Hair Feeling Soft, 8.5 fl oz</p><p>$30.00 ($3.53 / Fl Oz)</p><a href="https://www.amazon.com/dp/B07D37PQGL?tag=eloabder-20&linkCode=osi&th=1&psc=1">View Product</a></div><div class="product"><a href="https://www.amazon.com/dp/B084LHV2M1?tag=eloabder-20&linkCode=osi&th=1&psc=1"><img src="https://m.media-amazon.com/images/I/4174ry43L0L._SL500_.jpg" alt="Product Image"></a><p>Herbal Essences Hello hydration shampoo shampooing for hair 29.2 FL OZ</p><p>$7.97 ($0.27 / Fl Oz)</p><a href="https://www.amazon.com/dp/B084LHV2M1?tag=eloabder-20&linkCode=osi&th=1&psc=1">View Product</a></div><div class="product"><a href="https://www.amazon.com/dp/B08SSM21R4?tag=eloabder-20&linkCode=osi&th=1&psc=1"><img src="https://m.media-amazon.com/images/I/31WbRm+ZKEL._SL500_.jpg" alt="Product Image"></a><p>Redken All Soft Shampoo | Deeply Moisturizes and Hydrates | Softens, Smooths, and Adds Shine | Safe for Color-Treated Hair | Nourishing Shampoo for Dry Hair | With Argan Oil</p><p>$26.00 ($2.57 / Fl Oz)</p><a href="https://www.amazon.com/dp/B08SSM21R4?tag=eloabder-20&linkCode=osi&th=1&psc=1">View Product</a></div><div class="product"><a href="https://www.amazon.com/dp/B0D4SBLLRJ?tag=eloabder-20&linkCode=osi&th=1&psc=1"><img src="https://m.media-amazon.com/images/I/41uWwx+mKwL._SL500_.jpg" alt="Product Image"></a><p>Olaplex Wash and Shine Kit</p><p>$57.00</p><a href="https://www.amazon.com/dp/B0D4SBLLRJ?tag=eloabder-20&linkCode=osi&th=1&psc=1">View Product</a></div><div class="product"><a href="https://www.amazon.com/dp/B086S4Q7JH?tag=eloabder-20&linkCode=osi&th=1&psc=1"><img src="https://m.media-amazon.com/images/I/51i3YLQncNL._SL500_.jpg" alt="Product Image"></a><p>Herbal Essences Shampoo and Conditioner Set, Vitamin E, Rose Hips and Jojoba Extract, Smooth Collection, Bundle</p><p>$13.81 ($0.24 / Fl Oz)</p><a href="https://www.amazon.com/dp/B086S4Q7JH?tag=eloabder-20&linkCode=osi&th=1&psc=1">View Product</a></div><div class="product"><a href="https://www.amazon.com/dp/B01ENCBOA0?tag=eloabder-20&linkCode=osi&th=1&psc=1"><img src="https://m.media-amazon.com/images/I/41wcbs9bSAL._SL500_.jpg" alt="Product Image"></a><p>Rosemary and Biotin Shampoo for Thinning Hair - Vegan Volumizing Shampoo for Fine Hair with Argan and Tea Tree Oil - Paraben Silicone and Sulfate Free Shampoo for Dry Damaged Weak and Thin Hair Care</p><p>$12.95 ($1.62 / Fl Oz)</p><a href="https://www.amazon.com/dp/B01ENCBOA0?tag=eloabder-20&linkCode=osi&th=1&psc=1">View Product</a></div><div class="product"><a href="https://www.amazon.com/dp/B07NQ69L7P?tag=eloabder-20&linkCode=osi&th=1&psc=1"><img src="https://m.media-amazon.com/images/I/51c83KZZLJL._SL500_.jpg" alt="Product Image"></a><p>Herbal Essences Argan Oil of Morocco Shampoo & Conditioner Set, Repair & Smooth, Kew Endorsed, Fizzy Citrus Scent, Paraben-Free, Safe for Color-Treated Hair, pH-Balanced, 20.2 Fl Oz Each, 2 Pack</p><p>$24.99</p><a href="https://www.amazon.com/dp/B07NQ69L7P?tag=eloabder-20&linkCode=osi&th=1&psc=1">View Product</a></div>
<div class="product"><a href="https://www.amazon.com/dp/B0891BBRHW?tag=eloabder-20&linkCode=osi&th=1&psc=1"><img src="https://m.media-amazon.com/images/I/31ndDwe7VSL._SL500_.jpg" alt="Product Image"></a><p>Pureology Hydrate Moisturizing Conditioner | Softens and Deeply Hydrates Dry Hair | For Medium to Thick Color Treated or Natural Hair | Sulfate Free Conditioner | Vegan</p><p>$37.00 ($4.11 / Fl Oz)</p><a href="https://www.amazon.com/dp/B0891BBRHW?tag=eloabder-20&linkCode=osi&th=1&psc=1">View Product</a></div><div class="product"><a href="https://www.amazon.com/dp/B07D37SBHF?tag=eloabder-20&linkCode=osi&th=1&psc=1"><img src="https://m.media-amazon.com/images/I/31ivDW-ouZL._SL500_.jpg" alt="Product Image"></a><p>Olaplex No. 5 Bond Maintenance Conditioner, Repairs, Strengthens, & Nourishes All Hair Types, Leaving Hair Feeling Soft & Adds Shine, 8.5 fl oz"</p><p>$30.00 ($3.53 / Fl Oz)</p><a href="https://www.amazon.com/dp/B07D37SBHF?tag=eloabder-20&linkCode=osi&th=1&psc=1">View Product</a></div><div class="product"><a href="https://www.amazon.com/dp/B07CLD17F5?tag=eloabder-20&linkCode=osi&th=1&psc=1"><img src="https://m.media-amazon.com/images/I/61hTHQjDOkL._SL500_.jpg" alt="Product Image"></a><p>Dove Ultra Care Conditioner Coconut & Hydration for Dry Hair Conditioner with Coconut Oil, Jojoba Oil & Sweet Almond Oil 25.4 oz</p><p>$7.49 ($0.29 / Fl Oz)</p><a href="https://www.amazon.com/dp/B07CLD17F5?tag=eloabder-20&linkCode=osi&th=1&psc=1">View Product</a></div><div class="product"><a href="https://www.amazon.com/dp/B0752CBW5T?tag=eloabder-20&linkCode=osi&th=1&psc=1"><img src="https://m.media-amazon.com/images/I/31-KMa7LAlS._SL500_.jpg" alt="Product Image"></a><p>L'Oreal Paris Elvive Total Repair 5 Repairing Conditioner for Damaged Hair Conditioner with Protein and Ceramide for Strong Silky Shiny Healthy Renewed Hair 28 Fl Oz</p><p>$8.49 ($0.30 / Fl Oz)</p><a href="https://www.amazon.com/dp/B0752CBW5T?tag=eloabder-20&linkCode=osi&th=1&psc=1">View Product</a></div><div class="product"><a href="https://www.amazon.com/dp/B00L01DEII?tag=eloabder-20&linkCode=osi&th=1&psc=1"><img src="https://m.media-amazon.com/images/I/31EJqWmmSNL._SL500_.jpg" alt="Product Image"></a><p>Biolage Ultra Hydra Source Conditioning Balm | Deep Hydrating Conditioner | Renews Hair's Moisture | For Very Dry Hair | Silicone-Free | Vegan | Salon Conditioner | 33.8 Fl. Oz</p><p>$42.00 ($1.24 / Fl Oz)</p><a href="https://www.amazon.com/dp/B00L01DEII?tag=eloabder-20&linkCode=osi&th=1&psc=1">View Product</a></div><div class="product"><a href="https://www.amazon.com/dp/B08SSCQH77?tag=eloabder-20&linkCode=osi&th=1&psc=1"><img src="https://m.media-amazon.com/images/I/31P8RgJeqwL._SL500_.jpg" alt="Product Image"></a><p>Redken All Soft Conditioner | For Dry / Brittle Hair | Moisturizes & Provides Intense Softness | With Argan Oil | 10.1 Fl Oz</p><p>$26.00 ($2.57 / Fl Oz)</p><a href="https://www.amazon.com/dp/B08SSCQH77?tag=eloabder-20&linkCode=osi&th=1&psc=1">View Product</a></div><div class="product"><a href="https://www.amazon.com/dp/B074VLNPSG?tag=eloabder-20&linkCode=osi&th=1&psc=1"><img src="https://m.media-amazon.com/images/I/319FOowuSkL._SL500_.jpg" alt="Product Image"></a><p>Garnier Fructis Grow Strong Conditioner, 33.8 Fl Oz, 1 Count (Packaging May Vary)</p><p>$8.49 ($0.25 / Fl Oz)</p><a href="https://www.amazon.com/dp/B074VLNPSG?tag=eloabder-20&linkCode=osi&th=1&psc=1">View Product</a></div><div class="product"><a href="https://www.amazon.com/dp/B00JAI4FGI?tag=eloabder-20&linkCode=osi&th=1&psc=1"><img src="https://m.media-amazon.com/images/I/212rXWGPu1L._SL500_.jpg" alt="Product Image"></a><p>Biolage Color Last Conditioner | Helps Protect Hair & Maintain Vibrant Color | For Color-Treated and Natural Hair | Paraben & Silicone-Free | Vegan | Cruelty Free | Color Protecting Salon Conditioner</p><p>$24.00 ($1.78 / Fl Oz)</p><a href="https://www.amazon.com/dp/B00JAI4FGI?tag=eloabder-20&linkCode=osi&th=1&psc=1">View Product</a></div>
<div class="product"><a href="https://www.amazon.com/dp/B00I32AN4K?tag=eloabder-20&linkCode=osi&th=1&psc=1"><img src="https://m.media-amazon.com/images/I/51KpmxinYYL._SL500_.jpg" alt="Product Image"></a><p>Arvazallia Hydrating Argan Oil Hair Mask and Deep Conditioner for Dry or Damaged Hair - 8.45 Oz</p><p>$12.95 ($1.53 / Fl Oz)</p><a href="https://www.amazon.com/dp/B00I32AN4K?tag=eloabder-20&linkCode=osi&th=1&psc=1">View Product</a></div><div class="product"><a href="https://www.amazon.com/dp/B07H3GBSC3?tag=eloabder-20&linkCode=osi&th=1&psc=1"><img src="https://m.media-amazon.com/images/I/41I862UzKRL._SL500_.jpg" alt="Product Image"></a><p>amika soulfood nourishing Mask, 8 Fl oz</p><p>$34.00 ($4.25 / Fl Oz)</p><a href="https://www.amazon.com/dp/B07H3GBSC3?tag=eloabder-20&linkCode=osi&th=1&psc=1">View Product</a></div><div class="product"><a href="https://www.amazon.com/dp/B075L6BL61?tag=eloabder-20&linkCode=osi&th=1&psc=1"><img src="https://m.media-amazon.com/images/I/41zCFV7oGTL._SL500_.jpg" alt="Product Image"></a><p>Karseell Collagen Hair Treatment Deep Repair Conditioning Argan Oil Collagen Hair Mask Essence for Dry Damaged Hair All Hair Types 16.90 oz 500ml</p><p>$23.33 ($1.38 / Fl Oz)</p><a href="https://www.amazon.com/dp/B075L6BL61?tag=eloabder-20&linkCode=osi&th=1&psc=1">View Product</a></div><div class="product"><a href="https://www.amazon.com/dp/B0BQ54DQNM?tag=eloabder-20&linkCode=osi&th=1&psc=1"><img src="https://m.media-amazon.com/images/I/41uhtWPJeuL._SL500_.jpg" alt="Product Image"></a><p>Eva NYC Therapy Session Hair Mask, Deep Conditioning Hair Mask Infused with Argan Oil and Plant Protein, 16.9 fl oz</p><p>$19.00 ($1.12 / Fl Oz)</p><a href="https://www.amazon.com/dp/B0BQ54DQNM?tag=eloabder-20&linkCode=osi&th=1&psc=1">View Product</a></div><div class="product"><a href="https://www.amazon.com/dp/B01I2ZQJSG?tag=eloabder-20&linkCode=osi&th=1&psc=1"><img src="https://m.media-amazon.com/images/I/41ctrFUeQAL._SL500_.jpg" alt="Product Image"></a><p>Elizavecca cer-100 collagen coating hair protein treatment 100ml</p><p>$7.40 ($2.19 / Fl Oz)</p><a href="https://www.amazon.com/dp/B01I2ZQJSG?tag=eloabder-20&linkCode=osi&th=1&psc=1">View Product</a></div><div class="product"><a href="https://www.amazon.com/dp/B07N7NBYSP?tag=eloabder-20&linkCode=osi&th=1&psc=1"><img src="https://m.media-amazon.com/images/I/515lD0OXQ+L._SL500_.jpg" alt="Product Image"></a><p>Mielle Organics Rosemary Mint Strengthening Hair Masque, Essential Oil & Biotin Deep Treatment, Miracle Repair for Dry, Damaged, & Frizzy Hair, 12 Ounces</p><p>$9.97 ($0.83 / Ounce)</p><a href="https://www.amazon.com/dp/B07N7NBYSP?tag=eloabder-20&linkCode=osi&th=1&psc=1">View Product</a></div><div class="product"><a href="https://www.amazon.com/dp/B002N5MKMG?tag=eloabder-20&linkCode=osi&th=1&psc=1"><img src="https://m.media-amazon.com/images/I/41NxqnExYnL._SL500_.jpg" alt="Product Image"></a><p>Moroccanoil Intense Hydrating Mask, 8.5 Fl. Oz.</p><p>$42.00 ($4.94 / Fl Oz)</p><a href="https://www.amazon.com/dp/B002N5MKMG?tag=eloabder-20&linkCode=osi&th=1&psc=1">View Product</a></div><div class="product"><a href="https://www.amazon.com/dp/B07M7PP9KX?tag=eloabder-20&linkCode=osi&th=1&psc=1"><img src="https://m.media-amazon.com/images/I/41Mpv3wIxEL._SL500_.jpg" alt="Product Image"></a><p>Marc Anthony Grow Long Hair Anti-Breakage Mask, 10.4 OZ</p><p>$8.99 ($0.90 / Fl Oz)</p><a href="https://www.amazon.com/dp/B07M7PP9KX?tag=eloabder-20&linkCode=osi&th=1&psc=1">View Product</a></div><div class="product"><a href="https://www.amazon.com/dp/B09HR5KSR8?tag=eloabder-20&linkCode=osi&th=1&psc=1"><img src="https://m.media-amazon.com/images/I/51aIw6AhsXL._SL500_.jpg" alt="Product Image"></a><p>K18 Mini Leave-In Molecular Hair Mask, Repairs Dry or Damaged Hair, Reverse Hair Damage from Bleach, Color, Chemical Services & Heat, 0.51 Fl Oz</p><p>$29.00 ($56.86 / Fl Oz)</p><a href="https://www.amazon.com/dp/B09HR5KSR8?tag=eloabder-20&linkCode=osi&th=1&psc=1">View Product</a></div>
<div class="product"><a href="https://www.amazon.com/dp/B004J1MNII?tag=eloabder-20&linkCode=osi&th=1&psc=1"><img src="https://m.media-amazon.com/images/I/31nFgivW0gL._SL500_.jpg" alt="Product Image"></a><p>Moroccanoil Hydrating Styling Cream, Travel Size, 2.53 Fl Oz</p><p>$16.00 ($6.40 / Fl Oz)</p><a href="https://www.amazon.com/dp/B004J1MNII?tag=eloabder-20&linkCode=osi&th=1&psc=1">View Product</a></div><div class="product"><a href="https://www.amazon.com/dp/B00G187CP6?tag=eloabder-20&linkCode=osi&th=1&psc=1"><img src="https://m.media-amazon.com/images/I/31belqXvyyL._SL500_.jpg" alt="Product Image"></a><p>COLOR WOW One Minute Transformation – Instant frizz fix| Nourishing styling cream smooths, tames + defrizzes on the spot| Avocado oil + Omega 3’s hydrate, repair for silkier, smoother texture</p><p>$24.00</p><a href="https://www.amazon.com/dp/B00G187CP6?tag=eloabder-20&linkCode=osi&th=1&psc=1">View Product</a></div><div class="product"><a href="https://www.amazon.com/dp/B073CWSQ51?tag=eloabder-20&linkCode=osi&th=1&psc=1"><img src="https://m.media-amazon.com/images/I/41lIHxirIkL._SL500_.jpg" alt="Product Image"></a><p>COLOR WOW Dream Coat Supernatural Spray, 6.7 Fl Oz – Keep Your Hair Frizz-Free and Shiny No Matter the Weather with Award-Winning Anti-Humidity Treatment</p><p>$28.00 ($4.18 / Fl Oz)</p><a href="https://www.amazon.com/dp/B073CWSQ51?tag=eloabder-20&linkCode=osi&th=1&psc=1">View Product</a></div><div class="product"><a href="https://www.amazon.com/dp/B075RGHQVF?tag=eloabder-20&linkCode=osi&th=1&psc=1"><img src="https://m.media-amazon.com/images/I/21TgD3HaqbL._SL500_.jpg" alt="Product Image"></a><p>American Crew Men's Fiber Cream, Like Hair Gel with Medium Hold & Natural Shine, 3.3 Fl Oz</p><p>$9.94 ($3.01 / Ounce)</p><a href="https://www.amazon.com/dp/B075RGHQVF?tag=eloabder-20&linkCode=osi&th=1&psc=1">View Product</a></div><div class="product"><a href="https://www.amazon.com/dp/B0BLWTQ7JC?tag=eloabder-20&linkCode=osi&th=1&psc=1"><img src="https://m.media-amazon.com/images/I/31jMkcol7VL._SL500_.jpg" alt="Product Image"></a><p>DAE Cactus Fruit 3-In-1 Styling Cream - Smooth Styles, Prep Shiny Blowouts, Defines Curls (5 oz.)</p><p>$30.00 ($6.00 / Ounce)</p><a href="https://www.amazon.com/dp/B0BLWTQ7JC?tag=eloabder-20&linkCode=osi&th=1&psc=1">View Product</a></div><div class="product"><a href="https://www.amazon.com/dp/B00H3DOSPU?tag=eloabder-20&linkCode=osi&th=1&psc=1"><img src="https://m.media-amazon.com/images/I/317clPmAyiL._SL500_.jpg" alt="Product Image"></a><p>Biolage Styling Gelée | Firm Hold That Adds Body, Shine & Control | For All Hair Types | Paraben-Free | Vegan | 16.9 fl. oz. | 16.9 Fl. Oz</p><p>$24.00 ($1.42 / Fl Oz)</p><a href="https://www.amazon.com/dp/B00H3DOSPU?tag=eloabder-20&linkCode=osi&th=1&psc=1">View Product</a></div><div class="product"><a href="https://www.amazon.com/dp/B08SNSSTPZ?tag=eloabder-20&linkCode=osi&th=1&psc=1"><img src="https://m.media-amazon.com/images/I/31KrkpMat6L._SL500_.jpg" alt="Product Image"></a><p>L3 Level 3 Styling Powder - Natural Look Mens Powder - Easy to Apply with No Oil or Greasy Residue (Small - 30 Grams)</p><p>$9.99 ($9.51 / Fl Oz)</p><a href="https://www.amazon.com/dp/B08SNSSTPZ?tag=eloabder-20&linkCode=osi&th=1&psc=1">View Product</a></div><div class="product"><a href="https://www.amazon.com/dp/B09MZS3D3K?tag=eloabder-20&linkCode=osi&th=1&psc=1"><img src="https://m.media-amazon.com/images/I/31CADZzpR7L._SL500_.jpg" alt="Product Image"></a><p>Marc Anthony Biotin Styling Hair Cream, Instantly Thick - Biotin & Vitamin E Hair Thickening Cream, Lightweight Hold for Thicker & Fuller Hair - Volumizing Hair Product for Thin, Flat Hair</p><p>$8.99 ($1.82 / Ounce)</p><a href="https://www.amazon.com/dp/B09MZS3D3K?tag=eloabder-20&linkCode=osi&th=1&psc=1">View Product</a></div><div class="product"><a href="https://www.amazon.com/dp/B0009OMNQQ?tag=eloabder-20&linkCode=osi&th=1&psc=1"><img src="https://m.media-amazon.com/images/I/21BMUFOie3L._SL500_.jpg" alt="Product Image"></a><p>Paul Mitchell Extra-Body Sculpting Foam, Thickens + Builds Body, For Fine Hair, 6.7 oz.</p><p>$16.50 ($2.46 / Fl Oz)</p><a href="https://www.amazon.com/dp/B0009OMNQQ?tag=eloabder-20&linkCode=osi&th=1&psc=1">View Product</a></div>
<div class="product"><a href="https://www.amazon.com/dp/B09LXMXSMN?tag=eloabder-20&linkCode=osi&th=1&psc=1"><img src="https://m.media-amazon.com/images/I/51Sly6w-y7L._SL500_.jpg" alt="Product Image"></a><p>Revlon ColorSilk Beautiful Color Permanent Hair Color, Long-Lasting High-Definition Color, Shine & Silky Softness with 100% Gray Coverage, Ammonia Free, 41 Medium Brown, 3 Pack</p><p>$11.91 ($0.90 / Fl Oz)</p><a href="https://www.amazon.com/dp/B09LXMXSMN?tag=eloabder-20&linkCode=osi&th=1&psc=1">View Product</a></div><div class="product"><a href="https://www.amazon.com/dp/B004INIW1Y?tag=eloabder-20&linkCode=osi&th=1&psc=1"><img src="https://m.media-amazon.com/images/I/51QXVxOgEkL._SL500_.jpg" alt="Product Image"></a><p>L'Oreal Paris Excellence Creme Permanent Hair Color, 4 Dark Brown, 100 percent Gray Coverage Hair Dye, Pack of 1</p><p>$10.97</p><a href="https://www.amazon.com/dp/B004INIW1Y?tag=eloabder-20&linkCode=osi&th=1&psc=1">View Product</a></div><div class="product"><a href="https://www.amazon.com/dp/B00TUM6QUC?tag=eloabder-20&linkCode=osi&th=1&psc=1"><img src="https://m.media-amazon.com/images/I/511vRRkzayL._SL500_.jpg" alt="Product Image"></a><p>Schwarzkopf Keratin Color Permanent Hair Color, 6.0 Delicate Praline, 1 Application - Salon Inspired Permanent Hair Dye, for up to 80% Less Breakage vs Untreated Hair and up to 100% Gray Coverage</p><p>$11.97</p><a href="https://www.amazon.com/dp/B00TUM6QUC?tag=eloabder-20&linkCode=osi&th=1&psc=1">View Product</a></div><div class="product"><a href="https://www.amazon.com/dp/B00006JN4M?tag=eloabder-20&linkCode=osi&th=1&psc=1"><img src="https://m.media-amazon.com/images/I/41YBT6aEgWL._SL500_.jpg" alt="Product Image"></a><p>L'Oreal Paris Superior Preference Fade-Defying + Shine Permanent Hair Color, 6 Light Brown, Pack of 1, Hair Dye</p><p>$11.97</p><a href="https://www.amazon.com/dp/B00006JN4M?tag=eloabder-20&linkCode=osi&th=1&psc=1">View Product</a></div><div class="product"><a href="https://www.amazon.com/dp/B07HXH48TF?tag=eloabder-20&linkCode=osi&th=1&psc=1"><img src="https://m.media-amazon.com/images/I/51VP1hHWq9L._SL500_.jpg" alt="Product Image"></a><p>Garnier Hair Color Nutrisse Nourishing Creme, 50 Medium Natural Brown (Truffle) Permanent Hair Dye, 2 Count (Packaging May Vary)</p><p>$16.98 ($8.49 / Count)</p><a href="https://www.amazon.com/dp/B07HXH48TF?tag=eloabder-20&linkCode=osi&th=1&psc=1">View Product</a></div><div class="product"><a href="https://www.amazon.com/dp/B001UMV18M?tag=eloabder-20&linkCode=osi&th=1&psc=1"><img src="https://m.media-amazon.com/images/I/51h21IlxAhL._SL500_.jpg" alt="Product Image"></a><p>Garnier Hair Color Nutrisse Nourishing Creme, 415 Soft Mahogany Brown (Raspberry Truffle) Permanent Hair Dye, 1 Count (Packaging May Vary)</p><p>$8.47</p><a href="https://www.amazon.com/dp/B001UMV18M?tag=eloabder-20&linkCode=osi&th=1&psc=1">View Product</a></div><div class="product"><a href="https://www.amazon.com/dp/B0B3KWJ242?tag=eloabder-20&linkCode=osi&th=1&psc=1"><img src="https://m.media-amazon.com/images/I/41fqsQmb0VL._SL500_.jpg" alt="Product Image"></a><p>COLORCHARM Demi Permanent Hair Color, 3N Medium Neutral Brown 2 oz</p><p>$9.99 ($5.00 / Fl Oz)</p><a href="https://www.amazon.com/dp/B0B3KWJ242?tag=eloabder-20&linkCode=osi&th=1&psc=1">View Product</a></div>
<div class="product"><a href="https://www.amazon.com/dp/B01ACPW1SG?tag=eloabder-20&linkCode=osi&th=1&psc=1"><img src="https://m.media-amazon.com/images/I/41aIRzbHxNL._SL500_.jpg" alt="Product Image"></a><p>CoverGirl & Olay Simply Ageless 3-in-1 Liquid Foundation, Matte Finish, Hyaluronic & Vitamin C Formula, Cruelty Free, Classic Ivory, 1 Count</p><p>$10.49</p><a href="https://www.amazon.com/dp/B01ACPW1SG?tag=eloabder-20&linkCode=osi&th=1&psc=1">View Product</a></div><div class="product"><a href="https://www.amazon.com/dp/B07MWSP8SG?tag=eloabder-20&linkCode=osi&th=1&psc=1"><img src="https://m.media-amazon.com/images/I/31B37fmqI7L._SL500_.jpg" alt="Product Image"></a><p>e.l.f. Flawless Finish Foundation, Improves Uneven Skin Tone, Lightweight, Medium Coverage & Semi-Matte, Vegan & Cruelty-Free, Beige 0.67 Fl Oz</p><p>$6.00</p><a href="https://www.amazon.com/dp/B07MWSP8SG?tag=eloabder-20&linkCode=osi&th=1&psc=1">View Product</a></div><div class="product"><a href="https://www.amazon.com/dp/B00PFCSUNC?tag=eloabder-20&linkCode=osi&th=1&psc=1"><img src="https://m.media-amazon.com/images/I/41FK6ukLnvL._SL500_.jpg" alt="Product Image"></a><p>Maybelline Fit Me Matte + Poreless Liquid Oil-Free Foundation Makeup, Natural Ivory, 1 Count (Packaging May Vary)</p><p>$7.10</p><a href="https://www.amazon.com/dp/B00PFCSUNC?tag=eloabder-20&linkCode=osi&th=1&psc=1">View Product</a></div><div class="product"><a href="https://www.amazon.com/dp/B0BCGZMTSY?tag=eloabder-20&linkCode=osi&th=1&psc=1"><img src="https://m.media-amazon.com/images/I/31Qa6QbmaiL._SL500_.jpg" alt="Product Image"></a><p>L'Oreal Paris True Match Super-Blendable Foundation, Medium Coverage Liquid Foundation Makeup, N3, Light Medium, 1 Fl Oz</p><p>$9.97</p><a href="https://www.amazon.com/dp/B0BCGZMTSY?tag=eloabder-20&linkCode=osi&th=1&psc=1">View Product</a></div><div class="product"><a href="https://www.amazon.com/dp/B000IEMGGE?tag=eloabder-20&linkCode=osi&th=1&psc=1"><img src="https://m.media-amazon.com/images/I/41RtSkNmHSL._SL500_.jpg" alt="Product Image"></a><p>LAURA GELLER NEW YORK Award-Winning Baked Balance-n-Brighten Color Correcting Powder Foundation - Fair - Buildable Light to Medium Coverage - Demi-Matte Natural Finish</p><p>$22.13</p><a href="https://www.amazon.com/dp/B000IEMGGE?tag=eloabder-20&linkCode=osi&th=1&psc=1">View Product</a></div><div class="product"><a href="https://www.amazon.com/dp/B01LMMZY6O?tag=eloabder-20&linkCode=osi&th=1&psc=1"><img src="https://m.media-amazon.com/images/I/41WWjJXCsFL._SL500_.jpg" alt="Product Image"></a><p>IT Cosmetics Your Skin But Better CC+ Cream, Medium (W) - Color Correcting Cream, Full-Coverage Foundation, Hydrating Serum & SPF 50+ Sunscreen - Natural Finish - 1.08 fl oz</p><p>$47.00 ($43.52 / Fl Oz)</p><a href="https://www.amazon.com/dp/B01LMMZY6O?tag=eloabder-20&linkCode=osi&th=1&psc=1">View Product</a></div><div class="product"><a href="https://www.amazon.com/dp/B07CVFY5PQ?tag=eloabder-20&linkCode=osi&th=1&psc=1"><img src="https://m.media-amazon.com/images/I/416VSGy4SKL._SL500_.jpg" alt="Product Image"></a><p>MagicMinerals AirBrush Foundation by Jerome Alexander – 2pc Set with Airbrush Foundation and Kabuki Brush - Spray Makeup with Anti-aging Ingredients for Smooth Radiant Skin - Medium</p><p>$19.99 ($11.11 / Fl Oz)</p><a href="https://www.amazon.com/dp/B07CVFY5PQ?tag=eloabder-20&linkCode=osi&th=1&psc=1">View Product</a></div><div class="product"><a href="https://www.amazon.com/dp/B0039UTUZE?tag=eloabder-20&linkCode=osi&th=1&psc=1"><img src="https://m.media-amazon.com/images/I/41eXDpZ835L._SL500_.jpg" alt="Product Image"></a><p>Revlon Liquid Foundation, ColorStay Face Makeup for Combination & Oily Skin, SPF 15, Medium-Full Coverage with Matte Finish, Natural Beige ((220), 1.0 oz</p><p>$9.70</p><a href="https://www.amazon.com/dp/B0039UTUZE?tag=eloabder-20&linkCode=osi&th=1&psc=1">View Product</a></div><div class="product"><a href="https://www.amazon.com/dp/B00I52QPAE?tag=eloabder-20&linkCode=osi&th=1&psc=1"><img src="https://m.media-amazon.com/images/I/317EDqzSg+L._SL500_.jpg" alt="Product Image"></a><p>Revlon Liquid Foundation, Age Defying 3XFace Makeup, Anti-Aging and Firming Formula, SPF 30, Longwear Medium Buildable Coverage with Natural Finish, 035 Natural Beige, 1 Fl Oz</p><p>$13.48</p><a href="https://www.amazon.com/dp/B00I52QPAE?tag=eloabder-20&linkCode=osi&th=1&psc=1">View Product</a></div><div class="product"><a href="https://www.amazon.com/dp/B07H621Q3H?tag=eloabder-20&linkCode=osi&th=1&psc=1"><img src="https://m.media-amazon.com/images/I/31JtVpLZ4FL._SL500_.jpg" alt="Product Image"></a><p>L'Oreal Paris Makeup Infallible Up to 32 Hour Fresh Wear Lightweight Foundation, 420 True Beige, 1 Fl Oz, Packaging May Vary</p><p>$11.98</p><a href="https://www.amazon.com/dp/B07H621Q3H?tag=eloabder-20&linkCode=osi&th=1&psc=1">View Product</a></div>
<div class="product"><a href="https://www.amazon.com/dp/B07Q9V4KMJ?tag=eloabder-20&linkCode=osi&th=1&psc=1"><img src="https://m.media-amazon.com/images/I/31pro1JWTCL._SL500_.jpg" alt="Product Image"></a><p>Maybelline Instant Age Rewind Eraser Dark Circles Treatment Multi-Use Concealer, 115, 1 Count (Packaging May Vary)</p><p>$8.42</p><a href="https://www.amazon.com/dp/B07Q9V4KMJ?tag=eloabder-20&linkCode=osi&th=1&psc=1">View Product</a></div><div class="product"><a href="https://www.amazon.com/dp/B07ZR14WBZ?tag=eloabder-20&linkCode=osi&th=1&psc=1"><img src="https://m.media-amazon.com/images/I/313ljymBVaL._SL500_.jpg" alt="Product Image"></a><p>e.l.f. Hydrating Camo Concealer, Lightweight, Full Coverage, Long Lasting, Conceals, Corrects, Covers, Hydrates, Highlights, Light Sand, Satin Finish, 25 Shades, All-Day Wear, 0.20 Fl Oz</p><p>$7.00</p><a href="https://www.amazon.com/dp/B07ZR14WBZ?tag=eloabder-20&linkCode=osi&th=1&psc=1">View Product</a></div><div class="product"><a href="https://www.amazon.com/dp/B0046VJV36?tag=eloabder-20&linkCode=osi&th=1&psc=1"><img src="https://m.media-amazon.com/images/I/31-ZFCLgLcL._SL500_.jpg" alt="Product Image"></a><p>Maybelline New York Fit Me Liquid Concealer Makeup, Natural Coverage, Lightweight, Conceals, Covers Oil-Free, Fair, 1 Count (Packaging May Vary)</p><p>$6.31</p><a href="https://www.amazon.com/dp/B0046VJV36?tag=eloabder-20&linkCode=osi&th=1&psc=1">View Product</a></div><div class="product"><a href="https://www.amazon.com/dp/B07ZR1CQHS?tag=eloabder-20&linkCode=osi&th=1&psc=1"><img src="https://m.media-amazon.com/images/I/31s0zWRX+4L._SL500_.jpg" alt="Product Image"></a><p>e.l.f. 16HR Camo Concealer, Full Coverage, Highly Pigmented Concealer With Matte Finish, Crease-proof, Vegan & Cruelty-Free, Light Ivory, 0.203 Fl Oz</p><p>$7.00</p><a href="https://www.amazon.com/dp/B07ZR1CQHS?tag=eloabder-20&linkCode=osi&th=1&psc=1">View Product</a></div><div class="product"><a href="https://www.amazon.com/dp/B009WI05BU?tag=eloabder-20&linkCode=osi&th=1&psc=1"><img src="https://m.media-amazon.com/images/I/312BFbzGKlL._SL500_.jpg" alt="Product Image"></a><p>L.A. Girl Pro Concealer, Fawn, 0.28 Oz (LAX-GC983-A)</p><p>$4.99</p><a href="https://www.amazon.com/dp/B009WI05BU?tag=eloabder-20&linkCode=osi&th=1&psc=1">View Product</a></div><div class="product"><a href="https://www.amazon.com/dp/B0814SLHQH?tag=eloabder-20&linkCode=osi&th=1&psc=1"><img src="https://m.media-amazon.com/images/I/312GW4aGnRL._SL500_.jpg" alt="Product Image"></a><p>Neutrogena Healthy Skin Radiant Brightening Cream Concealer with Peptides & Vitamin E Antioxidant,Lightweight Perfecting Concealer,Non-Comedogenic,Bisque Light/Medium 02 neutral undertones,0.24 oz</p><p>$5.62</p><a href="https://www.amazon.com/dp/B0814SLHQH?tag=eloabder-20&linkCode=osi&th=1&psc=1">View Product</a></div><div class="product"><a href="https://www.amazon.com/dp/B06XQWS1N9?tag=eloabder-20&linkCode=osi&th=1&psc=1"><img src="https://m.media-amazon.com/images/I/31rKumTg1GL._SL500_.jpg" alt="Product Image"></a><p>COVERGIRL Smoothers Concealer, Medium 715, 0.14 ounce (packaging may vary)</p><p>$7.28</p><a href="https://www.amazon.com/dp/B06XQWS1N9?tag=eloabder-20&linkCode=osi&th=1&psc=1">View Product</a></div><div class="product"><a href="https://www.amazon.com/dp/B07GWH2GDP?tag=eloabder-20&linkCode=osi&th=1&psc=1"><img src="https://m.media-amazon.com/images/I/41U+lbOEtuL._SL500_.jpg" alt="Product Image"></a><p>IT Cosmetics Bye Bye Under Eye Full Coverage Concealer - for Dark Circles, Fine Lines, Redness & Discoloration – Waterproof - Anti-Aging - Natural Finish – 0.4 fl oz</p><p>$17.40 ($43.50 / Fl Oz)</p><a href="https://www.amazon.com/dp/B07GWH2GDP?tag=eloabder-20&linkCode=osi&th=1&psc=1">View Product</a></div><div class="product"><a href="https://www.amazon.com/dp/B07H67H5LH?tag=eloabder-20&linkCode=osi&th=1&psc=1"><img src="https://m.media-amazon.com/images/I/31bWoYCj-nL._SL500_.jpg" alt="Product Image"></a><p>L'Oreal Paris Makeup Infallible Full Wear Waterproof Matte Concealer, Full Coverage, Ivory, 0.33 fl. oz.</p><p>$10.82</p><a href="https://www.amazon.com/dp/B07H67H5LH?tag=eloabder-20&linkCode=osi&th=1&psc=1">View Product</a></div><div class="product"><a href="https://www.amazon.com/dp/B0B51NLJWQ?tag=eloabder-20&linkCode=osi&th=1&psc=1"><img src="https://m.media-amazon.com/images/I/31GXqccxM0L._SL500_.jpg" alt="Product Image"></a><p>Fièra Luxury Concealer with Anti-Aging - All Day Coverage for Dark Circles, Fine Lines, Wrinkles & Spots - Neutral Beige, 0.5 Ounce</p><p>$27.00</p><a href="https://www.amazon.com/dp/B0B51NLJWQ?tag=eloabder-20&linkCode=osi&th=1&psc=1">View Product</a></div>
<div class="product"><a href="https://www.amazon.com/dp/B092JQ23N5?tag=eloabder-20&linkCode=osi&th=1&psc=1"><img src="https://m.media-amazon.com/images/I/51OUufwItlL._SL500_.jpg" alt="Product Image"></a><p>URBAN DECAY 24/7 Longwear Eyeshadow Single (Sin - Champagne Shimmer), High-Pigment Eye Shadow Compact, Smooth & Blendable Colors, Crease-free, Vegan - 0.06 oz</p><p>$22.00</p><a href="https://www.amazon.com/dp/B092JQ23N5?tag=eloabder-20&linkCode=osi&th=1&psc=1">View Product</a></div><div class="product"><a href="https://www.amazon.com/dp/B01IW02HX2?tag=eloabder-20&linkCode=osi&th=1&psc=1"><img src="https://m.media-amazon.com/images/I/510F-WOAL4L._SL500_.jpg" alt="Product Image"></a><p>NYX PROFESSIONAL MAKEUP Ultimate Shadow Palette, Eyeshadow Palette - Warm Neutrals</p><p>$12.40</p><a href="https://www.amazon.com/dp/B01IW02HX2?tag=eloabder-20&linkCode=osi&th=1&psc=1">View Product</a></div><div class="product"><a href="https://www.amazon.com/dp/B085WR3YDT?tag=eloabder-20&linkCode=osi&th=1&psc=1"><img src="https://m.media-amazon.com/images/I/41cuO8PyoTL._SL500_.jpg" alt="Product Image"></a><p>wet n wild Color Icon Cream Eyeshadow Multi-Stick, Moisturizing, Nourishing Velvety Cream-to-Powder Buildable & Blendable Formula, Cruelty-Free & Vegan - Champagne Room</p><p>$3.28</p><a href="https://www.amazon.com/dp/B085WR3YDT?tag=eloabder-20&linkCode=osi&th=1&psc=1">View Product</a></div><div class="product"><a href="https://www.amazon.com/dp/B00L5SMFJU?tag=eloabder-20&linkCode=osi&th=1&psc=1"><img src="https://m.media-amazon.com/images/I/41-WaM3A3tL._SL500_.jpg" alt="Product Image"></a><p>Covergirl Eye Enhancers Eye Shadow Palette, Natural Nudes, 0.19 Ounce</p><p>$4.97</p><a href="https://www.amazon.com/dp/B00L5SMFJU?tag=eloabder-20&linkCode=osi&th=1&psc=1">View Product</a></div><div class="product"><a href="https://www.amazon.com/dp/B01LW1983J?tag=eloabder-20&linkCode=osi&th=1&psc=1"><img src="https://m.media-amazon.com/images/I/51EsPf59XBL._SL500_.jpg" alt="Product Image"></a><p>Julep Eyeshadow 101 Crème to Powder Waterproof Eyeshadow Stick, Champagne Shimmer</p><p>$18.00</p><a href="https://www.amazon.com/dp/B01LW1983J?tag=eloabder-20&linkCode=osi&th=1&psc=1">View Product</a></div><div class="product"><a href="https://www.amazon.com/dp/B00UKP1M2K?tag=eloabder-20&linkCode=osi&th=1&psc=1"><img src="https://m.media-amazon.com/images/I/41hSsvPHKxL._SL500_.jpg" alt="Product Image"></a><p>Maybelline The Blushed Nudes Eyeshadow Palette Makeup, 12 Pigmented Matte & Shimmer Shades, Blendable Powder, 1 Count</p><p>$9.32</p><a href="https://www.amazon.com/dp/B00UKP1M2K?tag=eloabder-20&linkCode=osi&th=1&psc=1">View Product</a></div><div class="product"><a href="https://www.amazon.com/dp/B073ZBGLJF?tag=eloabder-20&linkCode=osi&th=1&psc=1"><img src="https://m.media-amazon.com/images/I/41go9Ug8AOL._SL500_.jpg" alt="Product Image"></a><p>BestLand 2 Pack 12 Colors Makeup Nude Colors Eyeshadow Palette Natural Nude Matte Shimmer Glitter Pigment Eye Shadow Pallete Set Waterproof Smokey Professional Beauty Makeup Kit (2 PCS)</p><p>$9.99</p><a href="https://www.amazon.com/dp/B073ZBGLJF?tag=eloabder-20&linkCode=osi&th=1&psc=1">View Product</a></div><div class="product"><a href="https://www.amazon.com/dp/B08RS6WNX7?tag=eloabder-20&linkCode=osi&th=1&psc=1"><img src="https://m.media-amazon.com/images/I/51qCii788PL._SL500_.jpg" alt="Product Image"></a><p>wet n wild Color Icon 5-Pan Palette Brown Walking On Eggshells</p><p>$3.19</p><a href="https://www.amazon.com/dp/B08RS6WNX7?tag=eloabder-20&linkCode=osi&th=1&psc=1">View Product</a></div><div class="product"><a href="https://www.amazon.com/dp/B0CV5ZTFCR?tag=eloabder-20&linkCode=osi&th=1&psc=1"><img src="https://m.media-amazon.com/images/I/21inptU-eJL._SL500_.jpg" alt="Product Image"></a><p>Covergirl Clean Eye Color, French Violet, Eyeshadow Sticks, Ultra Creamy Formula, Lightweight, Buildable Formula, Lasts All Day, Smudge-Proof, 0.05oz</p><p>$8.98</p><a href="https://www.amazon.com/dp/B0CV5ZTFCR?tag=eloabder-20&linkCode=osi&th=1&psc=1">View Product</a></div><div class="product"><a href="https://www.amazon.com/dp/B0CXF99TNQ?tag=eloabder-20&linkCode=osi&th=1&psc=1"><img src="https://m.media-amazon.com/images/I/31kCYsLvwwL._SL500_.jpg" alt="Product Image"></a><p>L'Oreal Paris Makeup Paradise Le Shadow Stick Eyeshadow, Blendable, Smudge-Resistant, Cream Eyeshadow, 120 Magnetic Mauve (Shimmering Lavender Mauve), 0.05 Oz</p><p>$9.98</p><a href="https://www.amazon.com/dp/B0CXF99TNQ?tag=eloabder-20&linkCode=osi&th=1&psc=1">View Product</a></div>
<div class="product"><a href="https://www.amazon.com/dp/B0BG7MWNNN?tag=eloabder-20&linkCode=osi&th=1&psc=1"><img src="https://m.media-amazon.com/images/I/41E8W4N+FkL._SL500_.jpg" alt="Product Image"></a><p>Prime Prometics PrimeLash Mascara for Older Women – Volumizing, Incredible Length in 2 Coats – Long-Stay, Zero Clumps, Hypoallergenic (Brown)</p><p>$28.00</p><a href="https://www.amazon.com/dp/B0BG7MWNNN?tag=eloabder-20&linkCode=osi&th=1&psc=1">View Product</a></div><div class="product"><a href="https://www.amazon.com/dp/B00T0C9XRK?tag=eloabder-20&linkCode=osi&th=1&psc=1"><img src="https://m.media-amazon.com/images/I/41IP2ZEXFNL._SL500_.jpg" alt="Product Image"></a><p>essence | Lash Princess False Lash Effect Mascara | Volumizing & Lengthening | Cruelty Free & Paraben Free</p><p>$4.99 ($12.17 / Fl Oz )</p><a href="https://www.amazon.com/dp/B00T0C9XRK?tag=eloabder-20&linkCode=osi&th=1&psc=1">View Product</a></div><div class="product"><a href="https://www.amazon.com/dp/B01DPA6OHO?tag=eloabder-20&linkCode=osi&th=1&psc=1"><img src="https://m.media-amazon.com/images/I/31xGLWu4IKL._SL500_.jpg" alt="Product Image"></a><p>L'Oreal Paris Makeup Voluminous Lash Boosting Conditioning Primer Mascara, White Primer, 0.24 fl; oz.</p><p>$8.98</p><a href="https://www.amazon.com/dp/B01DPA6OHO?tag=eloabder-20&linkCode=osi&th=1&psc=1">View Product</a></div><div class="product"><a href="https://www.amazon.com/dp/B004BD107O?tag=eloabder-20&linkCode=osi&th=1&psc=1"><img src="https://m.media-amazon.com/images/I/31OWqsdljyL._SL500_.jpg" alt="Product Image"></a><p>L'Oreal Paris Makeup Telescopic Original Lengthening Mascara, Blackest Black, 0.27 Fl Oz (1 Count)</p><p>$10.99</p><a href="https://www.amazon.com/dp/B004BD107O?tag=eloabder-20&linkCode=osi&th=1&psc=1">View Product</a></div><div class="product"><a href="https://www.amazon.com/dp/B06XF2TR11?tag=eloabder-20&linkCode=osi&th=1&psc=1"><img src="https://m.media-amazon.com/images/I/31B6RR270IL._SL500_.jpg" alt="Product Image"></a><p>L'Oreal Paris Voluminous Makeup Lash Paradise Mascara, Voluptuous Volume, Intense Length, Feathery Soft Full Lashes, No Flaking, No Smudging, No Clumping, Blackest Black, 1 Count</p><p>$9.97</p><a href="https://www.amazon.com/dp/B06XF2TR11?tag=eloabder-20&linkCode=osi&th=1&psc=1">View Product</a></div><div class="product"><a href="https://www.amazon.com/dp/B00PFCT2R0?tag=eloabder-20&linkCode=osi&th=1&psc=1"><img src="https://m.media-amazon.com/images/I/31RyE6ZtDIL._SL500_.jpg" alt="Product Image"></a><p>Maybelline Lash Sensational Washable Mascara, Lengthening and Volumizing for a Full Fan Effect, Blackest Black, 1 Count</p><p>$9.09</p><a href="https://www.amazon.com/dp/B00PFCT2R0?tag=eloabder-20&linkCode=osi&th=1&psc=1">View Product</a></div><div class="product"><a href="https://www.amazon.com/dp/B08TPCHYLW?tag=eloabder-20&linkCode=osi&th=1&psc=1"><img src="https://m.media-amazon.com/images/I/31EWIaihEwL._SL500_.jpg" alt="Product Image"></a><p>Lancôme Lash Idôle Lash-Lifting & Volumizing Mascara - Black Mascara for Instant Volume, Length & Lift - Smudge Proof & Up To 24H Wear - Black</p><p>$30.00 ($111.11 / Fl Oz)</p><a href="https://www.amazon.com/dp/B08TPCHYLW?tag=eloabder-20&linkCode=osi&th=1&psc=1">View Product</a></div><div class="product"><a href="https://www.amazon.com/dp/B08M96YZN1?tag=eloabder-20&linkCode=osi&th=1&psc=1"><img src="https://m.media-amazon.com/images/I/31ByMmFi-qL._SL500_.jpg" alt="Product Image"></a><p>CoverGirl Lash Blast Clean Volume Mascara, Vegan Formula, Volumizing, Smudge-Proof, Cruelty Free, Very Black, 1 Count</p><p>$9.37</p><a href="https://www.amazon.com/dp/B08M96YZN1?tag=eloabder-20&linkCode=osi&th=1&psc=1">View Product</a></div>
<div class="product"><a href="https://www.amazon.com/dp/B0C9TXLWLY?tag=eloabder-20&linkCode=osi&th=1&psc=1"><img src="https://m.media-amazon.com/images/I/31-5KVw5KDL._SL500_.jpg" alt="Product Image"></a><p>PRIME PROMETICS PrimeEyes Glide Eyeliner for Mature Women – Water-Resistant, Long-Stay and Mess-Proof – Gel Cream Texture, Discreet Sharpener and Effective Smudger (Black)</p><p>$28.00 ($28.00 / Count)</p><a href="https://www.amazon.com/dp/B0C9TXLWLY?tag=eloabder-20&linkCode=osi&th=1&psc=1">View Product</a></div><div class="product"><a href="https://www.amazon.com/dp/B07MWSXPT1?tag=eloabder-20&linkCode=osi&th=1&psc=1"><img src="https://m.media-amazon.com/images/I/315xthaPi6L._SL500_.jpg" alt="Product Image"></a><p>e.l.f. No Budge Retractable Eyeliner, Creamy, Ultra-Pigmented & Waterproof, Creates Bold & Defined Lines, Vegan & Cruelty-Free, Black 0.006 Oz</p><p>$4.00</p><a href="https://www.amazon.com/dp/B07MWSXPT1?tag=eloabder-20&linkCode=osi&th=1&psc=1">View Product</a></div><div class="product"><a href="https://www.amazon.com/dp/B074Y8LM6T?tag=eloabder-20&linkCode=osi&th=1&psc=1"><img src="https://m.media-amazon.com/images/I/316blXt1KxL._SL500_.jpg" alt="Product Image"></a><p>NYX PROFESSIONAL MAKEUP Epic Ink Liner, Waterproof Liquid Eyeliner - Black, Vegan Formula</p><p>$8.06</p><a href="https://www.amazon.com/dp/B074Y8LM6T?tag=eloabder-20&linkCode=osi&th=1&psc=1">View Product</a></div><div class="product"><a href="https://www.amazon.com/dp/B01J1A3TFW?tag=eloabder-20&linkCode=osi&th=1&psc=1"><img src="https://m.media-amazon.com/images/I/51z42sdOArL._SL500_.jpg" alt="Product Image"></a><p>Revlon Pencil Eyeliner, ColorStay Eye Makeup with Built-in Sharpener, Waterproof, Smudge-proof, Longwearing with Ultra-Fine Tip, 201 Black, 2 count (Pack of 1)</p><p>$11.38</p><a href="https://www.amazon.com/dp/B01J1A3TFW?tag=eloabder-20&linkCode=osi&th=1&psc=1">View Product</a></div><div class="product"><a href="https://www.amazon.com/dp/B07W8JJ61X?tag=eloabder-20&linkCode=osi&th=1&psc=1"><img src="https://m.media-amazon.com/images/I/31wj5vRROwL._SL500_.jpg" alt="Product Image"></a><p>Maybelline Hyper Easy Liquid Pen No-Skip Eyeliner, Satin Finish, Waterproof Formula, Pitch Black, 0.018 Fl Oz</p><p>$8.38</p><a href="https://www.amazon.com/dp/B07W8JJ61X?tag=eloabder-20&linkCode=osi&th=1&psc=1">View Product</a></div><div class="product"><a href="https://www.amazon.com/dp/B005G9E9FW?tag=eloabder-20&linkCode=osi&th=1&psc=1"><img src="https://m.media-amazon.com/images/I/51poZdEojrL._SL500_.jpg" alt="Product Image"></a><p>NYX PROFESSIONAL MAKEUP Vivid Rich Mechanical Eye Pencil, Vivid Rich Mechanical, Creamy Retractable Eyeliner - Smokin Topaz, Brown Eyeliner</p><p>$6.00</p><a href="https://www.amazon.com/dp/B005G9E9FW?tag=eloabder-20&linkCode=osi&th=1&psc=1">View Product</a></div><div class="product"><a href="https://www.amazon.com/dp/B07NX61ZHN?tag=eloabder-20&linkCode=osi&th=1&psc=1"><img src="https://m.media-amazon.com/images/I/31kQNTwJazL._SL500_.jpg" alt="Product Image"></a><p>Rimmel London exaggerate auto waterproof eye definer in blackest black, 2 Count</p><p>$6.97</p><a href="https://www.amazon.com/dp/B07NX61ZHN?tag=eloabder-20&linkCode=osi&th=1&psc=1">View Product</a></div><div class="product"><a href="https://www.amazon.com/dp/B0BQWT8R9K?tag=eloabder-20&linkCode=osi&th=1&psc=1"><img src="https://m.media-amazon.com/images/I/31F1asQuosL._SL500_.jpg" alt="Product Image"></a><p>wet n wild Breakup Proof Liquid Eyeliner - Ultra-Fine Brush, Waterproof, Long-Lasting - Cruelty-Free & Vegan - Ultra Black</p><p>$4.04</p><a href="https://www.amazon.com/dp/B0BQWT8R9K?tag=eloabder-20&linkCode=osi&th=1&psc=1">View Product</a></div><div class="product"><a href="https://www.amazon.com/dp/B082YPRCMM?tag=eloabder-20&linkCode=osi&th=1&psc=1"><img src="https://m.media-amazon.com/images/I/317ubI9GTBL._SL500_.jpg" alt="Product Image"></a><p>wet n wild Mega Last Breakup Proof Eyeliner, Quick Drying, Waterproof, 16-Hour Wear - Cruelty-Free & Vegan - Blackest Black</p><p>$2.28</p><a href="https://www.amazon.com/dp/B082YPRCMM?tag=eloabder-20&linkCode=osi&th=1&psc=1">View Product</a></div><div class="product"><a href="https://www.amazon.com/dp/B07GX832KD?tag=eloabder-20&linkCode=osi&th=1&psc=1"><img src="https://m.media-amazon.com/images/I/315wR2F58-L._SL500_.jpg" alt="Product Image"></a><p>Maybelline TattooStudio Long-Lasting Sharpenable Eyeliner Pencil, Glide on Smooth Gel Pigments with 36 Hour Wear, Waterproof, Deep Onyx, 1 Count</p><p>$6.66</p><a href="https://www.amazon.com/dp/B07GX832KD?tag=eloabder-20&linkCode=osi&th=1&psc=1">View Product</a></div>
<div class="product"><a href="https://www.amazon.com/dp/B09T8DQ1SG?tag=eloabder-20&linkCode=osi&th=1&psc=1"><img src="https://m.media-amazon.com/images/I/41gpuwrIhOL._SL500_.jpg" alt="Product Image"></a><p>Maybelline Super Stay Vinyl Ink Longwear No-Budge Liquid Lipcolor Makeup, Highly Pigmented Color and Instant Shine, Royal, Deep Wine Red Lipstick, 0.14 fl oz, 1 Count</p><p>$9.82</p><a href="https://www.amazon.com/dp/B09T8DQ1SG?tag=eloabder-20&linkCode=osi&th=1&psc=1">View Product</a></div><div class="product"><a href="https://www.amazon.com/dp/B004BCTEF0?tag=eloabder-20&linkCode=osi&th=1&psc=1"><img src="https://m.media-amazon.com/images/I/31G9f-P8tML._SL500_.jpg" alt="Product Image"></a><p>L’Oréal Paris Colour Riche Original Creamy, Hydrating Satin Lipstick with Argan Oil and Vitamin E, Saucy Mauve , 1 Count</p><p>$6.71</p><a href="https://www.amazon.com/dp/B004BCTEF0?tag=eloabder-20&linkCode=osi&th=1&psc=1">View Product</a></div><div class="product"><a href="https://www.amazon.com/dp/B08H4FSGDX?tag=eloabder-20&linkCode=osi&th=1&psc=1"><img src="https://m.media-amazon.com/images/I/31OAiyoloML._SL500_.jpg" alt="Product Image"></a><p>Maybelline Super Stay Matte Ink Liquid Lipstick Makeup, Long Lasting High Impact Color, Up to 16H Wear, Exhilarator, Ruby Red, 1 Count</p><p>$9.18</p><a href="https://www.amazon.com/dp/B08H4FSGDX?tag=eloabder-20&linkCode=osi&th=1&psc=1">View Product</a></div><div class="product"><a href="https://www.amazon.com/dp/B07XTTDTWR?tag=eloabder-20&linkCode=osi&th=1&psc=1"><img src="https://m.media-amazon.com/images/I/31M4QldCq3L._SL500_.jpg" alt="Product Image"></a><p>REVLON Lipstick, Super Lustrous Lipstick, Creamy Formula For Soft, Fuller-Looking Lips, Moisturized Feel in Nudes & Browns, Bare It All (755) 0.15 oz</p><p>$6.48</p><a href="https://www.amazon.com/dp/B07XTTDTWR?tag=eloabder-20&linkCode=osi&th=1&psc=1">View Product</a></div><div class="product"><a href="https://www.amazon.com/dp/B079KFP7NT?tag=eloabder-20&linkCode=osi&th=1&psc=1"><img src="https://m.media-amazon.com/images/I/41Ih8G0FSmL._SL500_.jpg" alt="Product Image"></a><p>wet n wild Silk Finish Lipstick, Hydrating Rich Buildable Lip Color, Formulated with Vitamins A,E, & Macadamia for Ultimate Hydration, Cruelty-Free & Vegan - Raging Red</p><p>$1.29</p><a href="https://www.amazon.com/dp/B079KFP7NT?tag=eloabder-20&linkCode=osi&th=1&psc=1">View Product</a></div><div class="product"><a href="https://www.amazon.com/dp/B002F3R44K?tag=eloabder-20&linkCode=osi&th=1&psc=1"><img src="https://m.media-amazon.com/images/I/41-gXIE96GL._SL500_.jpg" alt="Product Image"></a><p>Revlon Lipstick, Super Lustrous Lipstick, Creamy Formula For Soft, Fuller-Looking Lips, Moisturized Feel in Pinks, Pink In The Afternoon (415) 0.15 oz</p><p>$6.48</p><a href="https://www.amazon.com/dp/B002F3R44K?tag=eloabder-20&linkCode=osi&th=1&psc=1">View Product</a></div><div class="product"><a href="https://www.amazon.com/dp/B001LFER98?tag=eloabder-20&linkCode=osi&th=1&psc=1"><img src="https://m.media-amazon.com/images/I/41wezVKuIoL._SL500_.jpg" alt="Product Image"></a><p>REVLON Lipstick, Super Lustrous Lipstick, Creamy Formula For Soft, Fuller-Looking Lips, Moisturized Feel in Reds & Corals, Peach Me (628) 0.15 oz</p><p>$4.99</p><a href="https://www.amazon.com/dp/B001LFER98?tag=eloabder-20&linkCode=osi&th=1&psc=1">View Product</a></div><div class="product"><a href="https://www.amazon.com/dp/B082YQ2978?tag=eloabder-20&linkCode=osi&th=1&psc=1"><img src="https://m.media-amazon.com/images/I/31QsMhXUSeL._SL500_.jpg" alt="Product Image"></a><p>wet n wild Mega Last High-Shine Lipstick Lip Color, Infused with Seed Oils For a Nourishing High-Shine, Buildable & Blendable Creamy Color, Cruelty-Free & Vegan - Mad for Mauve</p><p>$2.28</p><a href="https://www.amazon.com/dp/B082YQ2978?tag=eloabder-20&linkCode=osi&th=1&psc=1">View Product</a></div>
<div class="product"><a href="https://www.amazon.com/dp/B09SP2XHKT?tag=eloabder-20&linkCode=osi&th=1&psc=1"><img src="https://m.media-amazon.com/images/I/31KGrScgA8L._SL500_.jpg" alt="Product Image"></a><p>NYX PROFESSIONAL MAKEUP Butter Gloss, Non-Sticky Lip Gloss - Sugar Glass (Clear)</p><p>$5.99</p><a href="https://www.amazon.com/dp/B09SP2XHKT?tag=eloabder-20&linkCode=osi&th=1&psc=1">View Product</a></div><div class="product"><a href="https://www.amazon.com/dp/B08GSTZ7ZW?tag=eloabder-20&linkCode=osi&th=1&psc=1"><img src="https://m.media-amazon.com/images/I/41nPuTtXVgL._SL500_.jpg" alt="Product Image"></a><p>Ruby Kisses Broadway Vita-Lip Clear Lip Gloss - Moisturizing, Hydrating, Nourishing with Mint, Rosehip, Coconut, Mango, Argan, Honey & Shea</p><p>$7.99 ($2.12 / Ounce)</p><a href="https://www.amazon.com/dp/B08GSTZ7ZW?tag=eloabder-20&linkCode=osi&th=1&psc=1">View Product</a></div><div class="product"><a href="https://www.amazon.com/dp/B015RPE14S?tag=eloabder-20&linkCode=osi&th=1&psc=1"><img src="https://m.media-amazon.com/images/I/31FRC3fz7EL._SL500_.jpg" alt="Product Image"></a><p>L.A. Colors High Shine Shea Butter Lip Gloss, Clear, 0.14 Ounce</p><p>$1.98</p><a href="https://www.amazon.com/dp/B015RPE14S?tag=eloabder-20&linkCode=osi&th=1&psc=1">View Product</a></div><div class="product"><a href="https://www.amazon.com/dp/B00Q26VWZI?tag=eloabder-20&linkCode=osi&th=1&psc=1"><img src="https://m.media-amazon.com/images/I/31Bqig96T0L._SL500_.jpg" alt="Product Image"></a><p>Rimmel Stay Glossy Lip Gloss - Non-Sticky and Lightweight Formula for Lip Color and Shine - 130 Blushing Belgraves, .18oz</p><p>$4.32</p><a href="https://www.amazon.com/dp/B00Q26VWZI?tag=eloabder-20&linkCode=osi&th=1&psc=1">View Product</a></div><div class="product"><a href="https://www.amazon.com/dp/B0C1MH8R2M?tag=eloabder-20&linkCode=osi&th=1&psc=1"><img src="https://m.media-amazon.com/images/I/31adT7DtBYL._SL500_.jpg" alt="Product Image"></a><p>Maybelline New York Lifter Gloss Hydrating Lip Gloss with Hyaluronic Acid, Gummy Bear, Sheer Light Pink, 1 Count</p><p>$8.98</p><a href="https://www.amazon.com/dp/B0C1MH8R2M?tag=eloabder-20&linkCode=osi&th=1&psc=1">View Product</a></div><div class="product"><a href="https://www.amazon.com/dp/B01N1ZC8JZ?tag=eloabder-20&linkCode=osi&th=1&psc=1"><img src="https://m.media-amazon.com/images/I/41fsaqWz6SL._SL500_.jpg" alt="Product Image"></a><p>Broadway Vita-Lip Clear Lip Gloss 0.47oz/14ml (5PCS Mint & Coconut & Rosehip & Mango Butter & Argan Oil) (5 PCS SET)</p><p>$5.99</p><a href="https://www.amazon.com/dp/B01N1ZC8JZ?tag=eloabder-20&linkCode=osi&th=1&psc=1">View Product</a></div><div class="product"><a href="https://www.amazon.com/dp/B07DY2QRF6?tag=eloabder-20&linkCode=osi&th=1&psc=1"><img src="https://m.media-amazon.com/images/I/31qXrVfhvCL._SL500_.jpg" alt="Product Image"></a><p>LANEIGE Lip Glowy Balm Berry: Hydrate, Glossy, Lightweight, Moisturize & Tint with Shea Butter</p><p>$19.00 ($54.29 / Ounce)</p><a href="https://www.amazon.com/dp/B07DY2QRF6?tag=eloabder-20&linkCode=osi&th=1&psc=1">View Product</a></div><div class="product"><a href="https://www.amazon.com/dp/B09DMGWJKY?tag=eloabder-20&linkCode=osi&th=1&psc=1"><img src="https://m.media-amazon.com/images/I/41nIFmIKHRL._SL500_.jpg" alt="Product Image"></a><p>Broadway Vita-Lip Clear Lip Gloss Moisturizing Hydrating Nourishing Long Lasting High Shine Glossy Lip Care Gloss 0.47oz/14ml (10 PCS SET)</p><p>$9.99</p><a href="https://www.amazon.com/dp/B09DMGWJKY?tag=eloabder-20&linkCode=osi&th=1&psc=1">View Product</a></div><div class="product"><a href="https://www.amazon.com/dp/B0BSR85M24?tag=eloabder-20&linkCode=osi&th=1&psc=1"><img src="https://m.media-amazon.com/images/I/31eKHNoE3KL._SL500_.jpg" alt="Product Image"></a><p>e.l.f. Lip Lacquer, Nourishing, Non-Sticky Ultra-Shine Lip Gloss With Sheer Color, Infused With Vitamins A & E, Vegan & Cruelty-Free, Whisper Pink</p><p>$3.00</p><a href="https://www.amazon.com/dp/B0BSR85M24?tag=eloabder-20&linkCode=osi&th=1&psc=1">View Product</a></div><div class="product"><a href="https://www.amazon.com/dp/B081C6PXZJ?tag=eloabder-20&linkCode=osi&th=1&psc=1"><img src="https://m.media-amazon.com/images/I/51+emO79aqL._SL500_.jpg" alt="Product Image"></a><p>NICKA K NEW YORK VARIETY SET OF 5 NK Hydrating Lip Gel - Vitamin E (Clear, Rosehip Oil, Bubble Gum, Cherry, Strawberry)</p><p>$5.43</p><a href="https://www.amazon.com/dp/B081C6PXZJ?tag=eloabder-20&linkCode=osi&th=1&psc=1">View Product</a></div>
<div class="product"><a href="https://www.amazon.com/dp/B07PNCB73M?tag=eloabder-20&linkCode=osi&th=1&psc=1"><img src="https://m.media-amazon.com/images/I/41+KYSFOLML._SL500_.jpg" alt="Product Image"></a><p>Milani Baked Blush - Petal Primavera (0.12 Ounce) Cruelty-Free Powder Blush - Shape, Contour & Highlight Face for a Shimmery or Matte Finish</p><p>$8.97</p><a href="https://www.amazon.com/dp/B07PNCB73M?tag=eloabder-20&linkCode=osi&th=1&psc=1">View Product</a></div><div class="product"><a href="https://www.amazon.com/dp/B0CZ5HLDK9?tag=eloabder-20&linkCode=osi&th=1&psc=1"><img src="https://m.media-amazon.com/images/I/41rZu1cS8QL._SL500_.jpg" alt="Product Image"></a><p>NYX PROFESSIONAL MAKEUP Buttermelt Powder Blush, Fade and Transfer-Resistant Blush, Up to 12HR Make Up Wear, Vegan Formula - For The Butta</p><p>$9.97</p><a href="https://www.amazon.com/dp/B0CZ5HLDK9?tag=eloabder-20&linkCode=osi&th=1&psc=1">View Product</a></div><div class="product"><a href="https://www.amazon.com/dp/B0CPFYGNR7?tag=eloabder-20&linkCode=osi&th=1&psc=1"><img src="https://m.media-amazon.com/images/I/31EJvMa7jyL._SL500_.jpg" alt="Product Image"></a><p>e.l.f. Camo Liquid Blush, Long-lasting Liquid Blush For High-pigment Color, Creates A Soft, Dewy Finish, Vegan & Cruelty-free, Dusty Rosé</p><p>$7.00</p><a href="https://www.amazon.com/dp/B0CPFYGNR7?tag=eloabder-20&linkCode=osi&th=1&psc=1">View Product</a></div><div class="product"><a href="https://www.amazon.com/dp/B06XDNPXD1?tag=eloabder-20&linkCode=osi&th=1&psc=1"><img src="https://m.media-amazon.com/images/I/41IryPTf51L._SL500_.jpg" alt="Product Image"></a><p>Maybelline Fit Me Powder Blush, Lightweight, Smooth, Blendable, Long-lasting All-Day Face Enhancing Makeup Color, Mauve, 1 Count</p><p>$4.62</p><a href="https://www.amazon.com/dp/B06XDNPXD1?tag=eloabder-20&linkCode=osi&th=1&psc=1">View Product</a></div><div class="product"><a href="https://www.amazon.com/dp/B082YPNTZ4?tag=eloabder-20&linkCode=osi&th=1&psc=1"><img src="https://m.media-amazon.com/images/I/41vtXkWXs8L._SL500_.jpg" alt="Product Image"></a><p>wet n wild Color Icon Blush, Effortless Glow & Seamless Blend infused with Luxuriously Smooth Jojoba Oil, Sheer Finish with a Matte Natural Glow, Cruelty-Free & Vegan - Pinch Me Pink</p><p>$3.28</p><a href="https://www.amazon.com/dp/B082YPNTZ4?tag=eloabder-20&linkCode=osi&th=1&psc=1">View Product</a></div><div class="product"><a href="https://www.amazon.com/dp/B0CPFWJJQJ?tag=eloabder-20&linkCode=osi&th=1&psc=1"><img src="https://m.media-amazon.com/images/I/41+GdEwyGqL._SL500_.jpg" alt="Product Image"></a><p>e.l.f. Primer-Infused Matte Blush, Long-Lasting, Lightweight & Buildable Powder Blush, Delivers A Matte Finish, Vegan & Cruelty-Free, Always Crushing</p><p>$7.00</p><a href="https://www.amazon.com/dp/B0CPFWJJQJ?tag=eloabder-20&linkCode=osi&th=1&psc=1">View Product</a></div><div class="product"><a href="https://www.amazon.com/dp/B0B64GX5LN?tag=eloabder-20&linkCode=osi&th=1&psc=1"><img src="https://m.media-amazon.com/images/I/31aZBeyUSsL._SL500_.jpg" alt="Product Image"></a><p>LAURA GELLER NEW YORK Serum Blush Tint, Lightweight Liquid Blush for Cheeks, Weightless Watercolor Sheer Finish, Practical Pink</p><p>$15.74</p><a href="https://www.amazon.com/dp/B0B64GX5LN?tag=eloabder-20&linkCode=osi&th=1&psc=1">View Product</a></div><div class="product"><a href="https://www.amazon.com/dp/B00J56D0G6?tag=eloabder-20&linkCode=osi&th=1&psc=1"><img src="https://m.media-amazon.com/images/I/31MVN0QAhfL._SL500_.jpg" alt="Product Image"></a><p>e.l.f. Cosmetics Powder Blush Palette, Four Blush Shades for Beautiful, Long-Lasting Pigment, Light</p><p>$6.00</p><a href="https://www.amazon.com/dp/B00J56D0G6?tag=eloabder-20&linkCode=osi&th=1&psc=1">View Product</a></div><div class="product"><a href="https://www.amazon.com/dp/B0BHFBBH25?tag=eloabder-20&linkCode=osi&th=1&psc=1"><img src="https://m.media-amazon.com/images/I/31uqOuPPf5L._SL500_.jpg" alt="Product Image"></a><p>SHEGLAM Color Bloom Liquid Blush Makeup for Cheeks Matte Finish - Love Cake</p><p>$6.99</p><a href="https://www.amazon.com/dp/B0BHFBBH25?tag=eloabder-20&linkCode=osi&th=1&psc=1">View Product</a></div><div class="product"><a href="https://www.amazon.com/dp/B07J47FHR1?tag=eloabder-20&linkCode=osi&th=1&psc=1"><img src="https://m.media-amazon.com/images/I/41Xyor9x2SL._SL500_.jpg" alt="Product Image"></a><p>Nars Blush in ORGASM Full Size 0.16 oz. / 4.8 g in Retail Box New Edition</p><p>$22.00</p><a href="https://www.amazon.com/dp/B07J47FHR1?tag=eloabder-20&linkCode=osi&th=1&psc=1">View Product</a></div>
<div class="product"><a href="https://www.amazon.com/dp/B018B8Q5Z6?tag=eloabder-20&linkCode=osi&th=1&psc=1"><img src="https://m.media-amazon.com/images/I/41D9ZHQRaSL._SL500_.jpg" alt="Product Image"></a><p>Physicians Formula Murumuru Butter Bronzer, Moisturizing, Nourishing Murumuru Butter Blend for Silky All-Day Luminous Glow, Dermatologist Tested, Hypoallergenic, Vegan & Cruelty-Free -Bronzer</p><p>$12.15</p><a href="https://www.amazon.com/dp/B018B8Q5Z6?tag=eloabder-20&linkCode=osi&th=1&psc=1">View Product</a></div><div class="product"><a href="https://www.amazon.com/dp/B001B0H82Q?tag=eloabder-20&linkCode=osi&th=1&psc=1"><img src="https://m.media-amazon.com/images/I/41I3B-YoLkL._SL500_.jpg" alt="Product Image"></a><p>Rimmel London Natural - 022 Sun Bronze - Bronzer, Matte Finish, 0.49oz</p><p>$3.97</p><a href="https://www.amazon.com/dp/B001B0H82Q?tag=eloabder-20&linkCode=osi&th=1&psc=1">View Product</a></div><div class="product"><a href="https://www.amazon.com/dp/B0BM5HX7DN?tag=eloabder-20&linkCode=osi&th=1&psc=1"><img src="https://m.media-amazon.com/images/I/41DwoHQgzsL._SL500_.jpg" alt="Product Image"></a><p>Benefit Hoola Matte Bronzer Mini 0.08 Ounce</p><p>$17.92</p><a href="https://www.amazon.com/dp/B0BM5HX7DN?tag=eloabder-20&linkCode=osi&th=1&psc=1">View Product</a></div><div class="product"><a href="https://www.amazon.com/dp/B07M7NGVW7?tag=eloabder-20&linkCode=osi&th=1&psc=1"><img src="https://m.media-amazon.com/images/I/51dvod9PjTL._SL500_.jpg" alt="Product Image"></a><p>wet n wild Color Icon Bronzer What Shady Beaches</p><p>$2.96</p><a href="https://www.amazon.com/dp/B07M7NGVW7?tag=eloabder-20&linkCode=osi&th=1&psc=1">View Product</a></div><div class="product"><a href="https://www.amazon.com/dp/B0CPFVTY7M?tag=eloabder-20&linkCode=osi&th=1&psc=1"><img src="https://m.media-amazon.com/images/I/41rO68Q0mlL._SL500_.jpg" alt="Product Image"></a><p>e.l.f. Primer-Infused Bronzer, Long-Lasting, Lightweight & Buildable Powder Bronzer, Delivers A Matte Finish, Vegan & Cruelty-Free, Fresh Tan</p><p>$7.00</p><a href="https://www.amazon.com/dp/B0CPFVTY7M?tag=eloabder-20&linkCode=osi&th=1&psc=1">View Product</a></div><div class="product"><a href="https://www.amazon.com/dp/B07ZR187P5?tag=eloabder-20&linkCode=osi&th=1&psc=1"><img src="https://m.media-amazon.com/images/I/410nkMFZLYL._SL500_.jpg" alt="Product Image"></a><p>e.l.f. Primer-infused Bronzer, Long-Wear, Matte, Bold, Lightweight, Blends Easily, Contours Cheeks, Forever Sun Kissed, All-Day Wear, 0.35 Oz</p><p>$7.00 ($20.00 / Ounce)</p><a href="https://www.amazon.com/dp/B07ZR187P5?tag=eloabder-20&linkCode=osi&th=1&psc=1">View Product</a></div><div class="product"><a href="https://www.amazon.com/dp/B00518N3VE?tag=eloabder-20&linkCode=osi&th=1&psc=1"><img src="https://m.media-amazon.com/images/I/41SzIseWK6L._SL500_.jpg" alt="Product Image"></a><p>Milani Baked Bronzer - Glow, Cruelty-Free Shimmer Bronzing Powder to Use For Contour Makeup, Highlighters Makeup, Bronzer Makeup, 0.25 Ounce</p><p>$9.97 ($39.88 / Ounce)</p><a href="https://www.amazon.com/dp/B00518N3VE?tag=eloabder-20&linkCode=osi&th=1&psc=1">View Product</a></div><div class="product"><a href="https://www.amazon.com/dp/B0CNTYPSSZ?tag=eloabder-20&linkCode=osi&th=1&psc=1"><img src="https://m.media-amazon.com/images/I/416D4Z7hQ8L._SL500_.jpg" alt="Product Image"></a><p>Milani Cheek Kiss Cream Bronzer-110 Hey Honey</p><p>$9.97</p><a href="https://www.amazon.com/dp/B0CNTYPSSZ?tag=eloabder-20&linkCode=osi&th=1&psc=1">View Product</a></div><div class="product"><a href="https://www.amazon.com/dp/B006WZ9O72?tag=eloabder-20&linkCode=osi&th=1&psc=1"><img src="https://m.media-amazon.com/images/I/51rDNo9JnqL._SL500_.jpg" alt="Product Image"></a><p>Physicians Formula Bronze Booster Glow-Boosting Season-to-Season, Customizable Seasonal Glow Glow, Lasting Tan Boost, Hypoallergenic Powder, Cruelty-Free & Hypoallergenic- Light-to-Medium</p><p>$12.98</p><a href="https://www.amazon.com/dp/B006WZ9O72?tag=eloabder-20&linkCode=osi&th=1&psc=1">View Product</a></div>
<div class="product"><a href="https://www.amazon.com/dp/B09288DSSX?tag=eloabder-20&linkCode=osi&th=1&psc=1"><img src="https://m.media-amazon.com/images/I/417z6evbmhL._SL500_.jpg" alt="Product Image"></a><p>KYDA Face Highlighter Palette, High Glossy Face Illuminator Palette, Narutal Glow Finish, Pearl Shimmer Smooth Baked Powder, Lasting Sparkling Highlighter Makeup-SUN GLOW</p><p>$9.99</p><a href="https://www.amazon.com/dp/B09288DSSX?tag=eloabder-20&linkCode=osi&th=1&psc=1">View Product</a></div><div class="product"><a href="https://www.amazon.com/dp/B082YPL2SV?tag=eloabder-20&linkCode=osi&th=1&psc=1"><img src="https://m.media-amazon.com/images/I/51Y+MCkwArL._SL500_.jpg" alt="Product Image"></a><p>Wet n Wild MegaGlo Blushlighter, Blendable Blush & Highlighter Set, Shimmery Metallic Finish, Highlight Bling</p><p>$5.47</p><a href="https://www.amazon.com/dp/B082YPL2SV?tag=eloabder-20&linkCode=osi&th=1&psc=1">View Product</a></div><div class="product"><a href="https://www.amazon.com/dp/B0C41PSDZF?tag=eloabder-20&linkCode=osi&th=1&psc=1"><img src="https://m.media-amazon.com/images/I/41FLNU-tL-L._SL500_.jpg" alt="Product Image"></a><p>NYX PROFESSIONAL MAKEUP, Jumbo Multi-Use Face Highlighter Stick - Vanilla Ice Cream</p><p>$7.97</p><a href="https://www.amazon.com/dp/B0C41PSDZF?tag=eloabder-20&linkCode=osi&th=1&psc=1">View Product</a></div><div class="product"><a href="https://www.amazon.com/dp/B0C6V67KJW?tag=eloabder-20&linkCode=osi&th=1&psc=1"><img src="https://m.media-amazon.com/images/I/31Yh8b8JEjL._SL500_.jpg" alt="Product Image"></a><p>e.l.f. Halo Glow Highlight Beauty Wand, Liquid Highlighter Wand For Luminous, Glowing Skin, Buildable Formula, Vegan & Cruelty-free,Champagne Campaign</p><p>$9.00</p><a href="https://www.amazon.com/dp/B0C6V67KJW?tag=eloabder-20&linkCode=osi&th=1&psc=1">View Product</a></div><div class="product"><a href="https://www.amazon.com/dp/B073WMG59J?tag=eloabder-20&linkCode=osi&th=1&psc=1"><img src="https://m.media-amazon.com/images/I/51fz8bpJNNL._SL500_.jpg" alt="Product Image"></a><p>wet n wild MegaGlo Highlighting Powder, Highlighter Makeup, Shimmer Glow, Pink Rose Gold Blossom Glow</p><p>$5.41</p><a href="https://www.amazon.com/dp/B073WMG59J?tag=eloabder-20&linkCode=osi&th=1&psc=1">View Product</a></div><div class="product"><a href="https://www.amazon.com/dp/B07QPY11KY?tag=eloabder-20&linkCode=osi&th=1&psc=1"><img src="https://m.media-amazon.com/images/I/312T7p8cW6L._SL500_.jpg" alt="Product Image"></a><p>Revolution Beauty, Reloaded Pressed Powder Highlighter, Intensely Pigmented for a High Impact Dewy Finish, Dare To Divulge, 0.22 Oz.</p><p>$6.91</p><a href="https://www.amazon.com/dp/B07QPY11KY?tag=eloabder-20&linkCode=osi&th=1&psc=1">View Product</a></div><div class="product"><a href="https://www.amazon.com/dp/B074PTZCNW?tag=eloabder-20&linkCode=osi&th=1&psc=1"><img src="https://m.media-amazon.com/images/I/31btEAGukiL._SL500_.jpg" alt="Product Image"></a><p>L'Oreal Paris Makeup True Match Lumi Glotion, Natural Glow Enhancer, Illuminator Highlighter Skin Tint, for an All Day Radiant Glow, Light, 1.35 Ounces</p><p>$12.81</p><a href="https://www.amazon.com/dp/B074PTZCNW?tag=eloabder-20&linkCode=osi&th=1&psc=1">View Product</a></div><div class="product"><a href="https://www.amazon.com/dp/B075K784FK?tag=eloabder-20&linkCode=osi&th=1&psc=1"><img src="https://m.media-amazon.com/images/I/51q6Nf009iL._SL500_.jpg" alt="Product Image"></a><p>Physicians Formula Murumuru Butter Highlighter Makeup Face Powder Make Up, Pearl, Dermatologist Approved</p><p>$10.00</p><a href="https://www.amazon.com/dp/B075K784FK?tag=eloabder-20&linkCode=osi&th=1&psc=1">View Product</a></div><div class="product"><a href="https://www.amazon.com/dp/B0BD9HYBKD?tag=eloabder-20&linkCode=osi&th=1&psc=1"><img src="https://m.media-amazon.com/images/I/319tXl8nMUL._SL500_.jpg" alt="Product Image"></a><p>LAURA GELLER NEW YORK Baked Natural Glow Highlighter Radiance Enhancing Makeup, French Vanilla</p><p>$18.99</p><a href="https://www.amazon.com/dp/B0BD9HYBKD?tag=eloabder-20&linkCode=osi&th=1&psc=1">View Product</a></div><div class="product"><a href="https://www.amazon.com/dp/B083574V27?tag=eloabder-20&linkCode=osi&th=1&psc=1"><img src="https://m.media-amazon.com/images/I/41fyFVpDrXL._SL500_.jpg" alt="Product Image"></a><p>Milani Baked Highlighter (Dolce Perla) - Cruelty-Free Powder Highlighter, Highlight Face for a Shimmery or Matte Finish</p><p>$10.97 ($39.18 / Ounce)</p><a href="https://www.amazon.com/dp/B083574V27?tag=eloabder-20&linkCode=osi&th=1&psc=1">View Product</a></div>
<div class="product"><a href="https://www.amazon.com/dp/B0CMHSNYG8?tag=eloabder-20&linkCode=osi&th=1&psc=1"><img src="https://m.media-amazon.com/images/I/51iVcKQ6eIL._SL500_.jpg" alt="Product Image"></a><p>JODSONE Gel Nail Set 20 Colors High Shine Gorgeous Gel Polish Base Top Matte Coat Nice Gifts Show Charm</p><p>$19.99</p><a href="https://www.amazon.com/dp/B0CMHSNYG8?tag=eloabder-20&linkCode=osi&th=1&psc=1">View Product</a></div><div class="product"><a href="https://www.amazon.com/dp/B09KC56289?tag=eloabder-20&linkCode=osi&th=1&psc=1"><img src="https://m.media-amazon.com/images/I/51M-P1nM7QL._SL500_.jpg" alt="Product Image"></a><p>JODSONE 36 PCS Gel Nail Polish Set-32 Colors Gel Polish Kit Base Coat Glossy Matte and Glitter Top Coat Nail Polish Set Green Blue Red Pink Collection Gifts for Women</p><p>$25.99</p><a href="https://www.amazon.com/dp/B09KC56289?tag=eloabder-20&linkCode=osi&th=1&psc=1">View Product</a></div><div class="product"><a href="https://www.amazon.com/dp/B00GXVVDG0?tag=eloabder-20&linkCode=osi&th=1&psc=1"><img src="https://m.media-amazon.com/images/I/21vF-y2FfJL._SL500_.jpg" alt="Product Image"></a><p>Essie Nail Polish, Salon-Quality, 8-free Vegan, Finish, Mademoiselle, 0.46 Ounces (Packaging May Vary) Sheer Pink</p><p>$8.99</p><a href="https://www.amazon.com/dp/B00GXVVDG0?tag=eloabder-20&linkCode=osi&th=1&psc=1">View Product</a></div><div class="product"><a href="https://www.amazon.com/dp/B0987JZSP8?tag=eloabder-20&linkCode=osi&th=1&psc=1"><img src="https://m.media-amazon.com/images/I/31VZYZfCKbL._SL500_.jpg" alt="Product Image"></a><p>OPI Nature Strong Vegan Nail Polish, Knowledge is Flower, Pink Nail Polish, Natural Origin, Cruelty-Free Nail Lacquer, 0.5 fl oz.</p><p>$12.99 ($25.98 / Fl Oz)</p><a href="https://www.amazon.com/dp/B0987JZSP8?tag=eloabder-20&linkCode=osi&th=1&psc=1">View Product</a></div><div class="product"><a href="https://www.amazon.com/dp/B0CYLRWVVF?tag=eloabder-20&linkCode=osi&th=1&psc=1"><img src="https://m.media-amazon.com/images/I/51G1EY8ny6L._SL500_.jpg" alt="Product Image"></a><p>modelones Pearl Nail Polish 6 Colors Shimmer Pearl White Pink Mermaid Purple Nail Polish Set Summer Quick Dry Nail Polish Finger Nail Polish Bulk Manicure Diy Nail Art Salon Home Gift For Women Girl</p><p>$12.99</p><a href="https://www.amazon.com/dp/B0CYLRWVVF?tag=eloabder-20&linkCode=osi&th=1&psc=1">View Product</a></div>
<div class="product"><a href="https://www.amazon.com/dp/B005HGWGVS?tag=eloabder-20&linkCode=osi&th=1&psc=1"><img src="https://m.media-amazon.com/images/I/41NVfMcQBQL._SL500_.jpg" alt="Product Image"></a><p>Hard As Hoof Nail Strengthening Cream with Coconut Scent, Nail Growth & Conditioning Cuticle Cream Stops Splits, Chips, Cracks & Strengthens Nails, 1 oz</p><p>$8.88</p><a href="https://www.amazon.com/dp/B005HGWGVS?tag=eloabder-20&linkCode=osi&th=1&psc=1">View Product</a></div><div class="product"><a href="https://www.amazon.com/dp/B08YMJ4X4B?tag=eloabder-20&linkCode=osi&th=1&psc=1"><img src="https://m.media-amazon.com/images/I/41JNcOM8lBL._SL500_.jpg" alt="Product Image"></a><p>C CARE Sweet Almond Cuticle Oil For Nails - Repairs Cuticles Overnight - Moisturizes and Strengthens Nails and Cuticles - Dropper & Brush included - 2.5oz</p><p>$5.97 ($2.39 / Fl Oz)</p><a href="https://www.amazon.com/dp/B08YMJ4X4B?tag=eloabder-20&linkCode=osi&th=1&psc=1">View Product</a></div><div class="product"><a href="https://www.amazon.com/dp/B0046MK34G?tag=eloabder-20&linkCode=osi&th=1&psc=1"><img src="https://m.media-amazon.com/images/I/41PPyJFVAlL._SL500_.jpg" alt="Product Image"></a><p>Sally Hansen Instant Cuticle Remover™, Nail Treatment, Fast Drying, Contains Aloe and Chamomile</p><p>$4.97</p><a href="https://www.amazon.com/dp/B0046MK34G?tag=eloabder-20&linkCode=osi&th=1&psc=1">View Product</a></div><div class="product"><a href="https://www.amazon.com/dp/B00F644LTQ?tag=eloabder-20&linkCode=osi&th=1&psc=1"><img src="https://m.media-amazon.com/images/I/31+v2SZDagL._SL500_.jpg" alt="Product Image"></a><p>Cuccio Naturale Revitalizing- Hydrating Oil For Repaired Cuticles Overnight - Remedy For Damaged Skin And Thin Nails - Paraben /Cruelty-Free Formula - Milk And Honey - 2.5 Oz</p><p>$9.48 ($3.79 / Fl Oz)</p><a href="https://www.amazon.com/dp/B00F644LTQ?tag=eloabder-20&linkCode=osi&th=1&psc=1">View Product</a></div><div class="product"><a href="https://www.amazon.com/dp/B007QBKX08?tag=eloabder-20&linkCode=osi&th=1&psc=1"><img src="https://m.media-amazon.com/images/I/51BgkFaTnpL._SL500_.jpg" alt="Product Image"></a><p>Nail Tek Repairs Damaged Nails kit.Intensive Therapy(.5OZ),Foundation(.5OZ)& Renew(.48OZ)</p><p>$14.95</p><a href="https://www.amazon.com/dp/B007QBKX08?tag=eloabder-20&linkCode=osi&th=1&psc=1">View Product</a></div>
<div class="product"><a href="https://www.amazon.com/dp/B017PCGAXQ?tag=eloabder-20&linkCode=osi&th=1&psc=1"><img src="https://m.media-amazon.com/images/I/31-daQlUgGL._SL500_.jpg" alt="Product Image"></a><p>Garnier Micellar Water For Waterproof Makeup, Hydrating Facial Cleanser & Makeup Remover, Suitable for Sensitive Skin, Vegan, Cruelty Free, 13.5 Fl Oz (400mL), 1 Count</p><p>$8.97 ($0.66 / Fl Oz)</p><a href="https://www.amazon.com/dp/B017PCGAXQ?tag=eloabder-20&linkCode=osi&th=1&psc=1">View Product</a></div><div class="product"><a href="https://www.amazon.com/dp/B017PCGABI?tag=eloabder-20&linkCode=osi&th=1&psc=1"><img src="https://m.media-amazon.com/images/I/3106WC85aAL._SL500_.jpg" alt="Product Image"></a><p>Garnier Micellar Water, Hydrating Facial Cleanser & Makeup Remover, Suitable for Sensitive Skin, Vegan, Cruelty Free, 13.5 Fl Oz (400mL), 1 Count</p><p>$8.97 ($0.66 / Fl Oz)</p><a href="https://www.amazon.com/dp/B017PCGABI?tag=eloabder-20&linkCode=osi&th=1&psc=1">View Product</a></div><div class="product"><a href="https://www.amazon.com/dp/B00U2VQZDS?tag=eloabder-20&linkCode=osi&th=1&psc=1"><img src="https://m.media-amazon.com/images/I/41VzZfHAKpL._SL500_.jpg" alt="Product Image"></a><p>Neutrogena Makeup Remover Wipes, Ultra-Soft Cleansing Facial Towelettes for Waterproof Makeup, Alcohol-Free, Plant-Based, Twin Pack, 25 Count (Pack of 2)</p><p>$9.16 ($0.18 / Count)</p><a href="https://www.amazon.com/dp/B00U2VQZDS?tag=eloabder-20&linkCode=osi&th=1&psc=1">View Product</a></div><div class="product"><a href="https://www.amazon.com/dp/B07T9JV956?tag=eloabder-20&linkCode=osi&th=1&psc=1"><img src="https://m.media-amazon.com/images/I/310x+0QrxsL._SL500_.jpg" alt="Product Image"></a><p>Neutrogena Gentle Oil-Free Eye Makeup Remover & Cleanser for Sensitive Eyes, Non-Greasy Makeup Remover, Removes Waterproof Mascara, Dermatologist & Ophthalmologist Tested, 8.0 fl. oz</p><p>$9.39 ($1.17 / Fl Oz)</p><a href="https://www.amazon.com/dp/B07T9JV956?tag=eloabder-20&linkCode=osi&th=1&psc=1">View Product</a></div><div class="product"><a href="https://www.amazon.com/dp/B01M31HY3S?tag=eloabder-20&linkCode=osi&th=1&psc=1"><img src="https://m.media-amazon.com/images/I/319i79e7f4L._SL500_.jpg" alt="Product Image"></a><p>Cetaphil Gentle Waterproof Makeup Remover, Mother's Day Gifts, Oil-Free Formula Suitable for Sensitive Skin, 6.0 Fluid Ounce</p><p>$9.87 ($1.64 / Fl Oz)</p><a href="https://www.amazon.com/dp/B01M31HY3S?tag=eloabder-20&linkCode=osi&th=1&psc=1">View Product</a></div><div class="product"><a href="https://www.amazon.com/dp/B07SS6LFRG?tag=eloabder-20&linkCode=osi&th=1&psc=1"><img src="https://m.media-amazon.com/images/I/31Mwa89HfCL._SL500_.jpg" alt="Product Image"></a><p>Amazon Basics Eye Makeup Remover, Removes Waterproof Mascara, Dermatologist Tested, Fragrance Free, 5.5 Fl Oz (Pack of 1)</p><p>$5.99 ($1.09 / Fl Oz)</p><a href="https://www.amazon.com/dp/B07SS6LFRG?tag=eloabder-20&linkCode=osi&th=1&psc=1">View Product</a></div><div class="product"><a href="https://www.amazon.com/dp/B08TQTT8LK?tag=eloabder-20&linkCode=osi&th=1&psc=1"><img src="https://m.media-amazon.com/images/I/31R-Y-dhjEL._SL500_.jpg" alt="Product Image"></a><p>e.l.f. Holy Hydration! Makeup Melting Cleansing Balm, Face Cleanser & Makeup Remover, Infused with Hyaluronic Acid to Hydrate Skin, 2 Oz</p><p>$11.00 ($5.50 / Ounce)</p><a href="https://www.amazon.com/dp/B08TQTT8LK?tag=eloabder-20&linkCode=osi&th=1&psc=1">View Product</a></div><div class="product"><a href="https://www.amazon.com/dp/B08Q3CQM7X?tag=eloabder-20&linkCode=osi&th=1&psc=1"><img src="https://m.media-amazon.com/images/I/31edyzkByfL._SL500_.jpg" alt="Product Image"></a><p>JUNO & Co. Clean 10 Cleansing Balm 10 Ingredients Makeup Remover 85g / 3.0oz</p><p>$14.99 ($5.00 / Ounce)</p><a href="https://www.amazon.com/dp/B08Q3CQM7X?tag=eloabder-20&linkCode=osi&th=1&psc=1">View Product</a></div><div class="product"><a href="https://www.amazon.com/dp/B0B1PP1XCM?tag=eloabder-20&linkCode=osi&th=1&psc=1"><img src="https://m.media-amazon.com/images/I/31kOCqV2+BL._SL500_.jpg" alt="Product Image"></a><p>CeraVe Cleansing Balm for Sensitive Skin | Hydrating Makeup Remover with Ceramides and Plant-based Jojoba Oil for Face | Non-Comedogenic Fragrance Free Non-Greasy |1.3 Ounces</p><p>$9.97 ($7.67 / Ounce)</p><a href="https://www.amazon.com/dp/B0B1PP1XCM?tag=eloabder-20&linkCode=osi&th=1&psc=1">View Product</a></div><div class="product"><a href="https://www.amazon.com/dp/B0BX65V1BZ?tag=eloabder-20&linkCode=osi&th=1&psc=1"><img src="https://m.media-amazon.com/images/I/31t6WiWvdDL._SL500_.jpg" alt="Product Image"></a><p>Prime Prometics PrimeSkin Beauty Water – Deeply Hydrating Pro-Age Make-Up Remover for Mature Women – Clean, One Swipe – for All Skin Types – pH balanced, Hypoallergenic</p><p>$27.00 ($5.29 / Fl Oz)</p><a href="https://www.amazon.com/dp/B0BX65V1BZ?tag=eloabder-20&linkCode=osi&th=1&psc=1">View Product</a></div>
<div class="product"><a href="https://www.amazon.com/dp/B07XC569XF?tag=eloabder-20&linkCode=osi&th=1&psc=1"><img src="https://m.media-amazon.com/images/I/4109uyzn-sL._SL500_.jpg" alt="Product Image"></a><p>Neutrogena Hydro Boost Facial Cleansing Towelettes + Hyaluronic Acid, Hydrating Makeup Remover Face Wipes Remove Dirt & Waterproof Makeup, Hypoallergenic, 100% Plant-Based Cloth, 2 x 25 ct</p><p>$13.20 ($0.26 / Count)</p><a href="https://www.amazon.com/dp/B07XC569XF?tag=eloabder-20&linkCode=osi&th=1&psc=1">View Product</a></div><div class="product"><a href="https://www.amazon.com/dp/B00479FP4Q?tag=eloabder-20&linkCode=osi&th=1&psc=1"><img src="https://m.media-amazon.com/images/I/41L2wro-FlL._SL500_.jpg" alt="Product Image"></a><p>Olay Daily Facials, Daily Clean Makeup Removing Facial Cleansing Wipes, 5-in-1 Water Activated Cloths, Exfoliates, Tones and Hydrates Skin, 66 count</p><p>$9.74 ($0.15 / Count)</p><a href="https://www.amazon.com/dp/B00479FP4Q?tag=eloabder-20&linkCode=osi&th=1&psc=1">View Product</a></div><div class="product"><a href="https://www.amazon.com/dp/B0864VDH6F?tag=eloabder-20&linkCode=osi&th=1&psc=1"><img src="https://m.media-amazon.com/images/I/418baEPkUdL._SL500_.jpg" alt="Product Image"></a><p>Amazon Basics Make Up Remover Wipes, Night Calming, 50 Count (2 Packs of 25) (Previously Solimo)</p><p>$7.93 ($0.16 / Count)</p><a href="https://www.amazon.com/dp/B0864VDH6F?tag=eloabder-20&linkCode=osi&th=1&psc=1">View Product</a></div><div class="product"><a href="https://www.amazon.com/dp/B093T3LQPP?tag=eloabder-20&linkCode=osi&th=1&psc=1"><img src="https://m.media-amazon.com/images/I/51mLU+qr6tL._SL500_.jpg" alt="Product Image"></a><p>Burt's Bees Rose Water Face Wipes, for All Skin Types, Hydrating Micellar Makeup Remover & Facial Cleansing Towelettes, 30 Ct (3-Pack)</p><p>$16.47 ($0.18 / Count)</p><a href="https://www.amazon.com/dp/B093T3LQPP?tag=eloabder-20&linkCode=osi&th=1&psc=1">View Product</a></div><div class="product"><a href="https://www.amazon.com/dp/B00NUJQG7Y?tag=eloabder-20&linkCode=osi&th=1&psc=1"><img src="https://m.media-amazon.com/images/I/51apu8FIluL._SL500_.jpg" alt="Product Image"></a><p>Burt's Bees Aloe Vera Face Wipes, for Sensitive Skin, Soothing Makeup Remover & Facial Cleansing Towelettes, 30 Ct. (3-Pack)</p><p>$16.41 ($0.18 / Count)</p><a href="https://www.amazon.com/dp/B00NUJQG7Y?tag=eloabder-20&linkCode=osi&th=1&psc=1">View Product</a></div><div class="product"><a href="https://www.amazon.com/dp/B09LXWPB1V?tag=eloabder-20&linkCode=osi&th=1&psc=1"><img src="https://m.media-amazon.com/images/I/4117i-jJMKL._SL500_.jpg" alt="Product Image"></a><p>CeraVe Hydrating Facial Cleansing Makeup Remover Wipes| Plant Based Face Biodegradable in Home Compost| Wash Cloth| Suitable for Sensitive Skin| Fragrance-free Non-comedogenic| 25 Count</p><p>$9.97 ($0.40 / Count)</p><a href="https://www.amazon.com/dp/B09LXWPB1V?tag=eloabder-20&linkCode=osi&th=1&psc=1">View Product</a></div><div class="product"><a href="https://www.amazon.com/dp/B006RFZ9IK?tag=eloabder-20&linkCode=osi&th=1&psc=1"><img src="https://m.media-amazon.com/images/I/41c4Ogejt9L._SL500_.jpg" alt="Product Image"></a><p>Bioré Daily Make Up Removing Cloths, Facial Cleansing Wipes with Dirt-grabbing Fibers for Deep Pore Cleansing without Oily Residue, 60 Count</p><p>$11.99 ($0.20 / Count)</p><a href="https://www.amazon.com/dp/B006RFZ9IK?tag=eloabder-20&linkCode=osi&th=1&psc=1">View Product</a></div><div class="product"><a href="https://www.amazon.com/dp/B01M4NFD2N?tag=eloabder-20&linkCode=osi&th=1&psc=1"><img src="https://m.media-amazon.com/images/I/41-iPdzYWDL._SL500_.jpg" alt="Product Image"></a><p>Cetaphil Gentle Makeup Removing Face Wipes, Daily Cleansing Facial Towelettes Gently Remove Makeup, Fragrance and Alcohol Free, 25 Count</p><p>$6.85 ($0.27 / Count)</p><a href="https://www.amazon.com/dp/B01M4NFD2N?tag=eloabder-20&linkCode=osi&th=1&psc=1">View Product</a></div><div class="product"><a href="https://www.amazon.com/dp/B0B644ZQLV?tag=eloabder-20&linkCode=osi&th=1&psc=1"><img src="https://m.media-amazon.com/images/I/41E5FGVZrnL._SL500_.jpg" alt="Product Image"></a><p>Cetaphil Face and Body Wipes, Gentle Skin Cleansing Cloths, 25 Count (Pack of 3), for Dry, Sensitive Skin, Flip Top Closure, Great for the Gym, Hypoallergenic, Fragrance Free</p><p>$20.91 ($0.28 / Count)</p><a href="https://www.amazon.com/dp/B0B644ZQLV?tag=eloabder-20&linkCode=osi&th=1&psc=1">View Product</a></div>
<div class="product"><a href="https://www.amazon.com/dp/B08RD6S5HF?tag=eloabder-20&linkCode=osi&th=1&psc=1"><img src="https://m.media-amazon.com/images/I/41uDw-xQNuL._SL500_.jpg" alt="Product Image"></a><p>BAIMEI IcyMe Gua Sha & Jade Roller Facial Tools Face Roller and Gua Sha Set for Puffiness and Redness Reducing Skin Care Routine, Self Care Gift for Men Women - Green</p><p>$9.99</p><a href="https://www.amazon.com/dp/B08RD6S5HF?tag=eloabder-20&linkCode=osi&th=1&psc=1">View Product</a></div><div class="product"><a href="https://www.amazon.com/dp/B09961TCV4?tag=eloabder-20&linkCode=osi&th=1&psc=1"><img src="https://m.media-amazon.com/images/I/41cLCDErk6L._SL500_.jpg" alt="Product Image"></a><p>huefull Gua Sha Facial Tools & Jade Roller Set for Skin Care, Reduce Puffiness and Improve Wrinkles, Guasha Tool for Face, Gua Sha Stone Self Care Gift for Woman Man</p><p>$7.99 ($4.00 / Count)</p><a href="https://www.amazon.com/dp/B09961TCV4?tag=eloabder-20&linkCode=osi&th=1&psc=1">View Product</a></div><div class="product"><a href="https://www.amazon.com/dp/B09P88YNZZ?tag=eloabder-20&linkCode=osi&th=1&psc=1"><img src="https://m.media-amazon.com/images/I/31gv5dz1KML._SL500_.jpg" alt="Product Image"></a><p>Ice Roller for Face and Eye, Ice Face Roller,Facial Beauty Ice Roller Skin Care Tools, Ice Facial Cube, Gua Sha Face Massage, Silicone Ice Mold for Face Beauty (Pink)</p><p>$5.99 ($1.20 / Ounce)</p><a href="https://www.amazon.com/dp/B09P88YNZZ?tag=eloabder-20&linkCode=osi&th=1&psc=1">View Product</a></div><div class="product"><a href="https://www.amazon.com/dp/B09V5TRZTS?tag=eloabder-20&linkCode=osi&th=1&psc=1"><img src="https://m.media-amazon.com/images/I/31NWpXealIL._SL500_.jpg" alt="Product Image"></a><p>ROSELYNBOUTIQUE Ice Roller for Face Wrinkles Fine Lines Puffiness Stick Massager Facial Skin Care Tools Self Care Gifts for Men Women (Green)</p><p>$6.39</p><a href="https://www.amazon.com/dp/B09V5TRZTS?tag=eloabder-20&linkCode=osi&th=1&psc=1">View Product</a></div><div class="product"><a href="https://www.amazon.com/dp/B0BR7YG7QH?tag=eloabder-20&linkCode=osi&th=1&psc=1"><img src="https://m.media-amazon.com/images/I/41gFogNe+dL._SL500_.jpg" alt="Product Image"></a><p>8 Pieces Triangle Powder Puff Face Soft Triangle Makeup Puff Velour Cosmetic Foundation Blender Sponge Beauty Makeup Tools</p><p>$3.99 ($0.50 / Count)</p><a href="https://www.amazon.com/dp/B0BR7YG7QH?tag=eloabder-20&linkCode=osi&th=1&psc=1">View Product</a></div><div class="product"><a href="https://www.amazon.com/dp/B09XJYZDVG?tag=eloabder-20&linkCode=osi&th=1&psc=1"><img src="https://m.media-amazon.com/images/I/41jMEmTiSQL._SL500_.jpg" alt="Product Image"></a><p>Aaiffey Eyeliner Applicator Kit, Eyeliner Tool with Eyeliner Cream Black Eyeliner Gel Reusable Silicone Eye Liner Applicator Waterproof Eyeliner Easy No-Skip (eyeliner tool +black eyeliner creams)</p><p>$9.98</p><a href="https://www.amazon.com/dp/B09XJYZDVG?tag=eloabder-20&linkCode=osi&th=1&psc=1">View Product</a></div>
<div class="product"><a href="https://www.amazon.com/dp/B075S543DR?tag=eloabder-20&linkCode=osi&th=1&psc=1"><img src="https://m.media-amazon.com/images/I/418N6a3fvaL._SL500_.jpg" alt="Product Image"></a><p>EcoTools Start The Day Beautifully 6 Piece Makeup Brush Set, Makeup Brushes For Eyeshadow, Blush, Concealer, & Foundation Application, Eco-Friendly, Gift Set, Synthetic Hair, Vegan & Cruelty-Free</p><p>$9.98</p><a href="https://www.amazon.com/dp/B075S543DR?tag=eloabder-20&linkCode=osi&th=1&psc=1">View Product</a></div><div class="product"><a href="https://www.amazon.com/dp/B07FTXBNVL?tag=eloabder-20&linkCode=osi&th=1&psc=1"><img src="https://m.media-amazon.com/images/I/41O4pc78hYL._SL500_.jpg" alt="Product Image"></a><p>Real Techniques 5 Piece Everyday Essentials Makeup Brush Set, Includes 4 Brushes & Makeup Sponge, For Foundation, Blush, Bronzer, Contour, Eyeshadow, & Powder, Travel Gift Set, Cruelty-Free & Vegan</p><p>$13.99</p><a href="https://www.amazon.com/dp/B07FTXBNVL?tag=eloabder-20&linkCode=osi&th=1&psc=1">View Product</a></div>
<div class="product"><a href="https://www.amazon.com/dp/B00WZQTCS8?tag=eloabder-20&linkCode=osi&th=1&psc=1"><img src="https://m.media-amazon.com/images/I/41iVoW5QboL._SL500_.jpg" alt="Product Image"></a><p>NYX PROFESSIONAL MAKEUP Micro Brow Pencil, Eyebrow Pencil - Espresso</p><p>$7.50</p><a href="https://www.amazon.com/dp/B00WZQTCS8?tag=eloabder-20&linkCode=osi&th=1&psc=1">View Product</a></div><div class="product"><a href="https://www.amazon.com/dp/B01643FI0I?tag=eloabder-20&linkCode=osi&th=1&psc=1"><img src="https://m.media-amazon.com/images/I/21w1DpgxRoL._SL500_.jpg" alt="Product Image"></a><p>L'Oreal Paris Makeup Brow Stylist Definer Waterproof Eyebrow Pencil, Ultra-Fine Mechanical Pencil, Draws Tiny Brow Hairs and Fills in Sparse Areas and Gaps, Dark Brunette, 0.003 Ounce (Pack of 1)</p><p>$8.98</p><a href="https://www.amazon.com/dp/B01643FI0I?tag=eloabder-20&linkCode=osi&th=1&psc=1">View Product</a></div><div class="product"><a href="https://www.amazon.com/dp/B0B52KG7YP?tag=eloabder-20&linkCode=osi&th=1&psc=1"><img src="https://m.media-amazon.com/images/I/31Mi4FEPxYL._SL500_.jpg" alt="Product Image"></a><p>e.l.f. Instant Lift Brow Pencil, Dual-Ended Precision Brow Pencils For Shaping & Defining Eyebrows, Vegan & Cruelty-Free, Neutral Brown, 2-Pack</p><p>$5.00</p><a href="https://www.amazon.com/dp/B0B52KG7YP?tag=eloabder-20&linkCode=osi&th=1&psc=1">View Product</a></div><div class="product"><a href="https://www.amazon.com/dp/B078KB7L4G?tag=eloabder-20&linkCode=osi&th=1&psc=1"><img src="https://m.media-amazon.com/images/I/31QF5SK3tzL._SL500_.jpg" alt="Product Image"></a><p>wet n wild Ultimate Eyebrow Retractable Definer Pencil, Medium Brown, Dual-Sided Brow Brush, Fine Tip, Shapes, Defines, Fills Brow Makeup</p><p>$2.74</p><a href="https://www.amazon.com/dp/B078KB7L4G?tag=eloabder-20&linkCode=osi&th=1&psc=1">View Product</a></div><div class="product"><a href="https://www.amazon.com/dp/B074VD4X7W?tag=eloabder-20&linkCode=osi&th=1&psc=1"><img src="https://m.media-amazon.com/images/I/41eK8J1W2rL._SL500_.jpg" alt="Product Image"></a><p>Maybelline Total Temptation Eyebrow Definer Pencil, Soft Brown, 1 Count</p><p>$8.99</p><a href="https://www.amazon.com/dp/B074VD4X7W?tag=eloabder-20&linkCode=osi&th=1&psc=1">View Product</a></div><div class="product"><a href="https://www.amazon.com/dp/B001ESKLZQ?tag=eloabder-20&linkCode=osi&th=1&psc=1"><img src="https://m.media-amazon.com/images/I/31bw47frHzS._SL500_.jpg" alt="Product Image"></a><p>COVERGIRL - Easy Breezy Brow Fill + Define Brow Pencil, Sharpener Included, Long-Lasting, Deeply Pigmented, Blendable Formula, 100% Cruelty-Free</p><p>$4.47</p><a href="https://www.amazon.com/dp/B001ESKLZQ?tag=eloabder-20&linkCode=osi&th=1&psc=1">View Product</a></div><div class="product"><a href="https://www.amazon.com/dp/B0D12PWNK6?tag=eloabder-20&linkCode=osi&th=1&psc=1"><img src="https://m.media-amazon.com/images/I/51u7eOlEtFL._SL500_.jpg" alt="Product Image"></a><p>iMethod Microblading Eyebrow Pen - Eyebrow Pencil Magical 2-in-1 Dual-Ended Eye Brow Pencils for Women with 4-Fork-Tip & Precise Brush-Tip Create Natural Hair-Like Brows, Last All-Day, Dark Brown</p><p>$14.97 ($14.97 / Count)</p><a href="https://www.amazon.com/dp/B0D12PWNK6?tag=eloabder-20&linkCode=osi&th=1&psc=1">View Product</a></div><div class="product"><a href="https://www.amazon.com/dp/B0CPFY8K8W?tag=eloabder-20&linkCode=osi&th=1&psc=1"><img src="https://m.media-amazon.com/images/I/21SmXiqZZYL._SL500_.jpg" alt="Product Image"></a><p>e.l.f. Instant Lift Waterproof Brow Pencil, Long-Lasting Eyebrow Pencil For Grooming & Shaping Brows, Vegan & Cruelty-free, Deep Brown</p><p>$4.00</p><a href="https://www.amazon.com/dp/B0CPFY8K8W?tag=eloabder-20&linkCode=osi&th=1&psc=1">View Product</a></div>
<div class="product"><a href="https://www.amazon.com/dp/B079B8BFR3?tag=eloabder-20&linkCode=osi&th=1&psc=1"><img src="https://m.media-amazon.com/images/I/41DSmndr3KL._SL500_.jpg" alt="Product Image"></a><p>KISS Looks So Natural, False Eyelashes, Shy', 12 mm, Includes 5 Pairs Of Lashes, Contact Lens Friendly, Easy to Apply, Reusable Strip Lashes, Glue On</p><p>$7.09</p><a href="https://www.amazon.com/dp/B079B8BFR3?tag=eloabder-20&linkCode=osi&th=1&psc=1">View Product</a></div><div class="product"><a href="https://www.amazon.com/dp/B09MQCDVM7?tag=eloabder-20&linkCode=osi&th=1&psc=1"><img src="https://m.media-amazon.com/images/I/510lQqrrVtL._SL500_.jpg" alt="Product Image"></a><p>False Eyelashes 14mm Faux 3D Mink Lashes Natural Look Fluffy Cat Eye Wispy Lashes Pack by Kiromiro, 14 Pairs</p><p>$8.89</p><a href="https://www.amazon.com/dp/B09MQCDVM7?tag=eloabder-20&linkCode=osi&th=1&psc=1">View Product</a></div><div class="product"><a href="https://www.amazon.com/dp/B00DS4EIEE?tag=eloabder-20&linkCode=osi&th=1&psc=1"><img src="https://m.media-amazon.com/images/I/415k4JSKxOL._SL500_.jpg" alt="Product Image"></a><p>KISS So Wispy, False Eyelashes, Style #11', 12 mm, Includes 5 Pairs Of Lashes, Contact Lens Friendly, Easy to Apply, Reusable Strip Lashes, Glue On, Mulitpack</p><p>$8.97 ($1.79 / Count)</p><a href="https://www.amazon.com/dp/B00DS4EIEE?tag=eloabder-20&linkCode=osi&th=1&psc=1">View Product</a></div><div class="product"><a href="https://www.amazon.com/dp/B0C5QK1QHP?tag=eloabder-20&linkCode=osi&th=1&psc=1"><img src="https://m.media-amazon.com/images/I/51eSQ4cj35L._SL500_.jpg" alt="Product Image"></a><p>Veleasha Lashes 5D Faux Mink Lashes 100% Handmade Luxurious Fake Eyelashes Lightweight Fluffy False Eyelashes 5 Pairs Pack (G2)</p><p>$6.98 ($1.40 / Count)</p><a href="https://www.amazon.com/dp/B0C5QK1QHP?tag=eloabder-20&linkCode=osi&th=1&psc=1">View Product</a></div><div class="product"><a href="https://www.amazon.com/dp/B0B1LRRTCH?tag=eloabder-20&linkCode=osi&th=1&psc=1"><img src="https://m.media-amazon.com/images/I/41gc2Df+nAL._SL500_.jpg" alt="Product Image"></a><p>GMAGICTOBO False Eyelashes Natural Half Lashes Short Wispy Clear Band Lashes Pack Cat Eye 3D Faux Mink Lashes Fake Eyelashes 7 Pairs Multipack</p><p>$8.59 ($1.23 / Count)</p><a href="https://www.amazon.com/dp/B0B1LRRTCH?tag=eloabder-20&linkCode=osi&th=1&psc=1">View Product</a></div><div class="product"><a href="https://www.amazon.com/dp/B08R6PR7ND?tag=eloabder-20&linkCode=osi&th=1&psc=1"><img src="https://m.media-amazon.com/images/I/41r4c3ZiCWL._SL500_.jpg" alt="Product Image"></a><p>KISS My Lash But Better, False Eyelashes, All Mine', 10 mm, Includes 1 Pair Of Lashes, Contact Lens Friendly, Easy to Apply, Reusable Strip Lashes, Glue-On</p><p>$3.97</p><a href="https://www.amazon.com/dp/B08R6PR7ND?tag=eloabder-20&linkCode=osi&th=1&psc=1">View Product</a></div><div class="product"><a href="https://www.amazon.com/dp/B0BX3YHN14?tag=eloabder-20&linkCode=osi&th=1&psc=1"><img src="https://m.media-amazon.com/images/I/51YYa1vTElL._SL500_.jpg" alt="Product Image"></a><p>KISS imPRESS Falsies False Eyelashes, Lash Clusters, Voluminous', 14 mm, Includes 20 Clusters, 1 applicator, Contact Lens Friendly, Easy to Apply, Reusable Strip Lashes</p><p>$12.72</p><a href="https://www.amazon.com/dp/B0BX3YHN14?tag=eloabder-20&linkCode=osi&th=1&psc=1">View Product</a></div><div class="product"><a href="https://www.amazon.com/dp/B00YYHHI1E?tag=eloabder-20&linkCode=osi&th=1&psc=1"><img src="https://m.media-amazon.com/images/I/419bv9iNI9L._SL500_.jpg" alt="Product Image"></a><p>Ardell False Eyelashes Demi Wispies Black, 1 pack (6 pairs per pack)</p><p>$9.74 ($1.95 / Count)</p><a href="https://www.amazon.com/dp/B00YYHHI1E?tag=eloabder-20&linkCode=osi&th=1&psc=1">View Product</a></div><div class="product"><a href="https://www.amazon.com/dp/B0CG5SY8J1?tag=eloabder-20&linkCode=osi&th=1&psc=1"><img src="https://m.media-amazon.com/images/I/41SWlZB3plL._SL500_.jpg" alt="Product Image"></a><p>Natural Lashes Natural Eyelashes Short Eyelashes Natural Look False Eyelashes Wispy Eye Lashes 10mm Small Lashes Fake Lashes K50</p><p>$7.93 ($1.13 / Count)</p><a href="https://www.amazon.com/dp/B0CG5SY8J1?tag=eloabder-20&linkCode=osi&th=1&psc=1">View Product</a></div><div class="product"><a href="https://www.amazon.com/dp/B08SPVMDTV?tag=eloabder-20&linkCode=osi&th=1&psc=1"><img src="https://m.media-amazon.com/images/I/41Q6wh0HacL._SL500_.jpg" alt="Product Image"></a><p>KISS Falscara Multipack False Eyelashes, Lash Clusters, Natural Wispy Wisps', 10mm-12mm-14mm, Includes 24 Assorted Lengths Wisps, Contact Lens Friendly, Easy to Apply, Reusable Strip Lashes</p><p>$6.47 ($0.27 / Count)</p><a href="https://www.amazon.com/dp/B08SPVMDTV?tag=eloabder-20&linkCode=osi&th=1&psc=1">View Product</a></div>
<div class="product"><a href="https://www.amazon.com/dp/B08ZYKFNLK?tag=eloabder-20&linkCode=osi&th=1&psc=1"><img src="https://m.media-amazon.com/images/I/41LSyt4W-HL._SL500_.jpg" alt="Product Image"></a><p>Makeup Sponge Set BS-MALL Blender Sponges 7 Pcs for Liquid, Cream, and Powder, Multi-colored with 1 Mini Makeup Sponge Pink (A-Pink）</p><p>$6.99 ($1.00 / Count)</p><a href="https://www.amazon.com/dp/B08ZYKFNLK?tag=eloabder-20&linkCode=osi&th=1&psc=1">View Product</a></div><div class="product"><a href="https://www.amazon.com/dp/B01F36JEXE?tag=eloabder-20&linkCode=osi&th=1&psc=1"><img src="https://m.media-amazon.com/images/I/41AHaVc97tL._SL500_.jpg" alt="Product Image"></a><p>BEAKEY Makeup Sponge 5 Pcs Set, Makeup Sponges for Foundation, Liquid, Cream and Powder. Latex-Free Boun Boun Beauty Sponge for Blending, Blender for Enhanced Make Up Application, Ideal Gift</p><p>$6.99 ($1.40 / Count)</p><a href="https://www.amazon.com/dp/B01F36JEXE?tag=eloabder-20&linkCode=osi&th=1&psc=1">View Product</a></div><div class="product"><a href="https://www.amazon.com/dp/B07VBNQ367?tag=eloabder-20&linkCode=osi&th=1&psc=1"><img src="https://m.media-amazon.com/images/I/41tK1+FK+ML._SL500_.jpg" alt="Product Image"></a><p>Beautyblender® | Original Pink Beauty Blender Makeup Sponge, Super-Soft Foam Easily Blends Foundations, Powders & Creams, Made in USA, Reusable, Washable, Streak Free Application, Vegan, Cruelty Free</p><p>$20.00</p><a href="https://www.amazon.com/dp/B07VBNQ367?tag=eloabder-20&linkCode=osi&th=1&psc=1">View Product</a></div><div class="product"><a href="https://www.amazon.com/dp/B013XJUWC0?tag=eloabder-20&linkCode=osi&th=1&psc=1"><img src="https://m.media-amazon.com/images/I/519iY4n1lHL._SL500_.jpg" alt="Product Image"></a><p>Aesthetica Cosmetics Beauty Sponge Blender - Latex Free and Vegan Makeup Sponge Blender - For Powder, Cream or Liquid Application - One Piece Make Up Sponge</p><p>$3.97</p><a href="https://www.amazon.com/dp/B013XJUWC0?tag=eloabder-20&linkCode=osi&th=1&psc=1">View Product</a></div><div class="product"><a href="https://www.amazon.com/dp/B08T79281H?tag=eloabder-20&linkCode=osi&th=1&psc=1"><img src="https://m.media-amazon.com/images/I/41OyxvePdBL._SL500_.jpg" alt="Product Image"></a><p>DUAIU 4 Pcs Makeup Sponge Set Beauty Sponge Foundation Blending Sponge, Flawless for Liquid, Cream, and Powder, Multi-colored Makeup Sponges with Storage Box</p><p>$4.99 ($1.25 / Count)</p><a href="https://www.amazon.com/dp/B08T79281H?tag=eloabder-20&linkCode=osi&th=1&psc=1">View Product</a></div><div class="product"><a href="https://www.amazon.com/dp/B00EUBPHR6?tag=eloabder-20&linkCode=osi&th=1&psc=1"><img src="https://m.media-amazon.com/images/I/31BZh7Bg7hL._SL500_.jpg" alt="Product Image"></a><p>Real Techniques Miracle Complexion Sponge, Makeup Blending Sponge, For Liquid & Cream Foundation, Offers Light To Medium Coverage, Natural, Dewy Makeup, Orange Sponge, Latex-Free Foam, 1 Count</p><p>$4.57</p><a href="https://www.amazon.com/dp/B00EUBPHR6?tag=eloabder-20&linkCode=osi&th=1&psc=1">View Product</a></div><div class="product"><a href="https://www.amazon.com/dp/B0CL2FKVH2?tag=eloabder-20&linkCode=osi&th=1&psc=1"><img src="https://m.media-amazon.com/images/I/41u81y8DJoL._SL500_.jpg" alt="Product Image"></a><p>14 Pcs Makeup Sponge Set,Beauty Sponges Blender with 4 Pcs Powder Puff and 4 Pcs Mini Make up Sponges Valentine's Day Gift,Mother's Day Gift for Women Liquid,Foundation,Powder,Concealer,Cream(Pink)</p><p>$8.99 ($0.64 / Count)</p><a href="https://www.amazon.com/dp/B0CL2FKVH2?tag=eloabder-20&linkCode=osi&th=1&psc=1">View Product</a></div><div class="product"><a href="https://www.amazon.com/dp/B0CTX1X4F1?tag=eloabder-20&linkCode=osi&th=1&psc=1"><img src="https://m.media-amazon.com/images/I/31dP1yTUmWL._SL500_.jpg" alt="Product Image"></a><p>GFOUNS 15 pcs Beauty blender Makeup Sponge Bulk:Blender Sponges 15 Pcs for Liquid, Cream, and Powder, Multi-colored Pink make up sponges for foundation</p><p>$5.99</p><a href="https://www.amazon.com/dp/B0CTX1X4F1?tag=eloabder-20&linkCode=osi&th=1&psc=1">View Product</a></div>
<div class="product"><a href="https://www.amazon.com/dp/B010CRFSTI?tag=eloabder-20&linkCode=osi&th=1&psc=1"><img src="https://m.media-amazon.com/images/I/41JQ+znx4gL._SL500_.jpg" alt="Product Image"></a><p>Conair Salon Results Hairbrush Set - Travel Hair Brush - Hairbrushes for All Hair Types - Travel size + Full-size Brush</p><p>$5.88 ($2.94 / Count)</p><a href="https://www.amazon.com/dp/B010CRFSTI?tag=eloabder-20&linkCode=osi&th=1&psc=1">View Product</a></div><div class="product"><a href="https://www.amazon.com/dp/B094DK6JNF?tag=eloabder-20&linkCode=osi&th=1&psc=1"><img src="https://m.media-amazon.com/images/I/31dF+T3k3nL._SL500_.jpg" alt="Product Image"></a><p>Wet Brush Original Detangler Hair Brush, Amazon Exclusive Aqua- Ultra-Soft IntelliFlex Bristles-Detangling Hairbrush Glides Through Tangles For All Hair Types (Wet Dry & Damaged Hair) - Women & Men</p><p>$8.99</p><a href="https://www.amazon.com/dp/B094DK6JNF?tag=eloabder-20&linkCode=osi&th=1&psc=1">View Product</a></div>

<div class="product"><a href="https://www.amazon.com/dp/B07KSQZ4MR?tag=eloabder-20&linkCode=osi&th=1&psc=1"><img src="https://m.media-amazon.com/images/I/31A-mCllrgL._SL500_.jpg" alt="Product Image"></a><p>Hot Tools Pro Artist Black Gold Evolve Ionic Salon Hair Flat Iron | Long-Lasting Finish for Straightening Hair, (1-1/4 in), HT7123BG</p><p>$61.50</p><a href="https://www.amazon.com/dp/B07KSQZ4MR?tag=eloabder-20&linkCode=osi&th=1&psc=1">View Product</a></div>
<div class="product"><a href="https://www.amazon.com/dp/B0027SU9JU?tag=eloabder-20&linkCode=osi&th=1&psc=1"><img src="https://m.media-amazon.com/images/I/31rfzenB9mL._SL500_.jpg" alt="Product Image"></a><p>REVLON Turbo Hair Dryer with Advanced Ionic Technology, Ceramic Coating | Turbo Heat and Cold Shot Features, 1875 Watts for Fast Drying and Shine (Silver)</p><p>$19.99</p><a href="https://www.amazon.com/dp/B0027SU9JU?tag=eloabder-20&linkCode=osi&th=1&psc=1">View Product</a></div>

<div class="product"><a href="https://www.amazon.com/dp/B07PBXXNCY?tag=eloabder-20&linkCode=osi&th=1&psc=1"><img src="https://m.media-amazon.com/images/I/31OVxUr+bUL._SL500_.jpg" alt="Product Image"></a><p>Clean Skin Club Clean Towels XL™, 100% USDA Biobased Face Towel, Disposable Face Towelette, Makeup Remover Dry Wipes, Ultra Soft, 50 Ct, 1 Pack</p><p>$17.95 ($0.36 / Count)</p><a href="https://www.amazon.com/dp/B07PBXXNCY?tag=eloabder-20&linkCode=osi&th=1&psc=1">View Product</a></div><div class="product"><a href="https://www.amazon.com/dp/B01LEJ5MSK?tag=eloabder-20&linkCode=osi&th=1&psc=1"><img src="https://m.media-amazon.com/images/I/418xEMrk6LL._SL500_.jpg" alt="Product Image"></a><p>COSRX Snail Mucin 92% Repair Cream, Daily Face Gel Moisturizer for Dry Skin, Acne-prone, Sensitive Skin, Not Tested on Animals, No Parabens, Korean Skincare (3.52 Fl Oz (Pack of 1))</p><p>$13.99 ($3.97 / Fl Oz)</p><a href="https://www.amazon.com/dp/B01LEJ5MSK?tag=eloabder-20&linkCode=osi&th=1&psc=1">View Product</a></div>
<div class="product"><a href="https://www.amazon.com/dp/B076FHJ3K5?tag=eloabder-20&linkCode=osi&th=1&psc=1"><img src="https://m.media-amazon.com/images/I/31QAqxeYpoL._SL500_.jpg" alt="Product Image"></a><p>Marc Anthony Leave-In Conditioner Spray & Detangler, Grow Long Biotin - Anti-Frizz Deep Conditioner For Split Ends & Breakage - Vitamin E, Caffeine & Ginseng for Curly, Dry & Damaged Hair</p><p>$7.67 ($0.91 / Fl Oz)</p><a href="https://www.amazon.com/dp/B076FHJ3K5?tag=eloabder-20&linkCode=osi&th=1&psc=1">View Product</a></div><div class="product"><a href="https://www.amazon.com/dp/B0B941W753?tag=eloabder-20&linkCode=osi&th=1&psc=1"><img src="https://m.media-amazon.com/images/I/3154MYZlHiL._SL500_.jpg" alt="Product Image"></a><p>MONDAY HAIRCARE Volume Shampoo + Conditioner Set (2 Pack) 12oz Each for Thin, Fine, and Oily Hair, Made from Coconut Oil, Ginger Extract, & Vitamin E, 100% Recyclable Bottles</p><p>$13.99 ($0.58 / Fl Oz)</p><a href="https://www.amazon.com/dp/B0B941W753?tag=eloabder-20&linkCode=osi&th=1&psc=1">View Product</a></div><div class="product"><a href="https://www.amazon.com/dp/B0CS29PK2J?tag=eloabder-20&linkCode=osi&th=1&psc=1"><img src="https://m.media-amazon.com/images/I/315FU9SHGsL._SL500_.jpg" alt="Product Image"></a><p>Monday Moisture Leave-in Conditioner 5 Oz</p><p>$5.41 ($1.08 / Fl Oz)</p><a href="https://www.amazon.com/dp/B0CS29PK2J?tag=eloabder-20&linkCode=osi&th=1&psc=1">View Product</a></div><div class="product"><a href="https://www.amazon.com/dp/B0B941XTDZ?tag=eloabder-20&linkCode=osi&th=1&psc=1"><img src="https://m.media-amazon.com/images/I/41eavjiNYyL._SL500_.jpg" alt="Product Image"></a><p>MONDAY HAIRCARE Moisture Shampoo + Conditioner Set for Dry, Coarse, Stressed, Coily & Curly Hair, Made from Coconut Oil, Rice Protein, Shea Butter, & Vitamin E, All-Natural, 12 Fl Oz (Pack of 2)</p><p>$13.99 ($0.58 / Fl Oz)</p><a href="https://www.amazon.com/dp/B0B941XTDZ?tag=eloabder-20&linkCode=osi&th=1&psc=1">View Product</a></div><div class="product"><a href="https://www.amazon.com/dp/B07N7PK9QK?tag=eloabder-20&linkCode=osi&th=1&psc=1"><img src="https://m.media-amazon.com/images/I/416K3ahcJsL._SL500_.jpg" alt="Product Image"></a><p>Mielle Organics Rosemary Mint Scalp & Hair Strengthening Oil for All Hair Types, 2 Ounce</p><p>$9.50 ($4.75 / Fl Oz)</p><a href="https://www.amazon.com/dp/B07N7PK9QK?tag=eloabder-20&linkCode=osi&th=1&psc=1">View Product</a></div><div class="product"><a href="https://www.amazon.com/dp/B005PV0FDG?tag=eloabder-20&linkCode=osi&th=1&psc=1"><img src="https://m.media-amazon.com/images/I/310l+q4ImxL._SL500_.jpg" alt="Product Image"></a><p>It's a 10 Haircare Miracle Leave-In product, 10 fl. oz.</p><p>$27.98 ($2.80 / Fl Oz)</p><a href="https://www.amazon.com/dp/B005PV0FDG?tag=eloabder-20&linkCode=osi&th=1&psc=1">View Product</a></div><div class="product"><a href="https://www.amazon.com/dp/B0C3K3XX95?tag=eloabder-20&linkCode=osi&th=1&psc=1"><img src="https://m.media-amazon.com/images/I/41+CLmIGVIL._SL500_.jpg" alt="Product Image"></a><p>MONDAY HAIRCARE Repair Shampoo and Conditioner Set 12oz for Dry to Damaged Hair, Made with Keratin, Coconut Oil, Shea Butter and Vitamin E</p><p>$13.99 ($0.58 / Fl Oz)</p><a href="https://www.amazon.com/dp/B0C3K3XX95?tag=eloabder-20&linkCode=osi&th=1&psc=1">View Product</a></div>
<div class="product"><a href="https://www.amazon.com/dp/B09F5L7756?tag=eloabder-20&linkCode=osi&th=1&psc=1"><img src="https://m.media-amazon.com/images/I/61qJVRNSjFL._SL500_.jpg" alt="Product Image"></a><p>Vaseline Intensive Care Cocoa Radiant For Glowing Skin 3 Count Body Gel Oil Body Oil Made with 100% Pure Cocoa Butter + Replenishing Oils 6.8oz</p><p>$19.44 ($0.95 / Fl Oz)</p><a href="https://www.amazon.com/dp/B09F5L7756?tag=eloabder-20&linkCode=osi&th=1&psc=1">View Product</a></div><div class="product"><a href="https://www.amazon.com/dp/B08T4FLJQZ?tag=eloabder-20&linkCode=osi&th=1&psc=1"><img src="https://m.media-amazon.com/images/I/317LIpGPZiL._SL500_.jpg" alt="Product Image"></a><p>Dove Scrub Brown Sugar & Coconut Butter For Silky Smooth Skin Body Scrub Exfoliates & Restores Skin's Natural Nutrients 10.5 oz</p><p>$6.97 ($0.66 / Ounce)</p><a href="https://www.amazon.com/dp/B08T4FLJQZ?tag=eloabder-20&linkCode=osi&th=1&psc=1">View Product</a></div><div class="product"><a href="https://www.amazon.com/dp/B0CNKZW8HL?tag=eloabder-20&linkCode=osi&th=1&psc=1"><img src="https://m.media-amazon.com/images/I/61vGHE3wEWL._SL500_.jpg" alt="Product Image"></a><p>Dove Men+Care Body Wash Sandalwood + Cardamom Oil to Rebuild Skin in the Shower with Plant-Based Cleansers and Moisturizers 26 oz</p><p>$9.97 ($0.38 / Fl Oz)</p><a href="https://www.amazon.com/dp/B0CNKZW8HL?tag=eloabder-20&linkCode=osi&th=1&psc=1">View Product</a></div><div class="product"><a href="https://www.amazon.com/dp/B089NCFBQZ?tag=eloabder-20&linkCode=osi&th=1&psc=1"><img src="https://m.media-amazon.com/images/I/41WGBM4YipL._SL500_.jpg" alt="Product Image"></a><p>Vaseline Illuminate Me Shimmering Body Oil Created for Melanin Rich Skin, Illuminates Skin with Finishing Touch of Shimmer for Glowing Skin 3.3 oz</p><p>$8.75 ($2.65 / Fl Oz)</p><a href="https://www.amazon.com/dp/B089NCFBQZ?tag=eloabder-20&linkCode=osi&th=1&psc=1">View Product</a></div><div class="product"><a href="https://www.amazon.com/dp/B0CNL19TQG?tag=eloabder-20&linkCode=osi&th=1&psc=1"><img src="https://m.media-amazon.com/images/I/61kqkkFXOkL._SL500_.jpg" alt="Product Image"></a><p>Dove Men+Care Body Wash Eucalyptus + Cedar Oil to Rebuild Skin in the Shower with Plant-Based Cleansers and Moisturizers 26 oz</p><p>$9.99 ($0.38 / Fl Oz)</p><a href="https://www.amazon.com/dp/B0CNL19TQG?tag=eloabder-20&linkCode=osi&th=1&psc=1">View Product</a></div><div class="product"><a href="https://www.amazon.com/dp/B07HMDGJCJ?tag=eloabder-20&linkCode=osi&th=1&psc=1"><img src="https://m.media-amazon.com/images/I/31TuC5EJeNL._SL500_.jpg" alt="Product Image"></a><p>SOL DE JANEIRO 4 Play Moisturizing Shower Cream Gel Body Wash 90mL</p><p>$10.00 ($3.33 / Fl Oz)</p><a href="https://www.amazon.com/dp/B07HMDGJCJ?tag=eloabder-20&linkCode=osi&th=1&psc=1">View Product</a></div>
<div class="product"><a href="https://www.amazon.com/dp/B00HVI8WYU?tag=eloabder-20&linkCode=osi&th=1&psc=1"><img src="https://m.media-amazon.com/images/I/31educzzSsL._SL500_.jpg" alt="Product Image"></a><p>e.l.f. Hydrating Face Primer, Makeup Primer For Flawless, Smooth Skin & Long-Lasting Makeup, Fills In Pores & Fine Lines, Vegan & Cruelty-free, Small</p><p>$8.00</p><a href="https://www.amazon.com/dp/B00HVI8WYU?tag=eloabder-20&linkCode=osi&th=1&psc=1">View Product</a></div><div class="product"><a href="https://www.amazon.com/dp/B088W7L534?tag=eloabder-20&linkCode=osi&th=1&psc=1"><img src="https://m.media-amazon.com/images/I/31A5rZUAKyL._SL500_.jpg" alt="Product Image"></a><p>e.l.f. Monochromatic Multi Stick, Luxuriously Creamy & Blendable Color, For Eyes, Lips & Cheeks, Dazzling Peony, 0.17 oz (5 g)</p><p>$5.00</p><a href="https://www.amazon.com/dp/B088W7L534?tag=eloabder-20&linkCode=osi&th=1&psc=1">View Product</a></div><div class="product"><a href="https://www.amazon.com/dp/B0CMJZ8G6Y?tag=eloabder-20&linkCode=osi&th=1&psc=1"><img src="https://m.media-amazon.com/images/I/31KdGu0F8vL._SL500_.jpg" alt="Product Image"></a><p>e.l.f. Glow Reviver Lip Oil, Nourishing Tinted Lip Oil For A High-shine Finish, Infused With Jojoba Oil, Vegan & Cruelty-free, Rose Envy</p><p>$8.00</p><a href="https://www.amazon.com/dp/B0CMJZ8G6Y?tag=eloabder-20&linkCode=osi&th=1&psc=1">View Product</a></div><div class="product"><a href="https://www.amazon.com/dp/B08H3JPH74?tag=eloabder-20&linkCode=osi&th=1&psc=1"><img src="https://m.media-amazon.com/images/I/31hf532TEHL._SL500_.jpg" alt="Product Image"></a><p>Maybelline Lash Sensational Sky High Washable Mascara Makeup, Volumizing, Lengthening, Defining, Curling, Multiplying, Buildable Formula, Blackest Black, 1 Count</p><p>$9.98</p><a href="https://www.amazon.com/dp/B08H3JPH74?tag=eloabder-20&linkCode=osi&th=1&psc=1">View Product</a></div>
<div class="product"><a href="https://www.amazon.com/dp/B09C8VNWBP?tag=eloabder-20&linkCode=osi&th=1&psc=1"><img src="https://m.media-amazon.com/images/I/31ObnTRpJ5L._SL500_.jpg" alt="Product Image"></a><p>Lattafa Yara for Women Eau de Parfum Spray, 3.40 Ounce / 100 ml</p><p>$22.77 ($6.70 / Fl Oz)</p><a href="https://www.amazon.com/dp/B09C8VNWBP?tag=eloabder-20&linkCode=osi&th=1&psc=1">View Product</a></div><div class="product"><a href="https://www.amazon.com/dp/B000E7WHCI?tag=eloabder-20&linkCode=osi&th=1&psc=1"><img src="https://m.media-amazon.com/images/I/31V1XkKkWXL._SL500_.jpg" alt="Product Image"></a><p>Vera Wang Eau de Parfum for Women - Delicate, Floral Scent - Notes of Iris, Lillies, & Sandalwood - Feminine & Subtle - 3.4 Fl Oz</p><p>$26.47 ($7.79 / Fl Oz)</p><a href="https://www.amazon.com/dp/B000E7WHCI?tag=eloabder-20&linkCode=osi&th=1&psc=1">View Product</a></div><div class="product"><a href="https://www.amazon.com/dp/B0B1HB719V?tag=eloabder-20&linkCode=osi&th=1&psc=1"><img src="https://m.media-amazon.com/images/I/31R9CfuokSL._SL500_.jpg" alt="Product Image"></a><p>Sol de Janeiro Cheirosa '68 Hair & Body Fragrance Mist 90mL/3.0 fl oz.</p><p>$24.00 ($8.00 / Fl Oz)</p><a href="https://www.amazon.com/dp/B0B1HB719V?tag=eloabder-20&linkCode=osi&th=1&psc=1">View Product</a></div><div class="product"><a href="https://www.amazon.com/dp/B01KYRUBT8?tag=eloabder-20&linkCode=osi&th=1&psc=1"><img src="https://m.media-amazon.com/images/I/41BYbHm20iL._SL500_.jpg" alt="Product Image"></a><p>Al-Rehab Choco Musk Eau de Parfum Spray for Women, 1.7 Ounce</p><p>$7.80 ($4.59 / Fl Oz)</p><a href="https://www.amazon.com/dp/B01KYRUBT8?tag=eloabder-20&linkCode=osi&th=1&psc=1">View Product</a></div><div class="product"><a href="https://www.amazon.com/dp/B07NJJZK3W?tag=eloabder-20&linkCode=osi&th=1&psc=1"><img src="https://m.media-amazon.com/images/I/41YNfQAjjLL._SL500_.jpg" alt="Product Image"></a><p>Swiss Arabian Layali Rouge - Luxury Products From Dubai - Lasting And Addictive Personal Perfume Oil Fragrance - A Seductive, Signature Aroma - The Luxurious Scent Of Arabia - 0.5 Oz</p><p>$23.48 ($46.96 / Fl Oz)</p><a href="https://www.amazon.com/dp/B07NJJZK3W?tag=eloabder-20&linkCode=osi&th=1&psc=1">View Product</a></div><div class="product"><a href="https://www.amazon.com/dp/B000JL7WQK?tag=eloabder-20&linkCode=osi&th=1&psc=1"><img src="https://m.media-amazon.com/images/I/41WJsYdkRbL._SL500_.jpg" alt="Product Image"></a><p>Vera Wang Princess Eau de Toilette Spray for Women, Vanilla, 3.4 Fl Ounce</p><p>$25.49 ($7.50 / Fl Oz)</p><a href="https://www.amazon.com/dp/B000JL7WQK?tag=eloabder-20&linkCode=osi&th=1&psc=1">View Product</a></div><div class="product"><a href="https://www.amazon.com/dp/B000C1Z5AW?tag=eloabder-20&linkCode=osi&th=1&psc=1"><img src="https://m.media-amazon.com/images/I/31pCnWTh3yL._SL500_.jpg" alt="Product Image"></a><p>Pleasures By Estee Lauder For Women. Eau De Parfum Spray 3.4 Ounces</p><p>$35.00 ($10.29 / Fl Oz)</p><a href="https://www.amazon.com/dp/B000C1Z5AW?tag=eloabder-20&linkCode=osi&th=1&psc=1">View Product</a></div><div class="product"><a href="https://www.amazon.com/dp/B000P22TIY?tag=eloabder-20&linkCode=osi&th=1&psc=1"><img src="https://m.media-amazon.com/images/I/31h9AoIGn3L._SL500_.jpg" alt="Product Image"></a><p>Nautica Voyage Eau De Toilette for Men - Fresh, Romantic, Fruity Scent Woody, Aquatic Notes of Apple, Water Lotus, Cedarwood, and Musk Ideal Day Wear 3.3 Fl Oz</p><p>$18.90 ($5.73 / Fl Oz)</p><a href="https://www.amazon.com/dp/B000P22TIY?tag=eloabder-20&linkCode=osi&th=1&psc=1">View Product</a></div><div class="product"><a href="https://www.amazon.com/dp/B00GZP041Y?tag=eloabder-20&linkCode=osi&th=1&psc=1"><img src="https://m.media-amazon.com/images/I/41-2Bb4gj+L._SL500_.jpg" alt="Product Image"></a><p>Versace Bright Crystal Absolu Eau de Perfume Spray, 3.0 Ounce</p><p>$52.67 ($17.56 / Fl Oz)</p><a href="https://www.amazon.com/dp/B00GZP041Y?tag=eloabder-20&linkCode=osi&th=1&psc=1">View Product</a></div>





<div class="product"><a href="https://www.amazon.com/dp/B0B2RM68G2?tag=eloabder-20&linkCode=osi&th=1&psc=1"><img src="https://m.media-amazon.com/images/I/41VafG53fjL._SL500_.jpg" alt="Product Image"></a><p>BIODANCE Bio-Collagen Real Deep Mask, Hydrating Overnight Hydrogel Mask, Pore Minimizing, Elasticity Improvement, 34g x4ea</p><p>$19.00 ($4.75 / Count)</p><a href="https://www.amazon.com/dp/B0B2RM68G2?tag=eloabder-20&linkCode=osi&th=1&psc=1">View Product</a></div><div class="product"><a href="https://www.amazon.com/dp/B00BAM7F8C?tag=eloabder-20&linkCode=osi&th=1&psc=1"><img src="https://m.media-amazon.com/images/I/51jsS9SDHeL._SL500_.jpg" alt="Product Image"></a><p>DERMAL 16 Combo Pack A Collagen Essencce Korean Face Mask - Hydrating & Soothing Facial Mask with Panthenol - Hypoallergenic Self Care Sheet Mask for All Skin Types - Natural Home Spa Treatment Masks</p><p>$11.99</p><a href="https://www.amazon.com/dp/B00BAM7F8C?tag=eloabder-20&linkCode=osi&th=1&psc=1">View Product</a></div><div class="product"><a href="https://www.amazon.com/dp/B07FPJHPX1?tag=eloabder-20&linkCode=osi&th=1&psc=1"><img src="https://m.media-amazon.com/images/I/51uNOnTpxTL._SL500_.jpg" alt="Product Image"></a><p>Celavi Essence Facial Sheet Face Mask Variety Set Classic Authentic Korean Moisturizing Skincare (12-Packs)</p><p>$9.40 ($0.78 / Count)</p><a href="https://www.amazon.com/dp/B07FPJHPX1?tag=eloabder-20&linkCode=osi&th=1&psc=1">View Product</a></div><div class="product"><a href="https://www.amazon.com/dp/B0722LVW3B?tag=eloabder-20&linkCode=osi&th=1&psc=1"><img src="https://m.media-amazon.com/images/I/51Vm0lozSIL._SL500_.jpg" alt="Product Image"></a><p>DERMAL 24 Combo Pack A Collagen Essence Korean Face Mask - Hydrating & Soothing Facial Mask with Panthenol - Hypoallergenic Self Care Sheet Mask for All Skin Types - Natural Home Spa Treatment Mask</p><p>$16.99 ($0.71 / Count)</p><a href="https://www.amazon.com/dp/B0722LVW3B?tag=eloabder-20&linkCode=osi&th=1&psc=1">View Product</a></div><div class="product"><a href="https://www.amazon.com/dp/B0D7LXSSS5?tag=eloabder-20&linkCode=osi&th=1&psc=1"><img src="https://m.media-amazon.com/images/I/41N5HKnGTtL._SL500_.jpg" alt="Product Image"></a><p>SOYUB Collagen Face Mask - Hydrating Overnight Collagen Face Mask Deep Collagen Anti Wrinkle Lifting Mask - Pure Collagen Films for Improve Elasticity Firming And Moisturizing (4pcs/1 Box)</p><p>$13.79 ($3.45 / Count)</p><a href="https://www.amazon.com/dp/B0D7LXSSS5?tag=eloabder-20&linkCode=osi&th=1&psc=1">View Product</a></div><div class="product"><a href="https://www.amazon.com/dp/B007CY2C76?tag=eloabder-20&linkCode=osi&th=1&psc=1"><img src="https://m.media-amazon.com/images/I/31-131ZWvEL._SL500_.jpg" alt="Product Image"></a><p>Freeman Dead Sea Minerals Anti-Stress Clay Facial Mask, Hydrating & Clarifying, Clears Pores, Face Mask With Lavender & Bergamot For Radiant Skin, For All Skin Types, 6 fl. oz./175 mL Tube, 1 Count</p><p>$3.86 ($0.64 / Ounce)</p><a href="https://www.amazon.com/dp/B007CY2C76?tag=eloabder-20&linkCode=osi&th=1&psc=1">View Product</a></div>



<div class="product"><a href="https://www.amazon.com/dp/B0CZXG68J4?tag=eloabder-20&linkCode=osi&th=1&psc=1"><img src="https://m.media-amazon.com/images/I/41Xkis0092L._SL500_.jpg" alt="Product Image"></a><p>CNP Honey Lip Butter (0.5 fl.oz / 15ml) - Propolis Lipcerin™, Hydrating Overnight Manuka Lip Balm & Mask, 12hrs Long-lasting Moisture, Gentle Exfoliation, Hygienic Twist Dispenser, Korean Skin Care</p><p>$17.80 ($35.60 / Fl Oz)</p><a href="https://www.amazon.com/dp/B0CZXG68J4?tag=eloabder-20&linkCode=osi&th=1&psc=1">View Product</a></div><div class="product"><a href="https://www.amazon.com/dp/B08GJH4RZV?tag=eloabder-20&linkCode=osi&th=1&psc=1"><img src="https://m.media-amazon.com/images/I/41PXqEpAI1L._SL500_.jpg" alt="Product Image"></a><p>2PCS Lip Mask Overnight, Honey&Sakura Day and Night Repair Sleeping Lip Balm, Fade Lip Lines Bee Balm, Hydrating &Prevention Dry and Crack Lip Scrubs Exfoliator</p><p>$6.49</p><a href="https://www.amazon.com/dp/B08GJH4RZV?tag=eloabder-20&linkCode=osi&th=1&psc=1">View Product</a></div><div class="product"><a href="https://www.amazon.com/dp/B07XXPHQZK?tag=eloabder-20&linkCode=osi&th=1&psc=1"><img src="https://m.media-amazon.com/images/I/31mJBoxFgQL._SL500_.jpg" alt="Product Image"></a><p>LANEIGE Lip Sleeping Mask Berry: Nourish, Hydrate, Vitamin C, Murumuru & Shea Butter, Antioxidants, Flaky, Dry Lips</p><p>$24.00 ($34.29 / Ounce)</p><a href="https://www.amazon.com/dp/B07XXPHQZK?tag=eloabder-20&linkCode=osi&th=1&psc=1">View Product</a></div><div class="product"><a href="https://www.amazon.com/dp/B07Y91BMSK?tag=eloabder-20&linkCode=osi&th=1&psc=1"><img src="https://m.media-amazon.com/images/I/51P5ul4ewsL._SL500_.jpg" alt="Product Image"></a><p>NIVEA Lip Care, Fruity Tinted Lip Balm Variety Pack, Includes Cherry, Strawberry, Blackberry and Watermelon Scents, 0.17 Oz, Pack of 4</p><p>$9.69</p><a href="https://www.amazon.com/dp/B07Y91BMSK?tag=eloabder-20&linkCode=osi&th=1&psc=1">View Product</a></div><div class="product"><a href="https://www.amazon.com/dp/B082JJ4D98?tag=eloabder-20&linkCode=osi&th=1&psc=1"><img src="https://m.media-amazon.com/images/I/41zIrQdHI5L._SL500_.jpg" alt="Product Image"></a><p>NIVEA Smoothness Lip Care, Lip Balm SPF 15, Mineral Oil Free Lip Moisturizer with Shea Butter, Jojoba Oil and Avocado Oil, 0.17 Oz, Pack of 4</p><p>$8.40</p><a href="https://www.amazon.com/dp/B082JJ4D98?tag=eloabder-20&linkCode=osi&th=1&psc=1">View Product</a></div><div class="product"><a href="https://www.amazon.com/dp/B07MBHRYTJ?tag=eloabder-20&linkCode=osi&th=1&psc=1"><img src="https://m.media-amazon.com/images/I/410u8zP2pDL._SL500_.jpg" alt="Product Image"></a><p>Palmer's Coconut Oil Formula Lip Balm Duo, All-Day Moisturization, Lip Balm Easter Basket Stuffers, Hydrates Dry, Cracked Lips (Pack of 2)</p><p>$3.10 ($1.94 / Ounce)</p><a href="https://www.amazon.com/dp/B07MBHRYTJ?tag=eloabder-20&linkCode=osi&th=1&psc=1">View Product</a></div><div class="product"><a href="https://www.amazon.com/dp/B07YG8YVQW?tag=eloabder-20&linkCode=osi&th=1&psc=1"><img src="https://m.media-amazon.com/images/I/41tKxZOfwPL._SL500_.jpg" alt="Product Image"></a><p>NIVEA Moisture Lip Care, Lip Balm Stick with Shea Butter, Jojoba Oil and Avocado Oil, 0.17 Oz, Pack of 4</p><p>$9.98</p><a href="https://www.amazon.com/dp/B07YG8YVQW?tag=eloabder-20&linkCode=osi&th=1&psc=1">View Product</a></div><div class="product"><a href="https://www.amazon.com/dp/B08C8WMPMR?tag=eloabder-20&linkCode=osi&th=1&psc=1"><img src="https://m.media-amazon.com/images/I/410NuIkftlL._SL500_.jpg" alt="Product Image"></a><p>eos Medicated Lip Balm - The Fixer | Lip Care to Repair and Protect Chapped and Dry Lips | Instant Cooling and Pain Relief with Natural Ingredients | 0.35 oz</p><p>$3.97 ($11.34 / Fl Oz)</p><a href="https://www.amazon.com/dp/B08C8WMPMR?tag=eloabder-20&linkCode=osi&th=1&psc=1">View Product</a></div>




<div class="product"><a href="https://www.amazon.com/dp/B002CMLS50?tag=eloabder-20&linkCode=osi&th=1&psc=1"><img src="https://m.media-amazon.com/images/I/314ruNgESmL._SL500_.jpg" alt="Product Image"></a><p>Moroccanoil Hydrating Styling Cream, 10.2 Fl. Oz.</p><p>$36.00 ($3.53 / Fl Oz)</p><a href="https://www.amazon.com/dp/B002CMLS50?tag=eloabder-20&linkCode=osi&th=1&psc=1">View Product</a></div><div class="product"><a href="https://www.amazon.com/dp/B0050N4DLE?tag=eloabder-20&linkCode=osi&th=1&psc=1"><img src="https://m.media-amazon.com/images/I/31-lmMmL35L._SL500_.jpg" alt="Product Image"></a><p>Garnier Fructis Style Pure Clean Styling Gel 6.8 Fl Oz, 1 Count, (Packaging May Vary)</p><p>$4.49 ($0.66 / Fl Oz)</p><a href="https://www.amazon.com/dp/B0050N4DLE?tag=eloabder-20&linkCode=osi&th=1&psc=1">View Product</a></div><div class="product"><a href="https://www.amazon.com/dp/B07KB39L6L?tag=eloabder-20&linkCode=osi&th=1&psc=1"><img src="https://m.media-amazon.com/images/I/51U76BCUc5L._SL500_.jpg" alt="Product Image"></a><p>Hair Dough Styling Clay For Men, Matte Finish Molding Hair Wax Paste Quiff, Strong Hold Without The Shine</p><p>$18.99 ($5.43 / Ounce)</p><a href="https://www.amazon.com/dp/B07KB39L6L?tag=eloabder-20&linkCode=osi&th=1&psc=1">View Product</a></div><div class="product"><a href="https://www.amazon.com/dp/B0914XZT2W?tag=eloabder-20&linkCode=osi&th=1&psc=1"><img src="https://m.media-amazon.com/images/I/417h8kM6cCL._SL500_.jpg" alt="Product Image"></a><p>Samnyte Hair Wax Stick, Wax Stick for Hair Slick Stick, Hair Wax Stick for Women Kids, Hair Gel Stick for Girls Hair Accessories for Women Fly away Hair Tamer, Hair Bun Maker for Kids Styling Cream</p><p>$7.99 ($2.96 / Fl Oz)</p><a href="https://www.amazon.com/dp/B0914XZT2W?tag=eloabder-20&linkCode=osi&th=1&psc=1">View Product</a></div>



<div class="product"><a href="https://www.amazon.com/dp/B00A8S6HM4?tag=eloabder-20&linkCode=osi&th=1&psc=1"><img src="https://m.media-amazon.com/images/I/31tIssP5CQL._SL500_.jpg" alt="Product Image"></a><p>Gold Bond Healing Hand Cream, 3 oz., With Aloe, Moisture That Lasts Through Handwashing</p><p>$3.97 ($1.32 / Ounce)</p><a href="https://www.amazon.com/dp/B00A8S6HM4?tag=eloabder-20&linkCode=osi&th=1&psc=1">View Product</a></div><div class="product"><a href="https://www.amazon.com/dp/B006UEOQ5K?tag=eloabder-20&linkCode=osi&th=1&psc=1"><img src="https://m.media-amazon.com/images/I/316StCvRHcL._SL500_.jpg" alt="Product Image"></a><p>L’Occitane Shea Butter Hand Cream 5.1 Oz: Nourishes Very Dry Hands, Protects Skin, With 20% Organic Shea Butter, Vegan, 1 Sold Every 3 Seconds*</p><p>$27.00</p><a href="https://www.amazon.com/dp/B006UEOQ5K?tag=eloabder-20&linkCode=osi&th=1&psc=1">View Product</a></div><div class="product"><a href="https://www.amazon.com/dp/B00EYOSA9G?tag=eloabder-20&linkCode=osi&th=1&psc=1"><img src="https://m.media-amazon.com/images/I/41bhc+gcG0L._SL500_.jpg" alt="Product Image"></a><p>La Roche-Posay Cicaplast Hand Cream, Instant Relief Moisturizing Dry Hands Shea Butter Lotion for Dry Cracked Hands, Non Greasy, Fragrance Free, 1.69 Fl Oz (Pack of 1)</p><p>$11.99 ($7.05 / Fl Oz)</p><a href="https://www.amazon.com/dp/B00EYOSA9G?tag=eloabder-20&linkCode=osi&th=1&psc=1">View Product</a></div><div class="product"><a href="https://www.amazon.com/dp/B00BN2UF54?tag=eloabder-20&linkCode=osi&th=1&psc=1"><img src="https://m.media-amazon.com/images/I/41JdUlyNn5L._SL500_.jpg" alt="Product Image"></a><p>CeraVe Therapeutic Hand Cream for Dry Cracked Hands With Hyaluronic Acid and Niacinamide | Fragrance Free 3 Ounce</p><p>$10.47 ($3.49 / Ounce)</p><a href="https://www.amazon.com/dp/B00BN2UF54?tag=eloabder-20&linkCode=osi&th=1&psc=1">View Product</a></div><div class="product"><a href="https://www.amazon.com/dp/B09QP658PT?tag=eloabder-20&linkCode=osi&th=1&psc=1"><img src="https://m.media-amazon.com/images/I/31W-klVFPhL._SL500_.jpg" alt="Product Image"></a><p>eos Shea Better Hand Cream - Vanilla Cashmere | Instant Hydration + Lasting Protection | 2.5 oz</p><p>$3.97 ($1.59 / Fl Oz)</p><a href="https://www.amazon.com/dp/B09QP658PT?tag=eloabder-20&linkCode=osi&th=1&psc=1">View Product</a></div><div class="product"><a href="https://www.amazon.com/dp/B00121UVU0?tag=eloabder-20&linkCode=osi&th=1&psc=1"><img src="https://m.media-amazon.com/images/I/41eeed+P5BL._SL500_.jpg" alt="Product Image"></a><p>O'Keeffe's Working Hands Hand Cream for Extremely Dry, Cracked Hands, 3.4 Ounce Jar, (Pack 1)</p><p>$8.48 ($2.49 / Ounce)</p><a href="https://www.amazon.com/dp/B00121UVU0?tag=eloabder-20&linkCode=osi&th=1&psc=1">View Product</a></div><div class="product"><a href="https://www.amazon.com/dp/B0148PKYXU?tag=eloabder-20&linkCode=osi&th=1&psc=1"><img src="https://m.media-amazon.com/images/I/41cwut0DGKL._SL500_.jpg" alt="Product Image"></a><p>O'Keeffe's Working Hands Hand Cream, Relieves and Repairs Extremely Dry Hands, 3 oz Tube, (Pack of 2)</p><p>$15.17 ($2.53 / Ounce)</p><a href="https://www.amazon.com/dp/B0148PKYXU?tag=eloabder-20&linkCode=osi&th=1&psc=1">View Product</a></div><div class="product"><a href="https://www.amazon.com/dp/B08Q1B7DVZ?tag=eloabder-20&linkCode=osi&th=1&psc=1"><img src="https://m.media-amazon.com/images/I/41KbVXj2k4L._SL500_.jpg" alt="Product Image"></a><p>Neutrogena Norwegian Formula Moisturizing Hand Cream Formulated with Glycerin for Dry, Rough Hands, Fragrance-Free Intensive Hand Lotion, 2 oz, Pack of 6</p><p>$32.94 ($2.74 / Ounce)</p><a href="https://www.amazon.com/dp/B08Q1B7DVZ?tag=eloabder-20&linkCode=osi&th=1&psc=1">View Product</a></div><div class="product"><a href="https://www.amazon.com/dp/B017WJ9HHS?tag=eloabder-20&linkCode=osi&th=1&psc=1"><img src="https://m.media-amazon.com/images/I/41m9V-aLjwL._SL500_.jpg" alt="Product Image"></a><p>Vaseline Intensive Care Healthy Hands + Stronger Nails Hand Cream 75Ml - Pack of 2</p><p>$6.00 ($1.20 / Fl Oz)</p><a href="https://www.amazon.com/dp/B017WJ9HHS?tag=eloabder-20&linkCode=osi&th=1&psc=1">View Product</a></div><div class="product"><a href="https://www.amazon.com/dp/B002PK0ROM?tag=eloabder-20&linkCode=osi&th=1&psc=1"><img src="https://m.media-amazon.com/images/I/51ACxQvzcbL._SL500_.jpg" alt="Product Image"></a><p>Burt's Bees Almond & Milk Hand Cream, 2 Oz (Package May Vary)</p><p>$8.84 ($4.42 / Ounce)</p><a href="https://www.amazon.com/dp/B002PK0ROM?tag=eloabder-20&linkCode=osi&th=1&psc=1">View Product</a></div>
<div class="product"><a href="https://www.amazon.com/dp/B08YZ7B2QC?tag=eloabder-20&linkCode=osi&th=1&psc=1"><img src="https://m.media-amazon.com/images/I/51oKaSNnAqL._SL500_.jpg" alt="Product Image"></a><p>Dr. Scholl's Dry, Cracked Skin, Ultra Hydrating Foot Mask, 3 Pairs Moisturizing Socks: Intensely Moisturizes Repairs and Softens Rough Dry Skin with Urea & Essential Oils for Dry Cracked Feet</p><p>$8.97 ($2.99 / Count)</p><a href="https://www.amazon.com/dp/B08YZ7B2QC?tag=eloabder-20&linkCode=osi&th=1&psc=1">View Product</a></div><div class="product"><a href="https://www.amazon.com/dp/B08YZBKZPB?tag=eloabder-20&linkCode=osi&th=1&psc=1"><img src="https://m.media-amazon.com/images/I/41ktbxpRfPL._SL500_.jpg" alt="Product Image"></a><p>Dr. Scholl's Dry, Cracked Foot Repair Ultra-Hydrating Foot Cream Moisturizer, 3.5 oz, Skin Care Foot Lotion with 25% Urea for Dry Cracked Feet, Heals and Moisturizes for Healthy Feet</p><p>$5.89 ($1.68 / Ounce)</p><a href="https://www.amazon.com/dp/B08YZBKZPB?tag=eloabder-20&linkCode=osi&th=1&psc=1">View Product</a></div><div class="product"><a href="https://www.amazon.com/dp/B0081C2I22?tag=eloabder-20&linkCode=osi&th=1&psc=1"><img src="https://m.media-amazon.com/images/I/41f3N9+RSFL._SL500_.jpg" alt="Product Image"></a><p>Palmer's Cocoa Butter Formula Foot Magic Moisturizing Foot Cream for Dry, Cracked Heels, Feet Moisturizer with Peppermint Oil & Vitamin E, 2.1 Ounces</p><p>$4.22 ($2.01 / Ounce)</p><a href="https://www.amazon.com/dp/B0081C2I22?tag=eloabder-20&linkCode=osi&th=1&psc=1">View Product</a></div><div class="product"><a href="https://www.amazon.com/dp/B0859JFWDT?tag=eloabder-20&linkCode=osi&th=1&psc=1"><img src="https://m.media-amazon.com/images/I/51JZjw73KSL._SL500_.jpg" alt="Product Image"></a><p>New York Biology Tea Tree Oil Foot Cream for Dry Cracked Feet, Athletes Foot, Nail Fungus, Jock Itch, Ringworm, Cracked Heels and Itchy Skin - Foot Cream - 8 oz</p><p>$9.99 ($1.25 / Ounce)</p><a href="https://www.amazon.com/dp/B0859JFWDT?tag=eloabder-20&linkCode=osi&th=1&psc=1">View Product</a></div><div class="product"><a href="https://www.amazon.com/dp/B0829DGWD5?tag=eloabder-20&linkCode=osi&th=1&psc=1"><img src="https://m.media-amazon.com/images/I/51T+i65E1rL._SL500_.jpg" alt="Product Image"></a><p>Tea Tree Oil Foot Soak with Epsom Salt - For Toenail Repair, Athletes Foot, Softens Calluses, Soothes Sore & Tired Feet, Nail Discoloration, odor Scent, Spa Pedicure Care - Made in USA 16 oz</p><p>$15.97 ($1.00 / Ounce)</p><a href="https://www.amazon.com/dp/B0829DGWD5?tag=eloabder-20&linkCode=osi&th=1&psc=1">View Product</a></div><div class="product"><a href="https://www.amazon.com/dp/B0B5FFBZ73?tag=eloabder-20&linkCode=osi&th=1&psc=1"><img src="https://m.media-amazon.com/images/I/41sofSvikeL._SL500_.jpg" alt="Product Image"></a><p>Aquaphor Repairing Foot Masks, Moisturizing Socks for Dry Feet, Hydrating Foot Care Treatment with Avocado Oil and Shea Butter, Pack of 6</p><p>$29.94 ($4.99 / Count)</p><a href="https://www.amazon.com/dp/B0B5FFBZ73?tag=eloabder-20&linkCode=osi&th=1&psc=1">View Product</a></div><div class="product"><a href="https://www.amazon.com/dp/B00VPVEVSK?tag=eloabder-20&linkCode=osi&th=1&psc=1"><img src="https://m.media-amazon.com/images/I/51WbGRy3xOL._SL500_.jpg" alt="Product Image"></a><p>Colossal Foot rasp Foot File and Callus Remover. Best Foot Care Pedicure Metal Surface Tool to Remove Hard Skin. Can be Used on Both Wet and Dry feet, High Grade Stainless Steel File</p><p>$9.99 ($9.99 / Count)</p><a href="https://www.amazon.com/dp/B00VPVEVSK?tag=eloabder-20&linkCode=osi&th=1&psc=1">View Product</a></div>

<div class="product"><a href="https://www.amazon.com/dp/B0D3JDYWZ6?tag=eloabder-20&linkCode=osi&th=1&psc=1"><img src="https://m.media-amazon.com/images/I/41c+v1LLXzL._SL500_.jpg" alt="Product Image"></a><p>e.l.f. Soft Glam Foundation, Medium Coverage, Long-Lasting & Buildable Foundation For A Smooth, Satin Finish, Vegan & Cruelty-Free, 31 Medium Neutral</p><p>$7.99</p><a href="https://www.amazon.com/dp/B0D3JDYWZ6?tag=eloabder-20&linkCode=osi&th=1&psc=1">View Product</a></div><div class="product"><a href="https://www.amazon.com/dp/B07DFK238H?tag=eloabder-20&linkCode=osi&th=1&psc=1"><img src="https://m.media-amazon.com/images/I/31mAhNJ+4hL._SL500_.jpg" alt="Product Image"></a><p>e.l.f. Flawless Finish Foundation, Lightweight & Medium Coverage, Semi-Matte Finish, Light Ivory, 0.68 Fl Oz (20mL)</p><p>$6.00</p><a href="https://www.amazon.com/dp/B07DFK238H?tag=eloabder-20&linkCode=osi&th=1&psc=1">View Product</a></div><div class="product"><a href="https://www.amazon.com/dp/B0BCH5WVW6?tag=eloabder-20&linkCode=osi&th=1&psc=1"><img src="https://m.media-amazon.com/images/I/31wajekqpGL._SL500_.jpg" alt="Product Image"></a><p>L'Oreal Paris True Match Super-Blendable Foundation, Medium Coverage Liquid Foundation Makeup, N4, Light Medium, 1 Fl Oz</p><p>$9.97</p><a href="https://www.amazon.com/dp/B0BCH5WVW6?tag=eloabder-20&linkCode=osi&th=1&psc=1">View Product</a></div><div class="product"><a href="https://www.amazon.com/dp/B01CC0GUD6?tag=eloabder-20&linkCode=osi&th=1&psc=1"><img src="https://m.media-amazon.com/images/I/310NgUccokL._SL500_.jpg" alt="Product Image"></a><p>Milani Conceal + Perfect Liquid Foundation - Light Beige, 1 Fl. Oz. Cruelty-Free, Water-Resistant, Oil-Free, Medium-To-Full Coverage, Satin Matte Finish</p><p>$10.97</p><a href="https://www.amazon.com/dp/B01CC0GUD6?tag=eloabder-20&linkCode=osi&th=1&psc=1">View Product</a></div><div class="product"><a href="https://www.amazon.com/dp/B091D8BXSQ?tag=eloabder-20&linkCode=osi&th=1&psc=1"><img src="https://m.media-amazon.com/images/I/31ktknDTqTL._SL500_.jpg" alt="Product Image"></a><p>L'Oreal Paris True Match Nude Hyaluronic Tinted Serum Foundation with 1% Hyaluronic acid, Light 2-3, 1 fl. oz.</p><p>$15.18</p><a href="https://www.amazon.com/dp/B091D8BXSQ?tag=eloabder-20&linkCode=osi&th=1&psc=1">View Product</a></div>




<div class="product"><a href="https://www.amazon.com/dp/B08GSTPT8Y?tag=eloabder-20&linkCode=osi&th=1&psc=1"><img src="https://m.media-amazon.com/images/I/41sX+hKcbML._SL500_.jpg" alt="Product Image"></a><p>AOA Studio Collection makeup Sponge Set Latex Free and High-definition Set of 6 makeup Wonder blender For Powder Cream and Liquid, Super Soft Wonder Beauty Cosmetic</p><p>$9.95 ($1.66 / Count)</p><a href="https://www.amazon.com/dp/B08GSTPT8Y?tag=eloabder-20&linkCode=osi&th=1&psc=1">View Product</a></div><div class="product"><a href="https://www.amazon.com/dp/B0CJFFR574?tag=eloabder-20&linkCode=osi&th=1&psc=1"><img src="https://m.media-amazon.com/images/I/41nkQ05yLcL._SL500_.jpg" alt="Product Image"></a><p>SUNGBOON EDITOR Deep Collagen Overnight Mask 37gx4ea | The real collagen 2,160,000ppb | Facial Hydrogel Masks with low molecular weight collagen for elasticity, firming, and moisturizing</p><p>$19.00 ($4.75 / Count)</p><a href="https://www.amazon.com/dp/B0CJFFR574?tag=eloabder-20&linkCode=osi&th=1&psc=1">View Product</a></div><div class="product"><a href="https://www.amazon.com/dp/B0B45LL4DD?tag=eloabder-20&linkCode=osi&th=1&psc=1"><img src="https://m.media-amazon.com/images/I/31ZNIWikbtL._SL500_.jpg" alt="Product Image"></a><p>Beauty of Joseon Revive Eye Serum with Retinal Niacinamide Correction for Puffy Eye Bags Fine Lines Dark Circles Wrinkles, Korean Skin Care 30ml, 1 fl.oz</p><p>$14.50 ($14.50 / Fl Oz)</p><a href="https://www.amazon.com/dp/B0B45LL4DD?tag=eloabder-20&linkCode=osi&th=1&psc=1">View Product</a></div><div class="product"><a href="https://www.amazon.com/dp/B0C4H1GPG1?tag=eloabder-20&linkCode=osi&th=1&psc=1"><img src="https://m.media-amazon.com/images/I/41jyzyKyY2L._SL500_.jpg" alt="Product Image"></a><p>BEAKEY Latex Free Blender Makeup Sponge for Blending, Pink Makeup Sponge Set, Soft Beauty Sponge, for Flawless Application of Liquid, Cream, and Powder Cosmetics, Pink Makeup Gifts</p><p>$6.99 ($1.40 / Count)</p><a href="https://www.amazon.com/dp/B0C4H1GPG1?tag=eloabder-20&linkCode=osi&th=1&psc=1">View Product</a></div><div class="product"><a href="https://www.amazon.com/dp/B00QPNVC0I?tag=eloabder-20&linkCode=osi&th=1&psc=1"><img src="https://m.media-amazon.com/images/I/31wV3gYUEpL._SL500_.jpg" alt="Product Image"></a><p>Real Techniques Miracle Complexion Sponge Set Duo, 2 Makeup Sponges For Liquid & Cream Makeup, Makeup Blender Sponge For Buildable Coverage, Foundation Sponge For Natural, Dewy Base, Latex-Free Foam</p><p>$7.69 ($3.84 / Count)</p><a href="https://www.amazon.com/dp/B00QPNVC0I?tag=eloabder-20&linkCode=osi&th=1&psc=1">View Product</a></div><div class="product"><a href="https://www.amazon.com/dp/B0CZYJYX4Q?tag=eloabder-20&linkCode=osi&th=1&psc=1"><img src="https://m.media-amazon.com/images/I/31hNatkE-9L._SL500_.jpg" alt="Product Image"></a><p>LANEIGE Lip Glowy Balm Mango: Hydrate, Glossy, Lightweight, Moisturize & Tint with Shea Butter</p><p>$19.00 ($54.29 / Ounce)</p><a href="https://www.amazon.com/dp/B0CZYJYX4Q?tag=eloabder-20&linkCode=osi&th=1&psc=1">View Product</a></div><div class="product"><a href="https://www.amazon.com/dp/B0CXQR14J3?tag=eloabder-20&linkCode=osi&th=1&psc=1"><img src="https://m.media-amazon.com/images/I/31RRaB6c+JL._SL500_.jpg" alt="Product Image"></a><p>e.l.f. Power Grip Dewy Setting Spray, Ultra Fine Mist Made With Hyaluronic Acid, Grips Makeup For A Hydrated, Dewy Finish, Vegan & Cruelty-Free</p><p>$10.00 ($3.70 / Fl Oz)</p><a href="https://www.amazon.com/dp/B0CXQR14J3?tag=eloabder-20&linkCode=osi&th=1&psc=1">View Product</a></div>
<div class="product"><a href="https://www.amazon.com/dp/B0057X7S7I?tag=eloabder-20&linkCode=osi&th=1&psc=1"><img src="https://m.media-amazon.com/images/I/31EGxy1hPjL._SL500_.jpg" alt="Product Image"></a><p>Rimmel Stay Glossy Lip Gloss - Non-Sticky and Lightweight Formula for Lip Color and Shine - 120 Non-Stop Glamour, .18oz</p><p>$3.97</p><a href="https://www.amazon.com/dp/B0057X7S7I?tag=eloabder-20&linkCode=osi&th=1&psc=1">View Product</a></div><div class="product"><a href="https://www.amazon.com/dp/B07MWTH3BY?tag=eloabder-20&linkCode=osi&th=1&psc=1"><img src="https://m.media-amazon.com/images/I/31xb-X48IBL._SL500_.jpg" alt="Product Image"></a><p>e.l.f. Monochromatic Multi Stick, Luxuriously Creamy & Blendable Color, For Eyes, Lips & Cheeks, Glistening Peach, 0.17 oz (5g)</p><p>$5.00</p><a href="https://www.amazon.com/dp/B07MWTH3BY?tag=eloabder-20&linkCode=osi&th=1&psc=1">View Product</a></div><div class="product"><a href="https://www.amazon.com/dp/B0CPFXMMBH?tag=eloabder-20&linkCode=osi&th=1&psc=1"><img src="https://m.media-amazon.com/images/I/21poCyHDdxL._SL500_.jpg" alt="Product Image"></a><p>e.l.f. Instant Lift Waterproof Brow Pencil, Long-Lasting Eyebrow Pencil For Grooming & Shaping Eyebrows, Vegan & Cruelty-free, Taupe</p><p>$3.00</p><a href="https://www.amazon.com/dp/B0CPFXMMBH?tag=eloabder-20&linkCode=osi&th=1&psc=1">View Product</a></div><div class="product"><a href="https://www.amazon.com/dp/B082YQ4QWW?tag=eloabder-20&linkCode=osi&th=1&psc=1"><img src="https://m.media-amazon.com/images/I/31S+aqgvx6L._SL500_.jpg" alt="Product Image"></a><p>wet n wild Mega Last High-Shine Lipstick Lip Color, Infused with Seed Oils For a Nourishing High-Shine, Buildable & Blendable Creamy Color, Cruelty-Free & Vegan - Pinky Ring</p><p>$2.28</p><a href="https://www.amazon.com/dp/B082YQ4QWW?tag=eloabder-20&linkCode=osi&th=1&psc=1">View Product</a></div><div class="product"><a href="https://www.amazon.com/dp/B0BDD7D34M?tag=eloabder-20&linkCode=osi&th=1&psc=1"><img src="https://m.media-amazon.com/images/I/51O5AVRXcUL._SL500_.jpg" alt="Product Image"></a><p>Maskiss 24k Gold Under Eye Patches (25 Pairs), eye mask, Collagen Skin Care Products, Eye Patches for Puffy Eyes, eye masks for dark circles and puffiness</p><p>$14.99 ($0.60 / Count)</p><a href="https://www.amazon.com/dp/B0BDD7D34M?tag=eloabder-20&linkCode=osi&th=1&psc=1">View Product</a></div><div class="product"><a href="https://www.amazon.com/dp/B004BCXEF6?tag=eloabder-20&linkCode=osi&th=1&psc=1"><img src="https://m.media-amazon.com/images/I/31t3gAw-N7L._SL500_.jpg" alt="Product Image"></a><p>L’Oreal Paris Makeup Voluminous Original Volume Building Waterproof Mascara, Carbon Black, 0.23 Fl Oz</p><p>$8.98</p><a href="https://www.amazon.com/dp/B004BCXEF6?tag=eloabder-20&linkCode=osi&th=1&psc=1">View Product</a></div>
<div class="product"><a href="https://www.amazon.com/dp/B0BSZ23FTF?tag=eloabder-20&linkCode=osi&th=1&psc=1"><img src="https://m.media-amazon.com/images/I/31GRN7P2p8L._SL500_.jpg" alt="Product Image"></a><p>Bubble Skincare Slam Dunk Face Moisturizer - Hydrating Face Cream for Dry Skin Made with Vitamin E + Aloe Vera Juice for a Glowing Complexion - Skin Care with Blue Light Protection (50ml)</p><p>$14.98 ($8.81 / Ounce)</p><a href="https://www.amazon.com/dp/B0BSZ23FTF?tag=eloabder-20&linkCode=osi&th=1&psc=1">View Product</a></div><div class="product"><a href="https://www.amazon.com/dp/B08T7DSZYD?tag=eloabder-20&linkCode=osi&th=1&psc=1"><img src="https://m.media-amazon.com/images/I/41WwUSxcyGL._SL500_.jpg" alt="Product Image"></a><p>e.l.f. SKIN Hydrated Ever After Skincare Mini Kit, Cleanser, Makeup Remover, Moisturiser & Eye Cream For Hydrating Skin, Airplane-Friendly Sizes</p><p>$19.99</p><a href="https://www.amazon.com/dp/B08T7DSZYD?tag=eloabder-20&linkCode=osi&th=1&psc=1">View Product</a></div><div class="product"><a href="https://www.amazon.com/dp/B0BSYX57T2?tag=eloabder-20&linkCode=osi&th=1&psc=1"><img src="https://m.media-amazon.com/images/I/31ssRlEo5QL._SL500_.jpg" alt="Product Image"></a><p>Bubble Skincare Bounce Back Balancing Facial Toner Mist - Hydrating Toner Spray + Pore Minimizer Made with Sea Water and Niacinamide to Help Improve Texture & Radiance (55ml)</p><p>$12.99 ($7.22 / Fl Oz)</p><a href="https://www.amazon.com/dp/B0BSYX57T2?tag=eloabder-20&linkCode=osi&th=1&psc=1">View Product</a></div><div class="product"><a href="https://www.amazon.com/dp/B000VPPUEA?tag=eloabder-20&linkCode=osi&th=1&psc=1"><img src="https://m.media-amazon.com/images/I/31e4JzjWhkL._SL500_.jpg" alt="Product Image"></a><p>Bio-Oil Skincare Body Oil, Vitamin E, Serum for Scars & Stretchmarks, Face & Body Moisturizer, 2 oz, All Skin Types</p><p>$11.12 ($5.56 / Fl Oz)</p><a href="https://www.amazon.com/dp/B000VPPUEA?tag=eloabder-20&linkCode=osi&th=1&psc=1">View Product</a></div><div class="product"><a href="https://www.amazon.com/dp/B0C2JPBNFX?tag=eloabder-20&linkCode=osi&th=1&psc=1"><img src="https://m.media-amazon.com/images/I/51LF1OXoo0L._SL500_.jpg" alt="Product Image"></a><p>Celavi K-Beauty Skincare Essence Facial Face Mask Korea Skin Care Moisturizing B Set 12 Pack</p><p>$9.99 ($0.83 / Count)</p><a href="https://www.amazon.com/dp/B0C2JPBNFX?tag=eloabder-20&linkCode=osi&th=1&psc=1">View Product</a></div><div class="product"><a href="https://www.amazon.com/dp/B0BSYJYQY2?tag=eloabder-20&linkCode=osi&th=1&psc=1"><img src="https://m.media-amazon.com/images/I/31aQkQwjJYL._SL500_.jpg" alt="Product Image"></a><p>Bubble Skincare Level Up Balancing Face Moisturizer - Hydrating Gel Moisturizer Formulated with Zinc PCA + Niacinamide for Improved Texture & Radiance - Skin Care for Oily or Combination Skin (50ml)</p><p>$14.99 ($8.87 / Fl Oz)</p><a href="https://www.amazon.com/dp/B0BSYJYQY2?tag=eloabder-20&linkCode=osi&th=1&psc=1">View Product</a></div><div class="product"><a href="https://www.amazon.com/dp/B0B826XRPH?tag=eloabder-20&linkCode=osi&th=1&psc=1"><img src="https://m.media-amazon.com/images/I/516nsOEA-mL._SL500_.jpg" alt="Product Image"></a><p>AURUZA Ice Face Roller and Gua Sha Set, Ice Roller for Face & Eye Puffiness Relief Beauty Facial Rollers Mold Icing Massage Skin Care Tools for Brighten Lubricate Shrink Pores Remove Fine Lines</p><p>$5.49</p><a href="https://www.amazon.com/dp/B0B826XRPH?tag=eloabder-20&linkCode=osi&th=1&psc=1">View Product</a></div><div class="product"><a href="https://www.amazon.com/dp/B0BS8Y2FLK?tag=eloabder-20&linkCode=osi&th=1&psc=1"><img src="https://m.media-amazon.com/images/I/41CX-bGjaRL._SL500_.jpg" alt="Product Image"></a><p>PEAUAMIE Under Eye Patches (30 Pairs) Gold Eye Mask and Hyaluronic Acid Eye Patches for puffy eyes,Rose Eye Masks for Dark Circles and Puffiness under eye skin care Smooth Wrinkles products</p><p>$9.99 ($0.33 / Count)</p><a href="https://www.amazon.com/dp/B0BS8Y2FLK?tag=eloabder-20&linkCode=osi&th=1&psc=1">View Product</a></div><div class="product"><a href="https://www.amazon.com/dp/B09NXS395V?tag=eloabder-20&linkCode=osi&th=1&psc=1"><img src="https://m.media-amazon.com/images/I/41ZHn0qwWwL._SL500_.jpg" alt="Product Image"></a><p>NAZANO Under Eye Patches - 60 Pcs - 24K Gold Eye Mask- Puffy Eyes & Dark Circles Treatments,Reduce Under Eye Bags and Smooth Wrinkles,Eye Skin Care Pads With Collagen,Hyaluronic Acid & Castor Oil</p><p>$8.99 ($0.30 / Count)</p><a href="https://www.amazon.com/dp/B09NXS395V?tag=eloabder-20&linkCode=osi&th=1&psc=1">View Product</a></div>
<div class="product"><a href="https://www.amazon.com/dp/B01N9SPQHQ?tag=eloabder-20&linkCode=osi&th=1&psc=1"><img src="https://m.media-amazon.com/images/I/41NHgWAaYAL._SL500_.jpg" alt="Product Image"></a><p>La Roche-Posay Toleriane Double Repair Face Moisturizer, Daily Moisturizer Face Cream with Ceramide and Niacinamide for All Skin Types, Oil Free, Fragrance Free</p><p>$23.99 ($7.10 / Fl Oz)</p><a href="https://www.amazon.com/dp/B01N9SPQHQ?tag=eloabder-20&linkCode=osi&th=1&psc=1">View Product</a></div><div class="product"><a href="https://www.amazon.com/dp/B00TTD9BRC?tag=eloabder-20&linkCode=osi&th=1&psc=1"><img src="https://m.media-amazon.com/images/I/41Kc6H7fboL._SL500_.jpg" alt="Product Image"></a><p>CeraVe Moisturizing Cream | Body and Face Moisturizer for Dry Skin | Body Cream with Hyaluronic Acid and Ceramides | Daily Moisturizer | Oil-Free | Fragrance Free | Non-Comedogenic | 19 Ounce</p><p>$17.78 ($0.94 / Ounce)</p><a href="https://www.amazon.com/dp/B00TTD9BRC?tag=eloabder-20&linkCode=osi&th=1&psc=1">View Product</a></div><div class="product"><a href="https://www.amazon.com/dp/B00NR1YQHM?tag=eloabder-20&linkCode=osi&th=1&psc=1"><img src="https://m.media-amazon.com/images/I/41yzZFTW63L._SL500_.jpg" alt="Product Image"></a><p>Neutrogena Hydro Boost Face Moisturizer with Hyaluronic Acid for Dry Skin, Oil-Free and Non-Comedogenic Water Gel Face Lotion, 1.7 oz</p><p>$13.31 ($7.83 / Ounce)</p><a href="https://www.amazon.com/dp/B00NR1YQHM?tag=eloabder-20&linkCode=osi&th=1&psc=1">View Product</a></div><div class="product"><a href="https://www.amazon.com/dp/B00HNSSPHC?tag=eloabder-20&linkCode=osi&th=1&psc=1"><img src="https://m.media-amazon.com/images/I/41rWFzQZdOL._SL500_.jpg" alt="Product Image"></a><p>Neutrogena Triple Age Repair Anti-Aging Daily Facial Moisturizer with SPF 25 Sunscreen & Vitamin C, Firming Anti-Wrinkle Face & Neck Cream for Dark Spots, Glycerin & Shea Butter, 1.7 oz</p><p>$19.56 ($11.51 / Ounce)</p><a href="https://www.amazon.com/dp/B00HNSSPHC?tag=eloabder-20&linkCode=osi&th=1&psc=1">View Product</a></div><div class="product"><a href="https://www.amazon.com/dp/B000YJ2SLG?tag=eloabder-20&linkCode=osi&th=1&psc=1"><img src="https://m.media-amazon.com/images/I/31J9bWXnQ+L._SL500_.jpg" alt="Product Image"></a><p>CeraVe Daily Moisturizing Lotion for Dry Skin | Body Lotion & Face Moisturizer with Hyaluronic Acid and Ceramides | Daily Moisturizer | Fragrance Free | Oil-Free | 12 Ounce</p><p>$13.68 ($1.14 / Fl Oz)</p><a href="https://www.amazon.com/dp/B000YJ2SLG?tag=eloabder-20&linkCode=osi&th=1&psc=1">View Product</a></div><div class="product"><a href="https://www.amazon.com/dp/B099N1LC4R?tag=eloabder-20&linkCode=osi&th=1&psc=1"><img src="https://m.media-amazon.com/images/I/41lZIG8wQNL._SL500_.jpg" alt="Product Image"></a><p>Cetaphil Face & Body Moisturizer, Hydrating Moisturizing Cream For Dry To Very Dry, Sensitive Skin, NEW 20 Oz, Fragrance Free, Non-Comedogenic, Non-Greasy (Packaging May Vary)</p><p>$15.97 ($0.80 / Ounce)</p><a href="https://www.amazon.com/dp/B099N1LC4R?tag=eloabder-20&linkCode=osi&th=1&psc=1">View Product</a></div><div class="product"><a href="https://www.amazon.com/dp/B01H20MA62?tag=eloabder-20&linkCode=osi&th=1&psc=1"><img src="https://m.media-amazon.com/images/I/41xuvNUpUML._SL500_.jpg" alt="Product Image"></a><p>Cetaphil Face & Body Moisturizer, Hydrating Moisturizing Cream for Dry to Very Dry, Sensitive Skin, NEW 16 Oz 2 Pack, Fragrance Free, Non-Comedogenic, Non-Greasy</p><p>$19.48 ($0.61 / Ounce)</p><a href="https://www.amazon.com/dp/B01H20MA62?tag=eloabder-20&linkCode=osi&th=1&psc=1">View Product</a></div><div class="product"><a href="https://www.amazon.com/dp/B01NCWV3KM?tag=eloabder-20&linkCode=osi&th=1&psc=1"><img src="https://m.media-amazon.com/images/I/41Q1ESUhSeL._SL500_.jpg" alt="Product Image"></a><p>La Roche-Posay Toleriane Double Repair UV SPF Moisturizer for Face, Daily Facial Moisturizer with Sunscreen SPF 30, Niacinamide and Glycerin, Oil Free, Moisturizing Sun Protection</p><p>$24.99 ($10.00 / Fl Oz)</p><a href="https://www.amazon.com/dp/B01NCWV3KM?tag=eloabder-20&linkCode=osi&th=1&psc=1">View Product</a></div>
<div class="product"><a href="https://www.amazon.com/dp/B07P5TMHD9?tag=eloabder-20&linkCode=osi&th=1&psc=1"><img src="https://m.media-amazon.com/images/I/51xr2lw0Y7L._SL500_.jpg" alt="Product Image"></a><p>Vitamin C Face Serum - Dark Spot Remover Facial Serum, Vit C Serum with Hyaluronic Acid, Ferulic Acid, & Vit E - Anti Aging and Skin Brightening Serum, Pure Vitamin C Serum Skin Care</p><p>$9.98</p><a href="https://www.amazon.com/dp/B07P5TMHD9?tag=eloabder-20&linkCode=osi&th=1&psc=1">View Product</a></div><div class="product"><a href="https://www.amazon.com/dp/B014PGEEO2?tag=eloabder-20&linkCode=osi&th=1&psc=1"><img src="https://m.media-amazon.com/images/I/51v+djIfQGL._SL500_.jpg" alt="Product Image"></a><p>Tree of Life Facial Serum Set for Face, Brightening, Firming, Hydrating, Dry Skin, Dermatologist Tested - Trio Power Skin Care Set, Vitamin C, Retinol and Hyaluronic Acid, 3 count of 1 Fl Oz</p><p>$19.99 ($6.66 / Fl Oz)</p><a href="https://www.amazon.com/dp/B014PGEEO2?tag=eloabder-20&linkCode=osi&th=1&psc=1">View Product</a></div><div class="product"><a href="https://www.amazon.com/dp/B08R994Q1L?tag=eloabder-20&linkCode=osi&th=1&psc=1"><img src="https://m.media-amazon.com/images/I/418KUv8uVkL._SL500_.jpg" alt="Product Image"></a><p>Good Molecules Niacinamide Serum - 10% Niacinamide Balancing B3 Facial Serum for Acne, Tone, Texture - Brightening and Hydrating Skincare for Face</p><p>$6.00</p><a href="https://www.amazon.com/dp/B08R994Q1L?tag=eloabder-20&linkCode=osi&th=1&psc=1">View Product</a></div><div class="product"><a href="https://www.amazon.com/dp/B07VWSN95S?tag=eloabder-20&linkCode=osi&th=1&psc=1"><img src="https://m.media-amazon.com/images/I/411Y0nzh9zL._SL500_.jpg" alt="Product Image"></a><p>CeraVe Retinol Serum for Post-Acne Marks and Skin Texture | Pore Refining, Resurfacing, Brightening Facial Serum with Retinol and Niacinamide | Fragrance Free, Paraben Free & Non-Comedogenic| 1 Oz</p><p>$18.68</p><a href="https://www.amazon.com/dp/B07VWSN95S?tag=eloabder-20&linkCode=osi&th=1&psc=1">View Product</a></div><div class="product"><a href="https://www.amazon.com/dp/B08L8B5JR2?tag=eloabder-20&linkCode=osi&th=1&psc=1"><img src="https://m.media-amazon.com/images/I/51Ee0RzYONL._SL500_.jpg" alt="Product Image"></a><p>Vibriance Super C Serum for Mature Skin, Made in USA, All-In-One Formula Hydrates, Firms, Lifts, Smooths, Targets Age Spots, Wrinkles, Vitamin C Serum; 1 fl oz</p><p>$32.90</p><a href="https://www.amazon.com/dp/B08L8B5JR2?tag=eloabder-20&linkCode=osi&th=1&psc=1">View Product</a></div><div class="product"><a href="https://www.amazon.com/dp/B0CLLV2T1P?tag=eloabder-20&linkCode=osi&th=1&psc=1"><img src="https://m.media-amazon.com/images/I/31ZBa-zgbjL._SL500_.jpg" alt="Product Image"></a><p>Anua 10% Niacinamide+ 4% Tranexamic Acid Serum, Ceramide, Hyaluronic Acid, Vitamin B12 natural color, for Sensitive skin, Korean Glass Skin, Fragrance-Free (30ml /1.01 fl.oz.)</p><p>$19.00 ($18.81 / Fl Oz)</p><a href="https://www.amazon.com/dp/B0CLLV2T1P?tag=eloabder-20&linkCode=osi&th=1&psc=1">View Product</a></div><div class="product"><a href="https://www.amazon.com/dp/B08TM8DLFJ?tag=eloabder-20&linkCode=osi&th=1&psc=1"><img src="https://m.media-amazon.com/images/I/41g0Mg7pRIL._SL500_.jpg" alt="Product Image"></a><p>Good Molecules Hyaluronic Acid Serum - Hydrating, Non-greasy formula to Moisturize, Plump - 1% HA, Anti-aging, Water-Based Skincare for Face</p><p>$6.00 ($6.00 / Fl Oz)</p><a href="https://www.amazon.com/dp/B08TM8DLFJ?tag=eloabder-20&linkCode=osi&th=1&psc=1">View Product</a></div><div class="product"><a href="https://www.amazon.com/dp/B01B5G45R6?tag=eloabder-20&linkCode=osi&th=1&psc=1"><img src="https://m.media-amazon.com/images/I/51JgyVg967L._SL500_.jpg" alt="Product Image"></a><p>artnaturals Anti-Aging-Set with Vitamin-C Retinol and Hyaluronic-Acid - (3 x 1 Fl Oz / 30ml) Serum for Anti Wrinkle and Dark Circle Remover – All Natural and Moisturizing</p><p>$24.95 ($8.32 / Fl Oz)</p><a href="https://www.amazon.com/dp/B01B5G45R6?tag=eloabder-20&linkCode=osi&th=1&psc=1">View Product</a></div><div class="product"><a href="https://www.amazon.com/dp/B086VKZZZY?tag=eloabder-20&linkCode=osi&th=1&psc=1"><img src="https://m.media-amazon.com/images/I/31l7jUL7jOL._SL500_.jpg" alt="Product Image"></a><p>Beauty of Joseon Glow Serum Propolis and Niacinamide Hydrating Facial Soothing Moisturizer for Irritated Uneven Skin Tone, Korean Skin Care 30ml, 1 fl.oz</p><p>$13.60 ($13.47 / Fl Oz)</p><a href="https://www.amazon.com/dp/B086VKZZZY?tag=eloabder-20&linkCode=osi&th=1&psc=1">View Product</a></div>
<div class="product"><a href="https://www.amazon.com/dp/B0CYGT3CR4?tag=eloabder-20&linkCode=osi&th=1&psc=1"><img src="https://m.media-amazon.com/images/I/51LbfzrqiUL._SL500_.jpg" alt="Product Image"></a><p>KONEUK 14 Pack Sheet Face Masks Skincare for All Skin Types, Hydrating Face Masks Suitable for Sensitive Skin, Bulk Facial Mask Set for Women Skin Care, Face Mask Gifts Set for Face Spa</p><p>$8.99 ($0.64 / Count)</p><a href="https://www.amazon.com/dp/B0CYGT3CR4?tag=eloabder-20&linkCode=osi&th=1&psc=1">View Product</a></div><div class="product"><a href="https://www.amazon.com/dp/B01N37AK8V?tag=eloabder-20&linkCode=osi&th=1&psc=1"><img src="https://m.media-amazon.com/images/I/41zyExDkGCL._SL500_.jpg" alt="Product Image"></a><p>Ebanel 10 Pack Collagen Face Mask, Instant Brightening & Hydrating Face Sheet Mask with Aloe Vera, Hyaluronic Acid, Vitamin C and E, Chamomile, Anti Aging Face Mask with Hydrolyzed Collagen, Peptide</p><p>$13.99 ($1.40 / Count)</p><a href="https://www.amazon.com/dp/B01N37AK8V?tag=eloabder-20&linkCode=osi&th=1&psc=1">View Product</a></div><div class="product"><a href="https://www.amazon.com/dp/B07C3NBJ33?tag=eloabder-20&linkCode=osi&th=1&psc=1"><img src="https://m.media-amazon.com/images/I/51DMM9KU+AL._SL500_.jpg" alt="Product Image"></a><p>GLAM UP Premium Facial Sheet Mask 12 Combo (Pack of 12) | Clean Face Masks Skincare, Hydrating Face Masks, Moisturizing, Soothing, Beauty Mask For All Skin Type Variety Beauty Mask Set</p><p>$13.20 ($1.10 / Count)</p><a href="https://www.amazon.com/dp/B07C3NBJ33?tag=eloabder-20&linkCode=osi&th=1&psc=1">View Product</a></div><div class="product"><a href="https://www.amazon.com/dp/B0B5XTMJMJ?tag=eloabder-20&linkCode=osi&th=1&psc=1"><img src="https://m.media-amazon.com/images/I/61voysA0eEL._SL500_.jpg" alt="Product Image"></a><p>Meleell Collagen Sheet Face Masks Skincare Bulk Pack,Hydrating Spa Face Mask For Sensitive Skin,Anti Aging Facial Masks Sets For Women/Teen Girls(40 Combo Pack)</p><p>$25.99 ($0.65 / Count)</p><a href="https://www.amazon.com/dp/B0B5XTMJMJ?tag=eloabder-20&linkCode=osi&th=1&psc=1">View Product</a></div><div class="product"><a href="https://www.amazon.com/dp/B0CR6NHHVL?tag=eloabder-20&linkCode=osi&th=1&psc=1"><img src="https://m.media-amazon.com/images/I/514yWBJNkFL._SL500_.jpg" alt="Product Image"></a><p>Kaely 10 Pack Variety Sheet Masks,Spa Face Masks for Kids Skin Care,Facial Mask Skincare Set Korean,Moisturize,Brighten,Nourish for All Skin Types,Birthday Gifts for Women Men Boys Girls,Set01</p><p>$8.99 ($0.90 / Count)</p><a href="https://www.amazon.com/dp/B0CR6NHHVL?tag=eloabder-20&linkCode=osi&th=1&psc=1">View Product</a></div><div class="product"><a href="https://www.amazon.com/dp/B086V843R8?tag=eloabder-20&linkCode=osi&th=1&psc=1"><img src="https://m.media-amazon.com/images/I/410evC+SQHL._SL500_.jpg" alt="Product Image"></a><p>ANAI RUI Turmeric Clay Mask - Green Tea Clay Mask - Dead Sea Minerals Mud Mask, Spa Facial Mask Set, Face Mask Gift Set 2.5 oz each</p><p>$22.99</p><a href="https://www.amazon.com/dp/B086V843R8?tag=eloabder-20&linkCode=osi&th=1&psc=1">View Product</a></div><div class="product"><a href="https://www.amazon.com/dp/B07JMTMHGS?tag=eloabder-20&linkCode=osi&th=1&psc=1"><img src="https://m.media-amazon.com/images/I/41PeKCZ7NtL._SL500_.jpg" alt="Product Image"></a><p>LAPCOS Aloe Sheet Mask, Daily Face Mask with Cucumber and Aloe Gel to Calm and Moisturize Skin, Korean Beauty Favorite, 5-Pack</p><p>$20.00 ($4.00 / count)</p><a href="https://www.amazon.com/dp/B07JMTMHGS?tag=eloabder-20&linkCode=osi&th=1&psc=1">View Product</a></div><div class="product"><a href="https://www.amazon.com/dp/B0CMQKTJDQ?tag=eloabder-20&linkCode=osi&th=1&psc=1"><img src="https://m.media-amazon.com/images/I/51oosdS4y8L._SL500_.jpg" alt="Product Image"></a><p>VESPRO 100 Pack Collagen Essence Sheet Facial Masks, Bulk Face Masks Skincare, Hydrating Face Masks for All Skin Types, Moisturizing and Soothing, Natural Skin Care Spa Face Mask</p><p>$45.99 ($0.46 / Count)</p><a href="https://www.amazon.com/dp/B0CMQKTJDQ?tag=eloabder-20&linkCode=osi&th=1&psc=1">View Product</a></div><div class="product"><a href="https://www.amazon.com/dp/B0B41LVMJ3?tag=eloabder-20&linkCode=osi&th=1&psc=1"><img src="https://m.media-amazon.com/images/I/51xduFirI6L._SL500_.jpg" alt="Product Image"></a><p>#OOTD Collagen Hydrating Sheet Masks for Face Korean Anti Aging Mask Sheet for Dry Skin & Sensitive Skin, EVE Vegan, Not Tested on Animals, No Parabens, No Sulfates, Hyaluronic Acid, Witch Hazel 10EA</p><p>$18.00 ($1.80 / Count)</p><a href="https://www.amazon.com/dp/B0B41LVMJ3?tag=eloabder-20&linkCode=osi&th=1&psc=1">View Product</a></div>
<div class="product"><a href="https://www.amazon.com/dp/B01N34XW93?tag=eloabder-20&linkCode=osi&th=1&psc=1"><img src="https://m.media-amazon.com/images/I/31OMOTCxlmL._SL500_.jpg" alt="Product Image"></a><p>La Roche-Posay Toleriane Purifying Foaming Facial Cleanser, Oil Free Face Wash for Oily Skin and for Sensitive Skin with Niacinamide, Pore Cleanser Won’t Dry Out Skin, Unscented</p><p>$17.99 ($1.33 / Fl Oz)</p><a href="https://www.amazon.com/dp/B01N34XW93?tag=eloabder-20&linkCode=osi&th=1&psc=1">View Product</a></div><div class="product"><a href="https://www.amazon.com/dp/B01MSSDEPK?tag=eloabder-20&linkCode=osi&th=1&psc=1"><img src="https://m.media-amazon.com/images/I/41YuSwjJUIL._SL500_.jpg" alt="Product Image"></a><p>CeraVe Hydrating Facial Cleanser | Moisturizing Face Wash For Dry Skin | Hyaluronic Acid + Ceramides + Glycerin | Hydrating Cleanser For Normal To Dry Skin | National Eczema Assosiation Certified</p><p>$15.48 ($0.97 / Fl Oz)</p><a href="https://www.amazon.com/dp/B01MSSDEPK?tag=eloabder-20&linkCode=osi&th=1&psc=1">View Product</a></div><div class="product"><a href="https://www.amazon.com/dp/B01N7T7JKJ?tag=eloabder-20&linkCode=osi&th=1&psc=1"><img src="https://m.media-amazon.com/images/I/31VXK3y1KYL._SL500_.jpg" alt="Product Image"></a><p>La Roche-Posay Toleriane Hydrating Gentle Face Cleanser, Daily Facial Cleanser with Niacinamide and Ceramides for Sensitive Skin, Moisturizing Face Wash for Normal to Dry Skin, Fragrance Free</p><p>$17.99 ($1.33 / Fl Oz)</p><a href="https://www.amazon.com/dp/B01N7T7JKJ?tag=eloabder-20&linkCode=osi&th=1&psc=1">View Product</a></div><div class="product"><a href="https://www.amazon.com/dp/B01N1LL62W?tag=eloabder-20&linkCode=osi&th=1&psc=1"><img src="https://m.media-amazon.com/images/I/41kwN8dWWzL._SL500_.jpg" alt="Product Image"></a><p>CeraVe Foaming Facial Cleanser | Daily Face Wash for Oily Skin with Hyaluronic Acid, Ceramides, and Niacinamide| Fragrance Free | 16 Fluid Ounce</p><p>$15.19 ($0.95 / Fl Oz)</p><a href="https://www.amazon.com/dp/B01N1LL62W?tag=eloabder-20&linkCode=osi&th=1&psc=1">View Product</a></div><div class="product"><a href="https://www.amazon.com/dp/B00U1YCRD8?tag=eloabder-20&linkCode=osi&th=1&psc=1"><img src="https://m.media-amazon.com/images/I/31LVb8KvKwL._SL500_.jpg" alt="Product Image"></a><p>CeraVe SA Cleanser | Salicylic Acid Cleanser with Hyaluronic Acid, Niacinamide & Ceramides| BHA Exfoliant for Face | Fragrance Free Non-Comedogenic | 8 Ounce</p><p>$12.37 ($1.55 / Ounce)</p><a href="https://www.amazon.com/dp/B00U1YCRD8?tag=eloabder-20&linkCode=osi&th=1&psc=1">View Product</a></div><div class="product"><a href="https://www.amazon.com/dp/B0BVV8BNYJ?tag=eloabder-20&linkCode=osi&th=1&psc=1"><img src="https://m.media-amazon.com/images/I/31tSZvBReoL._SL500_.jpg" alt="Product Image"></a><p>ANUA Heartleaf Quercetinol Pore Deep Cleansing Foam, Facial Cleanser, for Double Cleansing, BHA, Hyaluronic Acid, Glycerin, Face Wash, Blackhead Remover, Korean Skincare (150ml/5.07 fl.oz.)</p><p>$13.00 ($2.56 / Fl Oz)</p><a href="https://www.amazon.com/dp/B0BVV8BNYJ?tag=eloabder-20&linkCode=osi&th=1&psc=1">View Product</a></div><div class="product"><a href="https://www.amazon.com/dp/B00QY1XZ4W?tag=eloabder-20&linkCode=osi&th=1&psc=1"><img src="https://m.media-amazon.com/images/I/319pG+OQZxL._SL500_.jpg" alt="Product Image"></a><p>Vanicream Gentle Facial Cleanser with Pump Dispenser - 8 fl oz - Formulated Without Common Irritants for Those with Sensitive Skin</p><p>$8.86 ($1.11 / Fl Oz)</p><a href="https://www.amazon.com/dp/B00QY1XZ4W?tag=eloabder-20&linkCode=osi&th=1&psc=1">View Product</a></div><div class="product"><a href="https://www.amazon.com/dp/B016NRXO06?tag=eloabder-20&linkCode=osi&th=1&psc=1"><img src="https://m.media-amazon.com/images/I/31jSFIvh2TS._SL500_.jpg" alt="Product Image"></a><p>COSRX Low pH Good Morning Gel Cleanser, Daily Mild Face Cleanser for Sensitive Skin with BHA & Tea-Tree Oil, PH Balancing, Korean Skincare (5.07fl.oz/150ml)</p><p>$11.49 ($2.27 / Fl Oz)</p><a href="https://www.amazon.com/dp/B016NRXO06?tag=eloabder-20&linkCode=osi&th=1&psc=1">View Product</a></div><div class="product"><a href="https://www.amazon.com/dp/B09Y4HHY1P?tag=eloabder-20&linkCode=osi&th=1&psc=1"><img src="https://m.media-amazon.com/images/I/41Crw80Q3yL._SL500_.jpg" alt="Product Image"></a><p>Cetaphil Face Wash, Daily Facial Cleanser for Sensitive, Combination to Oily Skin, NEW 16 oz, Fragrance Free, Gentle Foaming, Soap Free, Hypoallergenic (Packaging May Vary)</p><p>$11.97 ($0.75 / Fl Oz)</p><a href="https://www.amazon.com/dp/B09Y4HHY1P?tag=eloabder-20&linkCode=osi&th=1&psc=1">View Product</a></div><div class="product"><a href="https://www.amazon.com/dp/B0BN2PX8V3?tag=eloabder-20&linkCode=osi&th=1&psc=1"><img src="https://m.media-amazon.com/images/I/31n4TECLwuL._SL500_.jpg" alt="Product Image"></a><p>ANUA Heartleaf Pore Control Cleansing Oil, Oil Cleanser for Face, Makeup Blackhead Remover, Korean Skin Care 6.76 fl oz(200ml) (original)</p><p>$17.69 ($2.64 / Fl Oz)</p><a href="https://www.amazon.com/dp/B0BN2PX8V3?tag=eloabder-20&linkCode=osi&th=1&psc=1">View Product</a></div>
<div class="product"><a href="https://www.amazon.com/dp/B08CMS8P67?tag=eloabder-20&linkCode=osi&th=1&psc=1"><img src="https://m.media-amazon.com/images/I/31LVyuSsJEL._SL500_.jpg" alt="Product Image"></a><p>Anua Heartleaf 77 Soothing Toner I pH 5.5 Trouble Care, Calming Skin, Refreshing, Hydrating, Purifying, Cruelty Free, Vegan,(250ml / 8.45 fl.oz.)</p><p>$19.69 ($2.33 / Fl Oz)</p><a href="https://www.amazon.com/dp/B08CMS8P67?tag=eloabder-20&linkCode=osi&th=1&psc=1">View Product</a></div><div class="product"><a href="https://www.amazon.com/dp/B09LKXR62L?tag=eloabder-20&linkCode=osi&th=1&psc=1"><img src="https://m.media-amazon.com/images/I/31D6ydy59dL._SL500_.jpg" alt="Product Image"></a><p>CeraVe Hydrating Toner for Face Non-Alcoholic with Hyaluronic Acid, Niacinamide, and Ceramides for Sensitive Dry Skin, Fragrance-Free Non Comedogenic, Full Size, 6.8 Fl Oz</p><p>$9.86 ($1.45 / Ounce)</p><a href="https://www.amazon.com/dp/B09LKXR62L?tag=eloabder-20&linkCode=osi&th=1&psc=1">View Product</a></div><div class="product"><a href="https://www.amazon.com/dp/B0CG1H8YRS?tag=eloabder-20&linkCode=osi&th=1&psc=1"><img src="https://m.media-amazon.com/images/I/31OZES5j9LL._SL500_.jpg" alt="Product Image"></a><p>TIRTIR Milk Skin Rice Toner | Deep Moisturizing, Instant Glow, 2% Niacinamide, Rice Bran Extract, Ceramide, Panthenol, Cruelty-Free, Fungal Acne Friendly, Vegan, 5.07 fl.oz.</p><p>$24.99 ($4.93 / Fl Oz)</p><a href="https://www.amazon.com/dp/B0CG1H8YRS?tag=eloabder-20&linkCode=osi&th=1&psc=1">View Product</a></div><div class="product"><a href="https://www.amazon.com/dp/B007HD570Q?tag=eloabder-20&linkCode=osi&th=1&psc=1"><img src="https://m.media-amazon.com/images/I/31uC8ENEVqL._SL500_.jpg" alt="Product Image"></a><p>Thayers Alcohol-Free, Hydrating Rose Petal Witch Hazel Facial Toner with Aloe Vera Formula, Vegan, Dermatologist Tested and Recommended, 12 Oz</p><p>$10.53 ($0.88 / Fl Oz)</p><a href="https://www.amazon.com/dp/B007HD570Q?tag=eloabder-20&linkCode=osi&th=1&psc=1">View Product</a></div><div class="product"><a href="https://www.amazon.com/dp/B01LZK411L?tag=eloabder-20&linkCode=osi&th=1&psc=1"><img src="https://m.media-amazon.com/images/I/31la+He5vRL._SL500_.jpg" alt="Product Image"></a><p>ACWELL Licorice pH Balancing Korean Toner for Cleansing 5.07 fl.oz. - Alcohol-Free PH5.5 Hydrating Facial Astringent - Skin Clarifying & Hydration Boosting Toner</p><p>$16.00 ($3.14 / Fl Oz)</p><a href="https://www.amazon.com/dp/B01LZK411L?tag=eloabder-20&linkCode=osi&th=1&psc=1">View Product</a></div><div class="product"><a href="https://www.amazon.com/dp/B07BYJF7L7?tag=eloabder-20&linkCode=osi&th=1&psc=1"><img src="https://m.media-amazon.com/images/I/31+G3Xc+J7L._SL500_.jpg" alt="Product Image"></a><p>SOME BY MI AHA BHA PHA 30 Days Miracle Toner - 5.07Oz, 150ml - Made from Tea Tree Water for Sensitive Skin - Mild Exfoliating Daily Face Toner - Skin Wastes, Sebum and Oiliness Care - Korean Skin Care</p><p>$12.00 ($2.37 / Fl Oz)</p><a href="https://www.amazon.com/dp/B07BYJF7L7?tag=eloabder-20&linkCode=osi&th=1&psc=1">View Product</a></div><div class="product"><a href="https://www.amazon.com/dp/B00LO2RO7K?tag=eloabder-20&linkCode=osi&th=1&psc=1"><img src="https://m.media-amazon.com/images/I/31Wb52+KYzL._SL500_.jpg" alt="Product Image"></a><p>La Roche-Posay Effaclar Clarifying Solution Acne Toner with Salicylic Acid and Glycolic Acid, Pore Refining Oily Skin Toner, Gentle Exfoliant to Unclog Pores and Remove Dead Skin Cells</p><p>$16.99 ($2.51 / Fl Oz)</p><a href="https://www.amazon.com/dp/B00LO2RO7K?tag=eloabder-20&linkCode=osi&th=1&psc=1">View Product</a></div><div class="product"><a href="https://www.amazon.com/dp/B008EPPIQ4?tag=eloabder-20&linkCode=osi&th=1&psc=1"><img src="https://m.media-amazon.com/images/I/31-lQL0AkZL._SL500_.jpg" alt="Product Image"></a><p>Paula's Choice Skin Balancing Pore-Reducing Toner for Combination and Oily Skin, Minimizes Large Pores, 6.4 Fluid Ounce Bottle</p><p>$26.00 ($4.06 / Fl Oz)</p><a href="https://www.amazon.com/dp/B008EPPIQ4?tag=eloabder-20&linkCode=osi&th=1&psc=1">View Product</a></div><div class="product"><a href="https://www.amazon.com/dp/B073P6BPF5?tag=eloabder-20&linkCode=osi&th=1&psc=1"><img src="https://m.media-amazon.com/images/I/31hqlVDLizL._SL500_.jpg" alt="Product Image"></a><p>COSRX AHA/BHA Clarifying Treatment Toner, 5.07 fl.oz / 150ml | Exfoliating Facial Spray | Korean Skin Care, Hydrating, Mild Exfoliation, Vegan, Animal Testing Free, Paraben Free</p><p>$10.75 ($2.11 / Fl Oz)</p><a href="https://www.amazon.com/dp/B073P6BPF5?tag=eloabder-20&linkCode=osi&th=1&psc=1">View Product</a></div>
<div class="product"><a href="https://www.amazon.com/dp/B07C5SS6YD?tag=eloabder-20&linkCode=osi&th=1&psc=1"><img src="https://m.media-amazon.com/images/I/31tzIszvgAL._SL500_.jpg" alt="Product Image"></a><p>Paula's Choice Skin Perfecting 2% BHA Liquid Salicylic Acid Exfoliant, Gentle Facial Exfoliator for Blackheads, Large Pores, Wrinkles & Fine Lines, Travel Size, 1 Fluid Ounce</p><p>$14.00</p><a href="https://www.amazon.com/dp/B07C5SS6YD?tag=eloabder-20&linkCode=osi&th=1&psc=1">View Product</a></div><div class="product"><a href="https://www.amazon.com/dp/B07VW3YSWH?tag=eloabder-20&linkCode=osi&th=1&psc=1"><img src="https://m.media-amazon.com/images/I/410j9ZFktHL._SL500_.jpg" alt="Product Image"></a><p>Tree Hut Vitamin C Shea Sugar Scrub, 18 oz, Ultra Hydrating and Exfoliating Scrub for Nourishing Essential Body Care</p><p>$8.94 ($0.50 / Ounce)</p><a href="https://www.amazon.com/dp/B07VW3YSWH?tag=eloabder-20&linkCode=osi&th=1&psc=1">View Product</a></div><div class="product"><a href="https://www.amazon.com/dp/B07NHZP4FW?tag=eloabder-20&linkCode=osi&th=1&psc=1"><img src="https://m.media-amazon.com/images/I/41znKaYV17L._SL500_.jpg" alt="Product Image"></a><p>Seraphic Skincare (Original) Premium Exfoliating Mitt for Body (2pc) – 100% Vegan Viscose Traditional Body Scrub Glove Kessa Korean Washcloth – Body Exfoliator for Self-Tan Removal & Keratosis Pilaris</p><p>$12.99 ($6.50 / Count)</p><a href="https://www.amazon.com/dp/B07NHZP4FW?tag=eloabder-20&linkCode=osi&th=1&psc=1">View Product</a></div><div class="product"><a href="https://www.amazon.com/dp/B001VMJSCW?tag=eloabder-20&linkCode=osi&th=1&psc=1"><img src="https://m.media-amazon.com/images/I/31N7x4-aJAL._SL500_.jpg" alt="Product Image"></a><p>Dermalogica Daily Microfoliant, Face Exfoliator Scrub Powder with Salicylic Acid and Papaya Enzyme, Achieve Brighter, Smoother Skin Daily, 0.45 Oz</p><p>$19.00 ($42.22 / Ounce)</p><a href="https://www.amazon.com/dp/B001VMJSCW?tag=eloabder-20&linkCode=osi&th=1&psc=1">View Product</a></div><div class="product"><a href="https://www.amazon.com/dp/B09Q88TVGJ?tag=eloabder-20&linkCode=osi&th=1&psc=1"><img src="https://m.media-amazon.com/images/I/31jQFJt0t7L._SL500_.jpg" alt="Product Image"></a><p>tingl Face and Body Exfoliator Pads - Anti Aging Acne Treatment with Glycolic Acid, Lactic Acid, and Salicylic Acid - Pore Minimizer, Oil Cleanser, Blackhead Remover and Skin Exfoliator in One</p><p>$38.00 ($38.00 / Count)</p><a href="https://www.amazon.com/dp/B09Q88TVGJ?tag=eloabder-20&linkCode=osi&th=1&psc=1">View Product</a></div><div class="product"><a href="https://www.amazon.com/dp/B0BNWXFH3P?tag=eloabder-20&linkCode=osi&th=1&psc=1"><img src="https://m.media-amazon.com/images/I/51HkdST1FCL._SL500_.jpg" alt="Product Image"></a><p>Dermasuri Deep Exfoliating Glove for Shower - Exfoliating Mitt Body Scrubber - Skin Exfoliator & Dead Skin Remover - Keratosis Pilaris Scrub - Spray Tan Remover - Korean Skincare for Body (2 Pack)</p><p>$19.99 ($10.00 / Count)</p><a href="https://www.amazon.com/dp/B0BNWXFH3P?tag=eloabder-20&linkCode=osi&th=1&psc=1">View Product</a></div><div class="product"><a href="https://www.amazon.com/dp/B076DSRB6B?tag=eloabder-20&linkCode=osi&th=1&psc=1"><img src="https://m.media-amazon.com/images/I/51lTK55c5UL._SL500_.jpg" alt="Product Image"></a><p>Himalayan Salt Scrub Face Foot & Body Exfoliator Infused with Collagen and Stem Cell Natural Exfoliating Salt Body Scrub for Toning Cellulite Skin Care by M3 Naturals</p><p>$25.81 ($2.15 / Ounce)</p><a href="https://www.amazon.com/dp/B076DSRB6B?tag=eloabder-20&linkCode=osi&th=1&psc=1">View Product</a></div><div class="product"><a href="https://www.amazon.com/dp/B004GEV9JW?tag=eloabder-20&linkCode=osi&th=1&psc=1"><img src="https://m.media-amazon.com/images/I/41MgyDfHXfL._SL500_.jpg" alt="Product Image"></a><p>Buf-Puf Gentle Facial Sponge, Dermatologist Developed, Removes Deep Down Dirt & Makeup That Causes Breakouts and Blackheads, Reusable, Exfoliating, 1 Count</p><p>$8.71</p><a href="https://www.amazon.com/dp/B004GEV9JW?tag=eloabder-20&linkCode=osi&th=1&psc=1">View Product</a></div><div class="product"><a href="https://www.amazon.com/dp/B0000632EN?tag=eloabder-20&linkCode=osi&th=1&psc=1"><img src="https://m.media-amazon.com/images/I/314AH1Zo0lL._SL500_.jpg" alt="Product Image"></a><p>Aveeno Positively Radiant Exfoliating Facial Scrub, Brightening Face Scrub with Soy Extract to Visibly Improve Skin Tone and Texture, Oil-Free, Soap-Free, Hypoallergenic Formula, 5 FL OZ</p><p>$7.97 ($1.59 / Ounce)</p><a href="https://www.amazon.com/dp/B0000632EN?tag=eloabder-20&linkCode=osi&th=1&psc=1">View Product</a></div>
<div class="product"><a href="https://www.amazon.com/dp/B005IHT94S?tag=eloabder-20&linkCode=osi&th=1&psc=1"><img src="https://m.media-amazon.com/images/I/31YAXVCRMAL._SL500_.jpg" alt="Product Image"></a><p>Neutrogena Ultra Sheer Dry-Touch Water Resistant and Non-Greasy Sunscreen Lotion with Broad Spectrum SPF 70, 3 Fl Oz (Pack of 1)</p><p>$9.88 ($3.29 / Fl Oz)</p><a href="https://www.amazon.com/dp/B005IHT94S?tag=eloabder-20&linkCode=osi&th=1&psc=1">View Product</a></div><div class="product"><a href="https://www.amazon.com/dp/B078BC1NJ6?tag=eloabder-20&linkCode=osi&th=1&psc=1"><img src="https://m.media-amazon.com/images/I/51V4LMN2zEL._SL500_.jpg" alt="Product Image"></a><p>Coppertone Sport Sunscreen Spray SPF 50, Water Resistant Spray Sunscreen, Broad Spectrum SPF 50 Sunscreen, Bulk Sunscreen Pack, 5.5 Oz Bottle, Pack of 3</p><p>$20.63 ($1.25 / Ounce)</p><a href="https://www.amazon.com/dp/B078BC1NJ6?tag=eloabder-20&linkCode=osi&th=1&psc=1">View Product</a></div><div class="product"><a href="https://www.amazon.com/dp/B01MQXX9US?tag=eloabder-20&linkCode=osi&th=1&psc=1"><img src="https://m.media-amazon.com/images/I/41Zi7BP15NL._SL500_.jpg" alt="Product Image"></a><p>Banana Boat Sport Ultra SPF 50 Sunscreen Spray Twin Pack | Banana Boat Sunscreen Spray SPF 50, Spray On Sunscreen, Water Resistant Sunscreen, Oxybenzone Free Sunscreen Pack, 6oz each</p><p>$13.97 ($1.16 / Ounce)</p><a href="https://www.amazon.com/dp/B01MQXX9US?tag=eloabder-20&linkCode=osi&th=1&psc=1">View Product</a></div><div class="product"><a href="https://www.amazon.com/dp/B00AEN4QZ8?tag=eloabder-20&linkCode=osi&th=1&psc=1"><img src="https://m.media-amazon.com/images/I/31QMrCJPoeL._SL500_.jpg" alt="Product Image"></a><p>Neutrogena Beach Defense Water-Resistant Face & Body SPF 70 Sunscreen Lotion with Broad Spectrum UVA/UVB Protection, Oil-Free Fast-Absorbing Sunscreen Lotion, Oxybenzone-Free, 6.7 oz</p><p>$9.60 ($1.43 / Fl Oz)</p><a href="https://www.amazon.com/dp/B00AEN4QZ8?tag=eloabder-20&linkCode=osi&th=1&psc=1">View Product</a></div><div class="product"><a href="https://www.amazon.com/dp/B076GZX3KL?tag=eloabder-20&linkCode=osi&th=1&psc=1"><img src="https://m.media-amazon.com/images/I/41BQoEZMuTL._SL500_.jpg" alt="Product Image"></a><p>Neutrogena Sunscreen Spray, Ultra Sheer ® Body Mist, Broad Spectrum SPF 70, Non-Greasy Water Resistant Body Sunscreen Mist, Non-Comedogenic, 5 oz (Pack of 3)</p><p>$22.60 ($1.51 / Ounce)</p><a href="https://www.amazon.com/dp/B076GZX3KL?tag=eloabder-20&linkCode=osi&th=1&psc=1">View Product</a></div><div class="product"><a href="https://www.amazon.com/dp/B004D2DR0Q?tag=eloabder-20&linkCode=osi&th=1&psc=1"><img src="https://m.media-amazon.com/images/I/41QwzCWNnFL._SL500_.jpg" alt="Product Image"></a><p>Neutrogena Ultra Sheer Dry-Touch Water Resistant and Non-Greasy Sunscreen Lotion with Broad Spectrum SPF 45, TSA-Compliant travel Size, 3 Fl Oz, Pack of 2, 6 Fl Oz</p><p>$13.99 ($2.33 / Fl Oz)</p><a href="https://www.amazon.com/dp/B004D2DR0Q?tag=eloabder-20&linkCode=osi&th=1&psc=1">View Product</a></div><div class="product"><a href="https://www.amazon.com/dp/B002CML1VG?tag=eloabder-20&linkCode=osi&th=1&psc=1"><img src="https://m.media-amazon.com/images/I/41ufC4L5QQL._SL500_.jpg" alt="Product Image"></a><p>La Roche-Posay Anthelios Melt-In Milk Sunscreen SPF 60 | Sunscreen For Body & Face | Broad Spectrum SPF + Antioxidants | Oil Free Sunscreen Lotion | Lightweight & Fast Absorbing | Oxybenzone Free</p><p>$37.99 ($7.60 / Fl Oz)</p><a href="https://www.amazon.com/dp/B002CML1VG?tag=eloabder-20&linkCode=osi&th=1&psc=1">View Product</a></div><div class="product"><a href="https://www.amazon.com/dp/B00B81XR1Y?tag=eloabder-20&linkCode=osi&th=1&psc=1"><img src="https://m.media-amazon.com/images/I/41NtDXr-dML._SL500_.jpg" alt="Product Image"></a><p>Banana Boat Sport Ultra SPF 30 Sunscreen Spray Twin Pack | Banana Boat Sunscreen Spray SPF 30, Spray On Sunscreen, Water Resistant Sunscreen, Oxybenzone Free Sunscreen Pack, 6oz each</p><p>$13.47 ($1.12 / Ounce)</p><a href="https://www.amazon.com/dp/B00B81XR1Y?tag=eloabder-20&linkCode=osi&th=1&psc=1">View Product</a></div><div class="product"><a href="https://www.amazon.com/dp/B07X1YDGSF?tag=eloabder-20&linkCode=osi&th=1&psc=1"><img src="https://m.media-amazon.com/images/I/31PSmI7nKIL._SL500_.jpg" alt="Product Image"></a><p>Neutrogena Beach Defense Sunscreen Spray SPF 50 Water-Resistant Body Spray with Broad Spectrum , PABA-Free, Oxybenzone-Free & Fast-Drying, Superior Sun Protection, 6.5 oz, Transparent</p><p>$9.88 ($1.52 / Ounce)</p><a href="https://www.amazon.com/dp/B07X1YDGSF?tag=eloabder-20&linkCode=osi&th=1&psc=1">View Product</a></div>
<div class="product"><a href="https://www.amazon.com/dp/B00JJPMXDO?tag=eloabder-20&linkCode=osi&th=1&psc=1"><img src="https://m.media-amazon.com/images/I/41xUbY21ojL._SL500_.jpg" alt="Product Image"></a><p>CeraVe Eye Repair Cream | Under Eye Cream For Puffiness And Bags Under Eyes | Hyaluronic Acid + Niacinamide + Marine Botanical Complex | Hydrating Eye Cream | Oil Free & Opthalmologist Tested</p><p>$13.43 ($26.86 / Ounce)</p><a href="https://www.amazon.com/dp/B00JJPMXDO?tag=eloabder-20&linkCode=osi&th=1&psc=1">View Product</a></div><div class="product"><a href="https://www.amazon.com/dp/B0B3GCCRVH?tag=eloabder-20&linkCode=osi&th=1&psc=1"><img src="https://m.media-amazon.com/images/I/41EdCdrw-AL._SL500_.jpg" alt="Product Image"></a><p>CeraVe Skin Renewing Eye Cream For Wrinkles | Under Eye Cream With Peptides + Caffeine + Niacinamide | Anti Aging Eye Cream For Wrinkles & Crows Feet | Paraben Free & Opthalmologist Tested</p><p>$18.49 ($36.98 / Ounce)</p><a href="https://www.amazon.com/dp/B0B3GCCRVH?tag=eloabder-20&linkCode=osi&th=1&psc=1">View Product</a></div><div class="product"><a href="https://www.amazon.com/dp/B00005333I?tag=eloabder-20&linkCode=osi&th=1&psc=1"><img src="https://m.media-amazon.com/images/I/31webfO63dL._SL500_.jpg" alt="Product Image"></a><p>L'Oreal Paris Dermo-Expertise Eye Defense Eye Cream with Caffeine and Hyaluronic Acid 0.5 oz</p><p>$12.27 ($24.54 / Ounce)</p><a href="https://www.amazon.com/dp/B00005333I?tag=eloabder-20&linkCode=osi&th=1&psc=1">View Product</a></div><div class="product"><a href="https://www.amazon.com/dp/B0CZJ8N83D?tag=eloabder-20&linkCode=osi&th=1&psc=1"><img src="https://m.media-amazon.com/images/I/31fQO3OHiML._SL500_.jpg" alt="Product Image"></a><p>PRIME PROMETICS PrimeEyes Hydrate Under Eye Cream for Mature Women – Hydrating Eye Cream for Dark Circles and Wrinkle Repair – Soft, Glowing & Healthy Under Eyes</p><p>$62.00</p><a href="https://www.amazon.com/dp/B0CZJ8N83D?tag=eloabder-20&linkCode=osi&th=1&psc=1">View Product</a></div><div class="product"><a href="https://www.amazon.com/dp/B0009RFB76?tag=eloabder-20&linkCode=osi&th=1&psc=1"><img src="https://m.media-amazon.com/images/I/31M2iQDNDOL._SL500_.jpg" alt="Product Image"></a><p>RoC Retinol Correxion Under Eye Cream for Dark Circles & Puffiness, Daily Wrinkle Cream, Anti Aging Line Smoothing Skin Care Treatment for Women and Men, 0.5 oz (Packaging May Vary)</p><p>$19.77 ($39.54 / Fl Oz)</p><a href="https://www.amazon.com/dp/B0009RFB76?tag=eloabder-20&linkCode=osi&th=1&psc=1">View Product</a></div><div class="product"><a href="https://www.amazon.com/dp/B0D3TG6MN3?tag=eloabder-20&linkCode=osi&th=1&psc=1"><img src="https://m.media-amazon.com/images/I/21-DQIJf5xL._SL500_.jpg" alt="Product Image"></a><p>Dr.Melaxin Eyephalt Eyebag Cream for Puffiness, Dark Circles&Fine Lines | EGF Anti-Aging Under Eye Moisturizer with Niacinamide&Ceramide 0.33 fl.oz.</p><p>$59.00 ($178.79 / Fl Oz)</p><a href="https://www.amazon.com/dp/B0D3TG6MN3?tag=eloabder-20&linkCode=osi&th=1&psc=1">View Product</a></div><div class="product"><a href="https://www.amazon.com/dp/B07CKJRJXB?tag=eloabder-20&linkCode=osi&th=1&psc=1"><img src="https://m.media-amazon.com/images/I/31pJCzbhXrL._SL500_.jpg" alt="Product Image"></a><p>No7 Lift & Luminate Triple Action Eye Cream - Anti-Aging Under Eye Cream for Dark Circles, Puffiness & Wrinkles - Formulated with Vitamin C to Brighten and Refresh Tired Eyes (0.5 Fl Oz)</p><p>$15.99</p><a href="https://www.amazon.com/dp/B07CKJRJXB?tag=eloabder-20&linkCode=osi&th=1&psc=1">View Product</a></div>
<div class="product"><a href="https://www.amazon.com/dp/B0BBSP2JNQ?tag=eloabder-20&linkCode=osi&th=1&psc=1"><img src="https://m.media-amazon.com/images/I/51qb7tiAJgL._SL500_.jpg" alt="Product Image"></a><p>SimplyVital Face Moisturizer Collagen Cream - Anti Aging Neck and Décolleté - Made in USA Day & Night Face Cream - Moisturizing, Lifting & Recovery – 1.7oz</p><p>$22.89 ($13.46 / Fl Oz)</p><a href="https://www.amazon.com/dp/B0BBSP2JNQ?tag=eloabder-20&linkCode=osi&th=1&psc=1">View Product</a></div><div class="product"><a href="https://www.amazon.com/dp/B008EKY8VK?tag=eloabder-20&linkCode=osi&th=1&psc=1"><img src="https://m.media-amazon.com/images/I/419EZkaOOIL._SL500_.jpg" alt="Product Image"></a><p>L'Oreal Paris Revitalift Triple Power Anti-Aging Face Moisturizer, Pro Retinol, Hyaluronic Acid & Vitamin C to Reduce Wrinkles, Firm & Brighten Skin, 1.7 Oz</p><p>$17.86 ($10.51 / Ounce)</p><a href="https://www.amazon.com/dp/B008EKY8VK?tag=eloabder-20&linkCode=osi&th=1&psc=1">View Product</a></div><div class="product"><a href="https://www.amazon.com/dp/B00HNSSPDG?tag=eloabder-20&linkCode=osi&th=1&psc=1"><img src="https://m.media-amazon.com/images/I/41zARcUorbL._SL500_.jpg" alt="Product Image"></a><p>Neutrogena Triple Age Repair Anti-Aging Night Cream with Vitamin C; Fights Wrinkles & Evens Tone, Firming Anti-Wrinkle Face & Neck Cream; Glycerin & Shea Butter, 1.7 oz</p><p>$19.19 ($11.29 / Ounce)</p><a href="https://www.amazon.com/dp/B00HNSSPDG?tag=eloabder-20&linkCode=osi&th=1&psc=1">View Product</a></div><div class="product"><a href="https://www.amazon.com/dp/B0C9H6PD9B?tag=eloabder-20&linkCode=osi&th=1&psc=1"><img src="https://m.media-amazon.com/images/I/51MQp9qtYZL._SL500_.jpg" alt="Product Image"></a><p>Collagen Face Moisturizer with Airless Pump - Collagen Botanical Stem Cells Cream for Skin with Retinol, Niacinamide, Hyaluronic Acid - Anti-Aging Day & Night Cream - Made in USA (1.7 Oz)</p><p>$14.99 ($8.82 / Ounce)</p><a href="https://www.amazon.com/dp/B0C9H6PD9B?tag=eloabder-20&linkCode=osi&th=1&psc=1">View Product</a></div><div class="product"><a href="https://www.amazon.com/dp/B01ES349CY?tag=eloabder-20&linkCode=osi&th=1&psc=1"><img src="https://m.media-amazon.com/images/I/51C9olHbYgL._SL500_.jpg" alt="Product Image"></a><p>LilyAna Naturals Retinol Cream - Made in USA, Anti Aging Moisturizer for Face and Neck,Wrinkle, Retinol Complex - 1.7oz</p><p>$18.16 ($10.68 / Ounce)</p><a href="https://www.amazon.com/dp/B01ES349CY?tag=eloabder-20&linkCode=osi&th=1&psc=1">View Product</a></div><div class="product"><a href="https://www.amazon.com/dp/B00QSHEN0M?tag=eloabder-20&linkCode=osi&th=1&psc=1"><img src="https://m.media-amazon.com/images/I/41XiN2SLyrL._SL500_.jpg" alt="Product Image"></a><p>Burt's Bees Renewal Firming Face Cream, Anti-Aging Retinol Alternative, Moisturizing Natural Origin Skin Care, 1.8 Ounce (Packaging May Vary)</p><p>$9.75 ($5.42 / Ounce)</p><a href="https://www.amazon.com/dp/B00QSHEN0M?tag=eloabder-20&linkCode=osi&th=1&psc=1">View Product</a></div><div class="product"><a href="https://www.amazon.com/dp/B0744JV661?tag=eloabder-20&linkCode=osi&th=1&psc=1"><img src="https://m.media-amazon.com/images/I/41uJ0OhvRuL._SL500_.jpg" alt="Product Image"></a><p>RoC Retinol Correxion Max Daily Hydration Anti-Aging Face Moisturizer with Hyaluronic Acid, Oil Free Skin Care Cream for Fine Lines, Dark Spots, Post-Acne Scars, 1.7 Ounces (Packaging May Vary)</p><p>$21.53 ($12.66 / Ounce)</p><a href="https://www.amazon.com/dp/B0744JV661?tag=eloabder-20&linkCode=osi&th=1&psc=1">View Product</a></div><div class="product"><a href="https://www.amazon.com/dp/B004D2C57M?tag=eloabder-20&linkCode=osi&th=1&psc=1"><img src="https://m.media-amazon.com/images/I/4106jzuxtsL._SL500_.jpg" alt="Product Image"></a><p>Neutrogena Retinol Face Moisturizer, Rapid Wrinkle Repair with SPF 30 Sunscreen, Daily Anti-Aging Face Cream with Retinol & Hyaluronic Acid to Fight Fine Lines, Wrinkles, & Dark Spots, 1 fl. oz</p><p>$17.14</p><a href="https://www.amazon.com/dp/B004D2C57M?tag=eloabder-20&linkCode=osi&th=1&psc=1">View Product</a></div><div class="product"><a href="https://www.amazon.com/dp/B0B5TBVX6C?tag=eloabder-20&linkCode=osi&th=1&psc=1"><img src="https://m.media-amazon.com/images/I/51nRJsctWHL._SL500_.jpg" alt="Product Image"></a><p>Retinol Cream for Face - Facial Moisturizer with Collagen and Hyaluronic Acid, Anti-Wrinkle Reduce Fine Lines Vitamin C+E Natural-Ingredient Day Night Anti-Aging For Women Men</p><p>$14.99 ($8.82 / Fl Oz)</p><a href="https://www.amazon.com/dp/B0B5TBVX6C?tag=eloabder-20&linkCode=osi&th=1&psc=1">View Product</a></div>
<div class="product"><a href="https://www.amazon.com/dp/B00DG8F02Q?tag=eloabder-20&linkCode=osi&th=1&psc=1"><img src="https://m.media-amazon.com/images/I/31+WLRw2Y6L._SL500_.jpg" alt="Product Image"></a><p>NIVEA Shea Nourish Body Lotion, 48-Hour Moisturizing Shea Butter Lotion for Dry Skin with Deep Nourishing Serum, 16.9 Fl Oz Pump Bottle</p><p>$6.29 ($0.37 / Fl Oz)</p><a href="https://www.amazon.com/dp/B00DG8F02Q?tag=eloabder-20&linkCode=osi&th=1&psc=1">View Product</a></div><div class="product"><a href="https://www.amazon.com/dp/B076G2XGY3?tag=eloabder-20&linkCode=osi&th=1&psc=1"><img src="https://m.media-amazon.com/images/I/41jIXvha20L._SL500_.jpg" alt="Product Image"></a><p>NIVEA Essentially Enriched Body Lotion for Dry Skin, Pack of 2, 16.9 Fl Oz Pump Bottles</p><p>$10.98 ($0.32 / Fl Oz)</p><a href="https://www.amazon.com/dp/B076G2XGY3?tag=eloabder-20&linkCode=osi&th=1&psc=1">View Product</a></div><div class="product"><a href="https://www.amazon.com/dp/B00DG8EZKO?tag=eloabder-20&linkCode=osi&th=1&psc=1"><img src="https://m.media-amazon.com/images/I/31DT3ghuyXL._SL500_.jpg" alt="Product Image"></a><p>NIVEA Intense Healing Body Lotion for Dry Skin, 72-Hour Moisturizing Lotion with Deep Nourishing Serum and Provitamin B5, 16.9 Fl Oz Pump Bottle</p><p>$6.29 ($0.37 / Fl Oz)</p><a href="https://www.amazon.com/dp/B00DG8EZKO?tag=eloabder-20&linkCode=osi&th=1&psc=1">View Product</a></div><div class="product"><a href="https://www.amazon.com/dp/B08KT5HM98?tag=eloabder-20&linkCode=osi&th=1&psc=1"><img src="https://m.media-amazon.com/images/I/311EVJ1x7tL._SL500_.jpg" alt="Product Image"></a><p>eos Shea Better Body Lotion- Coconut Waters, 24-Hour Moisture Skin Care, Lightweight & Non-Greasy, Made with Natural Shea, Vegan, 16 fl oz</p><p>$8.98 ($0.56 / Fl Oz)</p><a href="https://www.amazon.com/dp/B08KT5HM98?tag=eloabder-20&linkCode=osi&th=1&psc=1">View Product</a></div><div class="product"><a href="https://www.amazon.com/dp/B0034F9K36?tag=eloabder-20&linkCode=osi&th=1&psc=1"><img src="https://m.media-amazon.com/images/I/319i3EFVPvL._SL500_.jpg" alt="Product Image"></a><p>Jergens Ultra Healing Dry Skin Moisturizer, Body and Hand Lotion for Dry Skin, for Quick Absorption into Extra Dry Skin, with HYDRALUCENCE blend, Vitamins C, E, and B5, 32 Ounce</p><p>$8.17 ($0.26 / Fl Oz)</p><a href="https://www.amazon.com/dp/B0034F9K36?tag=eloabder-20&linkCode=osi&th=1&psc=1">View Product</a></div><div class="product"><a href="https://www.amazon.com/dp/B003JT8PKQ?tag=eloabder-20&linkCode=osi&th=1&psc=1"><img src="https://m.media-amazon.com/images/I/31TFisQDpKL._SL500_.jpg" alt="Product Image"></a><p>Lubriderm Daily Moisture Lotion + Pro-Ceramide with Shea Butter & Glycerin Helps Moisturize Dry Skin, Hydrating Face, Hand & Body Lotion is Lightly Scented & Non-Greasy, 24 fl. oz</p><p>$10.12 ($0.42 / Fl Oz)</p><a href="https://www.amazon.com/dp/B003JT8PKQ?tag=eloabder-20&linkCode=osi&th=1&psc=1">View Product</a></div><div class="product"><a href="https://www.amazon.com/dp/B07RK4HST7?tag=eloabder-20&linkCode=osi&th=1&psc=1"><img src="https://m.media-amazon.com/images/I/412DGoW35mL._SL500_.jpg" alt="Product Image"></a><p>CeraVe Daily Moisturizing Lotion for Dry Skin | Body Lotion & Face Moisturizer with Hyaluronic Acid and Ceramides | Daily Moisturizer | Fragrance Free | Oil-Free | 19 Ounce</p><p>$18.50 ($0.97 / Fl Oz)</p><a href="https://www.amazon.com/dp/B07RK4HST7?tag=eloabder-20&linkCode=osi&th=1&psc=1">View Product</a></div><div class="product"><a href="https://www.amazon.com/dp/B0D484X4RL?tag=eloabder-20&linkCode=osi&th=1&psc=1"><img src="https://m.media-amazon.com/images/I/31rZLOx+KEL._SL500_.jpg" alt="Product Image"></a><p>Native Body Lotion Contains Naturally Derived Plant-Based Moisturizers for Women and Men | Restores Dry Skin, Coconut & Vanilla, 16.5 fl oz</p><p>$13.97 ($0.85 / Fl Oz)</p><a href="https://www.amazon.com/dp/B0D484X4RL?tag=eloabder-20&linkCode=osi&th=1&psc=1">View Product</a></div><div class="product"><a href="https://www.amazon.com/dp/B073CXZ8KR?tag=eloabder-20&linkCode=osi&th=1&psc=1"><img src="https://m.media-amazon.com/images/I/31r1ImnqoOL._SL500_.jpg" alt="Product Image"></a><p>Nivea Oil Infused Cherry Blossom and Jojoba Oil Body Lotion, Non-Greasy Cherry Blossom Scented Lotion Moisturizes for 24+ Hours, 16.9 Fl Oz Pump Bottle</p><p>$6.29 ($0.37 / Fl Oz)</p><a href="https://www.amazon.com/dp/B073CXZ8KR?tag=eloabder-20&linkCode=osi&th=1&psc=1">View Product</a></div><div class="product"><a href="https://www.amazon.com/dp/B09HHBKK15?tag=eloabder-20&linkCode=osi&th=1&psc=1"><img src="https://m.media-amazon.com/images/I/31gFI+hSGmL._SL500_.jpg" alt="Product Image"></a><p>Amazon Basics Cocoa Butter Body Lotion, Lightly scented, 20.3 fl oz</p><p>$4.89 ($0.24 / Fl Oz)</p><a href="https://www.amazon.com/dp/B09HHBKK15?tag=eloabder-20&linkCode=osi&th=1&psc=1">View Product</a></div>
<div class="product"><a href="https://www.amazon.com/dp/B0BVBZPX9B?tag=eloabder-20&linkCode=osi&th=1&psc=1"><img src="https://m.media-amazon.com/images/I/61Y09jlKZkL._SL500_.jpg" alt="Product Image"></a><p>Dove Deep Moisture Body Wash 30.6 Fl Oz Pack of 3 with Pump, Luxurious Hydration for Dry Skin, Cleanser with 24hr Renewing MicroMoisture</p><p>$23.22 ($0.25 / Fl Oz)</p><a href="https://www.amazon.com/dp/B0BVBZPX9B?tag=eloabder-20&linkCode=osi&th=1&psc=1">View Product</a></div><div class="product"><a href="https://www.amazon.com/dp/B0BT1VXDGD?tag=eloabder-20&linkCode=osi&th=1&psc=1"><img src="https://m.media-amazon.com/images/I/217eAv7yKyL._SL500_.jpg" alt="Product Image"></a><p>Method Body Wash, Pure Peace, Paraben and Phthalate Free, Biodegradable Formula, 28 oz (Pack of 1)</p><p>$11.48 ($0.41 / Fl Oz)</p><a href="https://www.amazon.com/dp/B0BT1VXDGD?tag=eloabder-20&linkCode=osi&th=1&psc=1">View Product</a></div><div class="product"><a href="https://www.amazon.com/dp/B0BVBYQGTW?tag=eloabder-20&linkCode=osi&th=1&psc=1"><img src="https://m.media-amazon.com/images/I/61En44WjwPL._SL500_.jpg" alt="Product Image"></a><p>Dove Body Wash with Pump Sensitive Skin 3 Count Hypoallergenic, Paraben-Free, Sulfate-Free, Cruelty-Free, Moisturizing Skin Cleanser Effectively Washes Away Bacteria While Nourishing Skin 30.6 oz</p><p>$23.22 ($0.25 / Fl Oz)</p><a href="https://www.amazon.com/dp/B0BVBYQGTW?tag=eloabder-20&linkCode=osi&th=1&psc=1">View Product</a></div><div class="product"><a href="https://www.amazon.com/dp/B0CGY5BLBW?tag=eloabder-20&linkCode=osi&th=1&psc=1"><img src="https://m.media-amazon.com/images/I/61X7MjVU6uL._SL500_.jpg" alt="Product Image"></a><p>Dove Exfoliating Body Wash Glow Recharge Energizes & illuminates skin 3% brightening serum with vitamin C 18.5 oz</p><p>$9.79 ($0.53 / Fl Oz)</p><a href="https://www.amazon.com/dp/B0CGY5BLBW?tag=eloabder-20&linkCode=osi&th=1&psc=1">View Product</a></div><div class="product"><a href="https://www.amazon.com/dp/B082QB23YG?tag=eloabder-20&linkCode=osi&th=1&psc=1"><img src="https://m.media-amazon.com/images/I/31QPAuuaLwL._SL500_.jpg" alt="Product Image"></a><p>NIVEA Refreshing White Peach and Jasmine Body Wash, Scented Body Wash with Nourishing Serum, Plant-Derived Oils, Essential Skin Lipids and Vitamins, 20 Fl Oz Bottle</p><p>$4.89 ($0.24 / Fl Oz)</p><a href="https://www.amazon.com/dp/B082QB23YG?tag=eloabder-20&linkCode=osi&th=1&psc=1">View Product</a></div><div class="product"><a href="https://www.amazon.com/dp/B0BHH1LBX2?tag=eloabder-20&linkCode=osi&th=1&psc=1"><img src="https://m.media-amazon.com/images/I/41aG-jLyOqL._SL500_.jpg" alt="Product Image"></a><p>Olay Ultra Rich Moisture Body Wash for Women, Deeply Nourishes, Vitamin B3 Complex, Clinically Proven, Shea Butter Scent, 22 fl oz (Pack of 4)</p><p>$27.96 ($0.32 / Fl Oz)</p><a href="https://www.amazon.com/dp/B0BHH1LBX2?tag=eloabder-20&linkCode=osi&th=1&psc=1">View Product</a></div><div class="product"><a href="https://www.amazon.com/dp/B07FD24RTR?tag=eloabder-20&linkCode=osi&th=1&psc=1"><img src="https://m.media-amazon.com/images/I/31klAgInvXL._SL500_.jpg" alt="Product Image"></a><p>Aveeno Stress Relief Body Wash with Soothing Oat for Sensitive Skin, Lavender Body Wash to help you feel Calm and Relaxed, Sulfate-Free, 33 FL OZ</p><p>$13.48 ($0.41 / Fl Oz)</p><a href="https://www.amazon.com/dp/B07FD24RTR?tag=eloabder-20&linkCode=osi&th=1&psc=1">View Product</a></div><div class="product"><a href="https://www.amazon.com/dp/B082QC2MCX?tag=eloabder-20&linkCode=osi&th=1&psc=1"><img src="https://m.media-amazon.com/images/I/31ohT5XH1TS._SL500_.jpg" alt="Product Image"></a><p>NIVEA Shea Butter Nourishing Body Wash, Moisturizing Body Wash with Nourishing Serum, Plant-Derived Oils, Essential Skin Lipids and Vitamins, 20 Fl Oz Bottle</p><p>$5.29 ($0.26 / Fl Oz)</p><a href="https://www.amazon.com/dp/B082QC2MCX?tag=eloabder-20&linkCode=osi&th=1&psc=1">View Product</a></div><div class="product"><a href="https://www.amazon.com/dp/B0BVBYDTZ6?tag=eloabder-20&linkCode=osi&th=1&psc=1"><img src="https://m.media-amazon.com/images/I/61UbJzK8yIL._SL500_.jpg" alt="Product Image"></a><p>Dove Body Wash with Pump Refreshing Cucumber and Green Tea 3 Count Refreshes Skin Cleanser That Effectively Washes Away Bacteria While Nourishing Your Skin 30.6 oz</p><p>$29.91 ($0.33 / Fl Oz)</p><a href="https://www.amazon.com/dp/B0BVBYDTZ6?tag=eloabder-20&linkCode=osi&th=1&psc=1">View Product</a></div><div class="product"><a href="https://www.amazon.com/dp/B082QBPDJC?tag=eloabder-20&linkCode=osi&th=1&psc=1"><img src="https://m.media-amazon.com/images/I/31tC4JDwHQL._SL500_.jpg" alt="Product Image"></a><p>NIVEA Coconut and Almond Milk Pampering Body Wash, Moisturizing Body Wash with Nourishing Serum, Plant-Derived Oils, Essential Skin Lipids and Vitamins, 20 Fl Oz Bottle</p><p>$4.99 ($0.25 / Fl Oz)</p><a href="https://www.amazon.com/dp/B082QBPDJC?tag=eloabder-20&linkCode=osi&th=1&psc=1">View Product</a></div>
<div class="product"><a href="https://www.amazon.com/dp/B07N7MWX72?tag=eloabder-20&linkCode=osi&th=1&psc=1"><img src="https://m.media-amazon.com/images/I/414aNTDFuRL._SL500_.jpg" alt="Product Image"></a><p>Mielle Organics Rosemary Mint Strengthening Shampoo Infused with Biotin, Cleanses and Helps Strengthen Weak and Brittle Hair, 12 Ounces</p><p>$9.97 ($0.83 / Fl Oz)</p><a href="https://www.amazon.com/dp/B07N7MWX72?tag=eloabder-20&linkCode=osi&th=1&psc=1">View Product</a></div><div class="product"><a href="https://www.amazon.com/dp/B01N97PCBH?tag=eloabder-20&linkCode=osi&th=1&psc=1"><img src="https://m.media-amazon.com/images/I/41KYNMCTIPL._SL500_.jpg" alt="Product Image"></a><p>Garnier Fructis Pure Clean Purifying Shampoo, Silicone-Free, 12.5 Fl Oz, 1 Count (Packaging May Vary)</p><p>$3.97 ($0.32 / Fl Oz)</p><a href="https://www.amazon.com/dp/B01N97PCBH?tag=eloabder-20&linkCode=osi&th=1&psc=1">View Product</a></div><div class="product"><a href="https://www.amazon.com/dp/B07D37PQGL?tag=eloabder-20&linkCode=osi&th=1&psc=1"><img src="https://m.media-amazon.com/images/I/31+tZhs5TNL._SL500_.jpg" alt="Product Image"></a><p>Olaplex No. 4 Bond Maintenance Shampoo, Repairs, Strengthens, & Nourishes All Hair Types, Adds Shine & Leaves Hair Feeling Soft, 8.5 fl oz</p><p>$30.00 ($3.53 / Fl Oz)</p><a href="https://www.amazon.com/dp/B07D37PQGL?tag=eloabder-20&linkCode=osi&th=1&psc=1">View Product</a></div><div class="product"><a href="https://www.amazon.com/dp/B084LHV2M1?tag=eloabder-20&linkCode=osi&th=1&psc=1"><img src="https://m.media-amazon.com/images/I/4174ry43L0L._SL500_.jpg" alt="Product Image"></a><p>Herbal Essences Hello hydration shampoo shampooing for hair 29.2 FL OZ</p><p>$7.97 ($0.27 / Fl Oz)</p><a href="https://www.amazon.com/dp/B084LHV2M1?tag=eloabder-20&linkCode=osi&th=1&psc=1">View Product</a></div><div class="product"><a href="https://www.amazon.com/dp/B08SSM21R4?tag=eloabder-20&linkCode=osi&th=1&psc=1"><img src="https://m.media-amazon.com/images/I/31WbRm+ZKEL._SL500_.jpg" alt="Product Image"></a><p>Redken All Soft Shampoo | Deeply Moisturizes and Hydrates | Softens, Smooths, and Adds Shine | Safe for Color-Treated Hair | Nourishing Shampoo for Dry Hair | With Argan Oil</p><p>$26.00 ($2.57 / Fl Oz)</p><a href="https://www.amazon.com/dp/B08SSM21R4?tag=eloabder-20&linkCode=osi&th=1&psc=1">View Product</a></div><div class="product"><a href="https://www.amazon.com/dp/B0D4SBLLRJ?tag=eloabder-20&linkCode=osi&th=1&psc=1"><img src="https://m.media-amazon.com/images/I/41uWwx+mKwL._SL500_.jpg" alt="Product Image"></a><p>Olaplex Wash and Shine Kit</p><p>$57.00</p><a href="https://www.amazon.com/dp/B0D4SBLLRJ?tag=eloabder-20&linkCode=osi&th=1&psc=1">View Product</a></div><div class="product"><a href="https://www.amazon.com/dp/B086S4Q7JH?tag=eloabder-20&linkCode=osi&th=1&psc=1"><img src="https://m.media-amazon.com/images/I/51i3YLQncNL._SL500_.jpg" alt="Product Image"></a><p>Herbal Essences Shampoo and Conditioner Set, Vitamin E, Rose Hips and Jojoba Extract, Smooth Collection, Bundle</p><p>$13.81 ($0.24 / Fl Oz)</p><a href="https://www.amazon.com/dp/B086S4Q7JH?tag=eloabder-20&linkCode=osi&th=1&psc=1">View Product</a></div><div class="product"><a href="https://www.amazon.com/dp/B01ENCBOA0?tag=eloabder-20&linkCode=osi&th=1&psc=1"><img src="https://m.media-amazon.com/images/I/41wcbs9bSAL._SL500_.jpg" alt="Product Image"></a><p>Rosemary and Biotin Shampoo for Thinning Hair - Vegan Volumizing Shampoo for Fine Hair with Argan and Tea Tree Oil - Paraben Silicone and Sulfate Free Shampoo for Dry Damaged Weak and Thin Hair Care</p><p>$12.95 ($1.62 / Fl Oz)</p><a href="https://www.amazon.com/dp/B01ENCBOA0?tag=eloabder-20&linkCode=osi&th=1&psc=1">View Product</a></div><div class="product"><a href="https://www.amazon.com/dp/B07NQ69L7P?tag=eloabder-20&linkCode=osi&th=1&psc=1"><img src="https://m.media-amazon.com/images/I/51c83KZZLJL._SL500_.jpg" alt="Product Image"></a><p>Herbal Essences Argan Oil of Morocco Shampoo & Conditioner Set, Repair & Smooth, Kew Endorsed, Fizzy Citrus Scent, Paraben-Free, Safe for Color-Treated Hair, pH-Balanced, 20.2 Fl Oz Each, 2 Pack</p><p>$24.99</p><a href="https://www.amazon.com/dp/B07NQ69L7P?tag=eloabder-20&linkCode=osi&th=1&psc=1">View Product</a></div>
<div class="product"><a href="https://www.amazon.com/dp/B0891BBRHW?tag=eloabder-20&linkCode=osi&th=1&psc=1"><img src="https://m.media-amazon.com/images/I/31ndDwe7VSL._SL500_.jpg" alt="Product Image"></a><p>Pureology Hydrate Moisturizing Conditioner | Softens and Deeply Hydrates Dry Hair | For Medium to Thick Color Treated or Natural Hair | Sulfate Free Conditioner | Vegan</p><p>$37.00 ($4.11 / Fl Oz)</p><a href="https://www.amazon.com/dp/B0891BBRHW?tag=eloabder-20&linkCode=osi&th=1&psc=1">View Product</a></div><div class="product"><a href="https://www.amazon.com/dp/B07D37SBHF?tag=eloabder-20&linkCode=osi&th=1&psc=1"><img src="https://m.media-amazon.com/images/I/31ivDW-ouZL._SL500_.jpg" alt="Product Image"></a><p>Olaplex No. 5 Bond Maintenance Conditioner, Repairs, Strengthens, & Nourishes All Hair Types, Leaving Hair Feeling Soft & Adds Shine, 8.5 fl oz"</p><p>$30.00 ($3.53 / Fl Oz)</p><a href="https://www.amazon.com/dp/B07D37SBHF?tag=eloabder-20&linkCode=osi&th=1&psc=1">View Product</a></div><div class="product"><a href="https://www.amazon.com/dp/B07CLD17F5?tag=eloabder-20&linkCode=osi&th=1&psc=1"><img src="https://m.media-amazon.com/images/I/61hTHQjDOkL._SL500_.jpg" alt="Product Image"></a><p>Dove Ultra Care Conditioner Coconut & Hydration for Dry Hair Conditioner with Coconut Oil, Jojoba Oil & Sweet Almond Oil 25.4 oz</p><p>$7.49 ($0.29 / Fl Oz)</p><a href="https://www.amazon.com/dp/B07CLD17F5?tag=eloabder-20&linkCode=osi&th=1&psc=1">View Product</a></div><div class="product"><a href="https://www.amazon.com/dp/B0752CBW5T?tag=eloabder-20&linkCode=osi&th=1&psc=1"><img src="https://m.media-amazon.com/images/I/31-KMa7LAlS._SL500_.jpg" alt="Product Image"></a><p>L'Oreal Paris Elvive Total Repair 5 Repairing Conditioner for Damaged Hair Conditioner with Protein and Ceramide for Strong Silky Shiny Healthy Renewed Hair 28 Fl Oz</p><p>$8.49 ($0.30 / Fl Oz)</p><a href="https://www.amazon.com/dp/B0752CBW5T?tag=eloabder-20&linkCode=osi&th=1&psc=1">View Product</a></div><div class="product"><a href="https://www.amazon.com/dp/B00L01DEII?tag=eloabder-20&linkCode=osi&th=1&psc=1"><img src="https://m.media-amazon.com/images/I/31EJqWmmSNL._SL500_.jpg" alt="Product Image"></a><p>Biolage Ultra Hydra Source Conditioning Balm | Deep Hydrating Conditioner | Renews Hair's Moisture | For Very Dry Hair | Silicone-Free | Vegan | Salon Conditioner | 33.8 Fl. Oz</p><p>$42.00 ($1.24 / Fl Oz)</p><a href="https://www.amazon.com/dp/B00L01DEII?tag=eloabder-20&linkCode=osi&th=1&psc=1">View Product</a></div><div class="product"><a href="https://www.amazon.com/dp/B08SSCQH77?tag=eloabder-20&linkCode=osi&th=1&psc=1"><img src="https://m.media-amazon.com/images/I/31P8RgJeqwL._SL500_.jpg" alt="Product Image"></a><p>Redken All Soft Conditioner | For Dry / Brittle Hair | Moisturizes & Provides Intense Softness | With Argan Oil | 10.1 Fl Oz</p><p>$26.00 ($2.57 / Fl Oz)</p><a href="https://www.amazon.com/dp/B08SSCQH77?tag=eloabder-20&linkCode=osi&th=1&psc=1">View Product</a></div><div class="product"><a href="https://www.amazon.com/dp/B074VLNPSG?tag=eloabder-20&linkCode=osi&th=1&psc=1"><img src="https://m.media-amazon.com/images/I/319FOowuSkL._SL500_.jpg" alt="Product Image"></a><p>Garnier Fructis Grow Strong Conditioner, 33.8 Fl Oz, 1 Count (Packaging May Vary)</p><p>$8.49 ($0.25 / Fl Oz)</p><a href="https://www.amazon.com/dp/B074VLNPSG?tag=eloabder-20&linkCode=osi&th=1&psc=1">View Product</a></div><div class="product"><a href="https://www.amazon.com/dp/B00JAI4FGI?tag=eloabder-20&linkCode=osi&th=1&psc=1"><img src="https://m.media-amazon.com/images/I/212rXWGPu1L._SL500_.jpg" alt="Product Image"></a><p>Biolage Color Last Conditioner | Helps Protect Hair & Maintain Vibrant Color | For Color-Treated and Natural Hair | Paraben & Silicone-Free | Vegan | Cruelty Free | Color Protecting Salon Conditioner</p><p>$24.00 ($1.78 / Fl Oz)</p><a href="https://www.amazon.com/dp/B00JAI4FGI?tag=eloabder-20&linkCode=osi&th=1&psc=1">View Product</a></div>
<div class="product"><a href="https://www.amazon.com/dp/B00I32AN4K?tag=eloabder-20&linkCode=osi&th=1&psc=1"><img src="https://m.media-amazon.com/images/I/51KpmxinYYL._SL500_.jpg" alt="Product Image"></a><p>Arvazallia Hydrating Argan Oil Hair Mask and Deep Conditioner for Dry or Damaged Hair - 8.45 Oz</p><p>$12.95 ($1.53 / Fl Oz)</p><a href="https://www.amazon.com/dp/B00I32AN4K?tag=eloabder-20&linkCode=osi&th=1&psc=1">View Product</a></div><div class="product"><a href="https://www.amazon.com/dp/B07H3GBSC3?tag=eloabder-20&linkCode=osi&th=1&psc=1"><img src="https://m.media-amazon.com/images/I/41I862UzKRL._SL500_.jpg" alt="Product Image"></a><p>amika soulfood nourishing Mask, 8 Fl oz</p><p>$34.00 ($4.25 / Fl Oz)</p><a href="https://www.amazon.com/dp/B07H3GBSC3?tag=eloabder-20&linkCode=osi&th=1&psc=1">View Product</a></div><div class="product"><a href="https://www.amazon.com/dp/B075L6BL61?tag=eloabder-20&linkCode=osi&th=1&psc=1"><img src="https://m.media-amazon.com/images/I/41zCFV7oGTL._SL500_.jpg" alt="Product Image"></a><p>Karseell Collagen Hair Treatment Deep Repair Conditioning Argan Oil Collagen Hair Mask Essence for Dry Damaged Hair All Hair Types 16.90 oz 500ml</p><p>$23.33 ($1.38 / Fl Oz)</p><a href="https://www.amazon.com/dp/B075L6BL61?tag=eloabder-20&linkCode=osi&th=1&psc=1">View Product</a></div><div class="product"><a href="https://www.amazon.com/dp/B0BQ54DQNM?tag=eloabder-20&linkCode=osi&th=1&psc=1"><img src="https://m.media-amazon.com/images/I/41uhtWPJeuL._SL500_.jpg" alt="Product Image"></a><p>Eva NYC Therapy Session Hair Mask, Deep Conditioning Hair Mask Infused with Argan Oil and Plant Protein, 16.9 fl oz</p><p>$19.00 ($1.12 / Fl Oz)</p><a href="https://www.amazon.com/dp/B0BQ54DQNM?tag=eloabder-20&linkCode=osi&th=1&psc=1">View Product</a></div><div class="product"><a href="https://www.amazon.com/dp/B01I2ZQJSG?tag=eloabder-20&linkCode=osi&th=1&psc=1"><img src="https://m.media-amazon.com/images/I/41ctrFUeQAL._SL500_.jpg" alt="Product Image"></a><p>Elizavecca cer-100 collagen coating hair protein treatment 100ml</p><p>$7.40 ($2.19 / Fl Oz)</p><a href="https://www.amazon.com/dp/B01I2ZQJSG?tag=eloabder-20&linkCode=osi&th=1&psc=1">View Product</a></div><div class="product"><a href="https://www.amazon.com/dp/B07N7NBYSP?tag=eloabder-20&linkCode=osi&th=1&psc=1"><img src="https://m.media-amazon.com/images/I/515lD0OXQ+L._SL500_.jpg" alt="Product Image"></a><p>Mielle Organics Rosemary Mint Strengthening Hair Masque, Essential Oil & Biotin Deep Treatment, Miracle Repair for Dry, Damaged, & Frizzy Hair, 12 Ounces</p><p>$9.97 ($0.83 / Ounce)</p><a href="https://www.amazon.com/dp/B07N7NBYSP?tag=eloabder-20&linkCode=osi&th=1&psc=1">View Product</a></div><div class="product"><a href="https://www.amazon.com/dp/B002N5MKMG?tag=eloabder-20&linkCode=osi&th=1&psc=1"><img src="https://m.media-amazon.com/images/I/41NxqnExYnL._SL500_.jpg" alt="Product Image"></a><p>Moroccanoil Intense Hydrating Mask, 8.5 Fl. Oz.</p><p>$42.00 ($4.94 / Fl Oz)</p><a href="https://www.amazon.com/dp/B002N5MKMG?tag=eloabder-20&linkCode=osi&th=1&psc=1">View Product</a></div><div class="product"><a href="https://www.amazon.com/dp/B07M7PP9KX?tag=eloabder-20&linkCode=osi&th=1&psc=1"><img src="https://m.media-amazon.com/images/I/41Mpv3wIxEL._SL500_.jpg" alt="Product Image"></a><p>Marc Anthony Grow Long Hair Anti-Breakage Mask, 10.4 OZ</p><p>$8.99 ($0.90 / Fl Oz)</p><a href="https://www.amazon.com/dp/B07M7PP9KX?tag=eloabder-20&linkCode=osi&th=1&psc=1">View Product</a></div><div class="product"><a href="https://www.amazon.com/dp/B09HR5KSR8?tag=eloabder-20&linkCode=osi&th=1&psc=1"><img src="https://m.media-amazon.com/images/I/51aIw6AhsXL._SL500_.jpg" alt="Product Image"></a><p>K18 Mini Leave-In Molecular Hair Mask, Repairs Dry or Damaged Hair, Reverse Hair Damage from Bleach, Color, Chemical Services & Heat, 0.51 Fl Oz</p><p>$29.00 ($56.86 / Fl Oz)</p><a href="https://www.amazon.com/dp/B09HR5KSR8?tag=eloabder-20&linkCode=osi&th=1&psc=1">View Product</a></div>
<div class="product"><a href="https://www.amazon.com/dp/B004J1MNII?tag=eloabder-20&linkCode=osi&th=1&psc=1"><img src="https://m.media-amazon.com/images/I/31nFgivW0gL._SL500_.jpg" alt="Product Image"></a><p>Moroccanoil Hydrating Styling Cream, Travel Size, 2.53 Fl Oz</p><p>$16.00 ($6.40 / Fl Oz)</p><a href="https://www.amazon.com/dp/B004J1MNII?tag=eloabder-20&linkCode=osi&th=1&psc=1">View Product</a></div><div class="product"><a href="https://www.amazon.com/dp/B00G187CP6?tag=eloabder-20&linkCode=osi&th=1&psc=1"><img src="https://m.media-amazon.com/images/I/31belqXvyyL._SL500_.jpg" alt="Product Image"></a><p>COLOR WOW One Minute Transformation – Instant frizz fix| Nourishing styling cream smooths, tames + defrizzes on the spot| Avocado oil + Omega 3’s hydrate, repair for silkier, smoother texture</p><p>$24.00</p><a href="https://www.amazon.com/dp/B00G187CP6?tag=eloabder-20&linkCode=osi&th=1&psc=1">View Product</a></div><div class="product"><a href="https://www.amazon.com/dp/B073CWSQ51?tag=eloabder-20&linkCode=osi&th=1&psc=1"><img src="https://m.media-amazon.com/images/I/41lIHxirIkL._SL500_.jpg" alt="Product Image"></a><p>COLOR WOW Dream Coat Supernatural Spray, 6.7 Fl Oz – Keep Your Hair Frizz-Free and Shiny No Matter the Weather with Award-Winning Anti-Humidity Treatment</p><p>$28.00 ($4.18 / Fl Oz)</p><a href="https://www.amazon.com/dp/B073CWSQ51?tag=eloabder-20&linkCode=osi&th=1&psc=1">View Product</a></div><div class="product"><a href="https://www.amazon.com/dp/B075RGHQVF?tag=eloabder-20&linkCode=osi&th=1&psc=1"><img src="https://m.media-amazon.com/images/I/21TgD3HaqbL._SL500_.jpg" alt="Product Image"></a><p>American Crew Men's Fiber Cream, Like Hair Gel with Medium Hold & Natural Shine, 3.3 Fl Oz</p><p>$9.94 ($3.01 / Ounce)</p><a href="https://www.amazon.com/dp/B075RGHQVF?tag=eloabder-20&linkCode=osi&th=1&psc=1">View Product</a></div><div class="product"><a href="https://www.amazon.com/dp/B0BLWTQ7JC?tag=eloabder-20&linkCode=osi&th=1&psc=1"><img src="https://m.media-amazon.com/images/I/31jMkcol7VL._SL500_.jpg" alt="Product Image"></a><p>DAE Cactus Fruit 3-In-1 Styling Cream - Smooth Styles, Prep Shiny Blowouts, Defines Curls (5 oz.)</p><p>$30.00 ($6.00 / Ounce)</p><a href="https://www.amazon.com/dp/B0BLWTQ7JC?tag=eloabder-20&linkCode=osi&th=1&psc=1">View Product</a></div><div class="product"><a href="https://www.amazon.com/dp/B00H3DOSPU?tag=eloabder-20&linkCode=osi&th=1&psc=1"><img src="https://m.media-amazon.com/images/I/317clPmAyiL._SL500_.jpg" alt="Product Image"></a><p>Biolage Styling Gelée | Firm Hold That Adds Body, Shine & Control | For All Hair Types | Paraben-Free | Vegan | 16.9 fl. oz. | 16.9 Fl. Oz</p><p>$24.00 ($1.42 / Fl Oz)</p><a href="https://www.amazon.com/dp/B00H3DOSPU?tag=eloabder-20&linkCode=osi&th=1&psc=1">View Product</a></div><div class="product"><a href="https://www.amazon.com/dp/B08SNSSTPZ?tag=eloabder-20&linkCode=osi&th=1&psc=1"><img src="https://m.media-amazon.com/images/I/31KrkpMat6L._SL500_.jpg" alt="Product Image"></a><p>L3 Level 3 Styling Powder - Natural Look Mens Powder - Easy to Apply with No Oil or Greasy Residue (Small - 30 Grams)</p><p>$9.99 ($9.51 / Fl Oz)</p><a href="https://www.amazon.com/dp/B08SNSSTPZ?tag=eloabder-20&linkCode=osi&th=1&psc=1">View Product</a></div><div class="product"><a href="https://www.amazon.com/dp/B09MZS3D3K?tag=eloabder-20&linkCode=osi&th=1&psc=1"><img src="https://m.media-amazon.com/images/I/31CADZzpR7L._SL500_.jpg" alt="Product Image"></a><p>Marc Anthony Biotin Styling Hair Cream, Instantly Thick - Biotin & Vitamin E Hair Thickening Cream, Lightweight Hold for Thicker & Fuller Hair - Volumizing Hair Product for Thin, Flat Hair</p><p>$8.99 ($1.82 / Ounce)</p><a href="https://www.amazon.com/dp/B09MZS3D3K?tag=eloabder-20&linkCode=osi&th=1&psc=1">View Product</a></div><div class="product"><a href="https://www.amazon.com/dp/B0009OMNQQ?tag=eloabder-20&linkCode=osi&th=1&psc=1"><img src="https://m.media-amazon.com/images/I/21BMUFOie3L._SL500_.jpg" alt="Product Image"></a><p>Paul Mitchell Extra-Body Sculpting Foam, Thickens + Builds Body, For Fine Hair, 6.7 oz.</p><p>$16.50 ($2.46 / Fl Oz)</p><a href="https://www.amazon.com/dp/B0009OMNQQ?tag=eloabder-20&linkCode=osi&th=1&psc=1">View Product</a></div>
<div class="product"><a href="https://www.amazon.com/dp/B09LXMXSMN?tag=eloabder-20&linkCode=osi&th=1&psc=1"><img src="https://m.media-amazon.com/images/I/51Sly6w-y7L._SL500_.jpg" alt="Product Image"></a><p>Revlon ColorSilk Beautiful Color Permanent Hair Color, Long-Lasting High-Definition Color, Shine & Silky Softness with 100% Gray Coverage, Ammonia Free, 41 Medium Brown, 3 Pack</p><p>$11.91 ($0.90 / Fl Oz)</p><a href="https://www.amazon.com/dp/B09LXMXSMN?tag=eloabder-20&linkCode=osi&th=1&psc=1">View Product</a></div><div class="product"><a href="https://www.amazon.com/dp/B004INIW1Y?tag=eloabder-20&linkCode=osi&th=1&psc=1"><img src="https://m.media-amazon.com/images/I/51QXVxOgEkL._SL500_.jpg" alt="Product Image"></a><p>L'Oreal Paris Excellence Creme Permanent Hair Color, 4 Dark Brown, 100 percent Gray Coverage Hair Dye, Pack of 1</p><p>$10.97</p><a href="https://www.amazon.com/dp/B004INIW1Y?tag=eloabder-20&linkCode=osi&th=1&psc=1">View Product</a></div><div class="product"><a href="https://www.amazon.com/dp/B00TUM6QUC?tag=eloabder-20&linkCode=osi&th=1&psc=1"><img src="https://m.media-amazon.com/images/I/511vRRkzayL._SL500_.jpg" alt="Product Image"></a><p>Schwarzkopf Keratin Color Permanent Hair Color, 6.0 Delicate Praline, 1 Application - Salon Inspired Permanent Hair Dye, for up to 80% Less Breakage vs Untreated Hair and up to 100% Gray Coverage</p><p>$11.97</p><a href="https://www.amazon.com/dp/B00TUM6QUC?tag=eloabder-20&linkCode=osi&th=1&psc=1">View Product</a></div><div class="product"><a href="https://www.amazon.com/dp/B00006JN4M?tag=eloabder-20&linkCode=osi&th=1&psc=1"><img src="https://m.media-amazon.com/images/I/41YBT6aEgWL._SL500_.jpg" alt="Product Image"></a><p>L'Oreal Paris Superior Preference Fade-Defying + Shine Permanent Hair Color, 6 Light Brown, Pack of 1, Hair Dye</p><p>$11.97</p><a href="https://www.amazon.com/dp/B00006JN4M?tag=eloabder-20&linkCode=osi&th=1&psc=1">View Product</a></div><div class="product"><a href="https://www.amazon.com/dp/B07HXH48TF?tag=eloabder-20&linkCode=osi&th=1&psc=1"><img src="https://m.media-amazon.com/images/I/51VP1hHWq9L._SL500_.jpg" alt="Product Image"></a><p>Garnier Hair Color Nutrisse Nourishing Creme, 50 Medium Natural Brown (Truffle) Permanent Hair Dye, 2 Count (Packaging May Vary)</p><p>$16.98 ($8.49 / Count)</p><a href="https://www.amazon.com/dp/B07HXH48TF?tag=eloabder-20&linkCode=osi&th=1&psc=1">View Product</a></div><div class="product"><a href="https://www.amazon.com/dp/B001UMV18M?tag=eloabder-20&linkCode=osi&th=1&psc=1"><img src="https://m.media-amazon.com/images/I/51h21IlxAhL._SL500_.jpg" alt="Product Image"></a><p>Garnier Hair Color Nutrisse Nourishing Creme, 415 Soft Mahogany Brown (Raspberry Truffle) Permanent Hair Dye, 1 Count (Packaging May Vary)</p><p>$8.47</p><a href="https://www.amazon.com/dp/B001UMV18M?tag=eloabder-20&linkCode=osi&th=1&psc=1">View Product</a></div><div class="product"><a href="https://www.amazon.com/dp/B0B3KWJ242?tag=eloabder-20&linkCode=osi&th=1&psc=1"><img src="https://m.media-amazon.com/images/I/41fqsQmb0VL._SL500_.jpg" alt="Product Image"></a><p>COLORCHARM Demi Permanent Hair Color, 3N Medium Neutral Brown 2 oz</p><p>$9.99 ($5.00 / Fl Oz)</p><a href="https://www.amazon.com/dp/B0B3KWJ242?tag=eloabder-20&linkCode=osi&th=1&psc=1">View Product</a></div>
<div class="product"><a href="https://www.amazon.com/dp/B01ACPW1SG?tag=eloabder-20&linkCode=osi&th=1&psc=1"><img src="https://m.media-amazon.com/images/I/41aIRzbHxNL._SL500_.jpg" alt="Product Image"></a><p>CoverGirl & Olay Simply Ageless 3-in-1 Liquid Foundation, Matte Finish, Hyaluronic & Vitamin C Formula, Cruelty Free, Classic Ivory, 1 Count</p><p>$10.49</p><a href="https://www.amazon.com/dp/B01ACPW1SG?tag=eloabder-20&linkCode=osi&th=1&psc=1">View Product</a></div><div class="product"><a href="https://www.amazon.com/dp/B07MWSP8SG?tag=eloabder-20&linkCode=osi&th=1&psc=1"><img src="https://m.media-amazon.com/images/I/31B37fmqI7L._SL500_.jpg" alt="Product Image"></a><p>e.l.f. Flawless Finish Foundation, Improves Uneven Skin Tone, Lightweight, Medium Coverage & Semi-Matte, Vegan & Cruelty-Free, Beige 0.67 Fl Oz</p><p>$6.00</p><a href="https://www.amazon.com/dp/B07MWSP8SG?tag=eloabder-20&linkCode=osi&th=1&psc=1">View Product</a></div><div class="product"><a href="https://www.amazon.com/dp/B00PFCSUNC?tag=eloabder-20&linkCode=osi&th=1&psc=1"><img src="https://m.media-amazon.com/images/I/41FK6ukLnvL._SL500_.jpg" alt="Product Image"></a><p>Maybelline Fit Me Matte + Poreless Liquid Oil-Free Foundation Makeup, Natural Ivory, 1 Count (Packaging May Vary)</p><p>$7.10</p><a href="https://www.amazon.com/dp/B00PFCSUNC?tag=eloabder-20&linkCode=osi&th=1&psc=1">View Product</a></div><div class="product"><a href="https://www.amazon.com/dp/B0BCGZMTSY?tag=eloabder-20&linkCode=osi&th=1&psc=1"><img src="https://m.media-amazon.com/images/I/31Qa6QbmaiL._SL500_.jpg" alt="Product Image"></a><p>L'Oreal Paris True Match Super-Blendable Foundation, Medium Coverage Liquid Foundation Makeup, N3, Light Medium, 1 Fl Oz</p><p>$9.97</p><a href="https://www.amazon.com/dp/B0BCGZMTSY?tag=eloabder-20&linkCode=osi&th=1&psc=1">View Product</a></div><div class="product"><a href="https://www.amazon.com/dp/B000IEMGGE?tag=eloabder-20&linkCode=osi&th=1&psc=1"><img src="https://m.media-amazon.com/images/I/41RtSkNmHSL._SL500_.jpg" alt="Product Image"></a><p>LAURA GELLER NEW YORK Award-Winning Baked Balance-n-Brighten Color Correcting Powder Foundation - Fair - Buildable Light to Medium Coverage - Demi-Matte Natural Finish</p><p>$22.13</p><a href="https://www.amazon.com/dp/B000IEMGGE?tag=eloabder-20&linkCode=osi&th=1&psc=1">View Product</a></div><div class="product"><a href="https://www.amazon.com/dp/B01LMMZY6O?tag=eloabder-20&linkCode=osi&th=1&psc=1"><img src="https://m.media-amazon.com/images/I/41WWjJXCsFL._SL500_.jpg" alt="Product Image"></a><p>IT Cosmetics Your Skin But Better CC+ Cream, Medium (W) - Color Correcting Cream, Full-Coverage Foundation, Hydrating Serum & SPF 50+ Sunscreen - Natural Finish - 1.08 fl oz</p><p>$47.00 ($43.52 / Fl Oz)</p><a href="https://www.amazon.com/dp/B01LMMZY6O?tag=eloabder-20&linkCode=osi&th=1&psc=1">View Product</a></div><div class="product"><a href="https://www.amazon.com/dp/B07CVFY5PQ?tag=eloabder-20&linkCode=osi&th=1&psc=1"><img src="https://m.media-amazon.com/images/I/416VSGy4SKL._SL500_.jpg" alt="Product Image"></a><p>MagicMinerals AirBrush Foundation by Jerome Alexander – 2pc Set with Airbrush Foundation and Kabuki Brush - Spray Makeup with Anti-aging Ingredients for Smooth Radiant Skin - Medium</p><p>$19.99 ($11.11 / Fl Oz)</p><a href="https://www.amazon.com/dp/B07CVFY5PQ?tag=eloabder-20&linkCode=osi&th=1&psc=1">View Product</a></div><div class="product"><a href="https://www.amazon.com/dp/B0039UTUZE?tag=eloabder-20&linkCode=osi&th=1&psc=1"><img src="https://m.media-amazon.com/images/I/41eXDpZ835L._SL500_.jpg" alt="Product Image"></a><p>Revlon Liquid Foundation, ColorStay Face Makeup for Combination & Oily Skin, SPF 15, Medium-Full Coverage with Matte Finish, Natural Beige ((220), 1.0 oz</p><p>$9.70</p><a href="https://www.amazon.com/dp/B0039UTUZE?tag=eloabder-20&linkCode=osi&th=1&psc=1">View Product</a></div><div class="product"><a href="https://www.amazon.com/dp/B00I52QPAE?tag=eloabder-20&linkCode=osi&th=1&psc=1"><img src="https://m.media-amazon.com/images/I/317EDqzSg+L._SL500_.jpg" alt="Product Image"></a><p>Revlon Liquid Foundation, Age Defying 3XFace Makeup, Anti-Aging and Firming Formula, SPF 30, Longwear Medium Buildable Coverage with Natural Finish, 035 Natural Beige, 1 Fl Oz</p><p>$13.48</p><a href="https://www.amazon.com/dp/B00I52QPAE?tag=eloabder-20&linkCode=osi&th=1&psc=1">View Product</a></div><div class="product"><a href="https://www.amazon.com/dp/B07H621Q3H?tag=eloabder-20&linkCode=osi&th=1&psc=1"><img src="https://m.media-amazon.com/images/I/31JtVpLZ4FL._SL500_.jpg" alt="Product Image"></a><p>L'Oreal Paris Makeup Infallible Up to 32 Hour Fresh Wear Lightweight Foundation, 420 True Beige, 1 Fl Oz, Packaging May Vary</p><p>$11.98</p><a href="https://www.amazon.com/dp/B07H621Q3H?tag=eloabder-20&linkCode=osi&th=1&psc=1">View Product</a></div>
<div class="product"><a href="https://www.amazon.com/dp/B07Q9V4KMJ?tag=eloabder-20&linkCode=osi&th=1&psc=1"><img src="https://m.media-amazon.com/images/I/31pro1JWTCL._SL500_.jpg" alt="Product Image"></a><p>Maybelline Instant Age Rewind Eraser Dark Circles Treatment Multi-Use Concealer, 115, 1 Count (Packaging May Vary)</p><p>$8.42</p><a href="https://www.amazon.com/dp/B07Q9V4KMJ?tag=eloabder-20&linkCode=osi&th=1&psc=1">View Product</a></div><div class="product"><a href="https://www.amazon.com/dp/B07ZR14WBZ?tag=eloabder-20&linkCode=osi&th=1&psc=1"><img src="https://m.media-amazon.com/images/I/313ljymBVaL._SL500_.jpg" alt="Product Image"></a><p>e.l.f. Hydrating Camo Concealer, Lightweight, Full Coverage, Long Lasting, Conceals, Corrects, Covers, Hydrates, Highlights, Light Sand, Satin Finish, 25 Shades, All-Day Wear, 0.20 Fl Oz</p><p>$7.00</p><a href="https://www.amazon.com/dp/B07ZR14WBZ?tag=eloabder-20&linkCode=osi&th=1&psc=1">View Product</a></div><div class="product"><a href="https://www.amazon.com/dp/B0046VJV36?tag=eloabder-20&linkCode=osi&th=1&psc=1"><img src="https://m.media-amazon.com/images/I/31-ZFCLgLcL._SL500_.jpg" alt="Product Image"></a><p>Maybelline New York Fit Me Liquid Concealer Makeup, Natural Coverage, Lightweight, Conceals, Covers Oil-Free, Fair, 1 Count (Packaging May Vary)</p><p>$6.31</p><a href="https://www.amazon.com/dp/B0046VJV36?tag=eloabder-20&linkCode=osi&th=1&psc=1">View Product</a></div><div class="product"><a href="https://www.amazon.com/dp/B07ZR1CQHS?tag=eloabder-20&linkCode=osi&th=1&psc=1"><img src="https://m.media-amazon.com/images/I/31s0zWRX+4L._SL500_.jpg" alt="Product Image"></a><p>e.l.f. 16HR Camo Concealer, Full Coverage, Highly Pigmented Concealer With Matte Finish, Crease-proof, Vegan & Cruelty-Free, Light Ivory, 0.203 Fl Oz</p><p>$7.00</p><a href="https://www.amazon.com/dp/B07ZR1CQHS?tag=eloabder-20&linkCode=osi&th=1&psc=1">View Product</a></div><div class="product"><a href="https://www.amazon.com/dp/B009WI05BU?tag=eloabder-20&linkCode=osi&th=1&psc=1"><img src="https://m.media-amazon.com/images/I/312BFbzGKlL._SL500_.jpg" alt="Product Image"></a><p>L.A. Girl Pro Concealer, Fawn, 0.28 Oz (LAX-GC983-A)</p><p>$4.99</p><a href="https://www.amazon.com/dp/B009WI05BU?tag=eloabder-20&linkCode=osi&th=1&psc=1">View Product</a></div><div class="product"><a href="https://www.amazon.com/dp/B0814SLHQH?tag=eloabder-20&linkCode=osi&th=1&psc=1"><img src="https://m.media-amazon.com/images/I/312GW4aGnRL._SL500_.jpg" alt="Product Image"></a><p>Neutrogena Healthy Skin Radiant Brightening Cream Concealer with Peptides & Vitamin E Antioxidant,Lightweight Perfecting Concealer,Non-Comedogenic,Bisque Light/Medium 02 neutral undertones,0.24 oz</p><p>$5.62</p><a href="https://www.amazon.com/dp/B0814SLHQH?tag=eloabder-20&linkCode=osi&th=1&psc=1">View Product</a></div><div class="product"><a href="https://www.amazon.com/dp/B06XQWS1N9?tag=eloabder-20&linkCode=osi&th=1&psc=1"><img src="https://m.media-amazon.com/images/I/31rKumTg1GL._SL500_.jpg" alt="Product Image"></a><p>COVERGIRL Smoothers Concealer, Medium 715, 0.14 ounce (packaging may vary)</p><p>$7.28</p><a href="https://www.amazon.com/dp/B06XQWS1N9?tag=eloabder-20&linkCode=osi&th=1&psc=1">View Product</a></div><div class="product"><a href="https://www.amazon.com/dp/B07GWH2GDP?tag=eloabder-20&linkCode=osi&th=1&psc=1"><img src="https://m.media-amazon.com/images/I/41U+lbOEtuL._SL500_.jpg" alt="Product Image"></a><p>IT Cosmetics Bye Bye Under Eye Full Coverage Concealer - for Dark Circles, Fine Lines, Redness & Discoloration – Waterproof - Anti-Aging - Natural Finish – 0.4 fl oz</p><p>$17.40 ($43.50 / Fl Oz)</p><a href="https://www.amazon.com/dp/B07GWH2GDP?tag=eloabder-20&linkCode=osi&th=1&psc=1">View Product</a></div><div class="product"><a href="https://www.amazon.com/dp/B07H67H5LH?tag=eloabder-20&linkCode=osi&th=1&psc=1"><img src="https://m.media-amazon.com/images/I/31bWoYCj-nL._SL500_.jpg" alt="Product Image"></a><p>L'Oreal Paris Makeup Infallible Full Wear Waterproof Matte Concealer, Full Coverage, Ivory, 0.33 fl. oz.</p><p>$10.82</p><a href="https://www.amazon.com/dp/B07H67H5LH?tag=eloabder-20&linkCode=osi&th=1&psc=1">View Product</a></div><div class="product"><a href="https://www.amazon.com/dp/B0B51NLJWQ?tag=eloabder-20&linkCode=osi&th=1&psc=1"><img src="https://m.media-amazon.com/images/I/31GXqccxM0L._SL500_.jpg" alt="Product Image"></a><p>Fièra Luxury Concealer with Anti-Aging - All Day Coverage for Dark Circles, Fine Lines, Wrinkles & Spots - Neutral Beige, 0.5 Ounce</p><p>$27.00</p><a href="https://www.amazon.com/dp/B0B51NLJWQ?tag=eloabder-20&linkCode=osi&th=1&psc=1">View Product</a></div>
<div class="product"><a href="https://www.amazon.com/dp/B092JQ23N5?tag=eloabder-20&linkCode=osi&th=1&psc=1"><img src="https://m.media-amazon.com/images/I/51OUufwItlL._SL500_.jpg" alt="Product Image"></a><p>URBAN DECAY 24/7 Longwear Eyeshadow Single (Sin - Champagne Shimmer), High-Pigment Eye Shadow Compact, Smooth & Blendable Colors, Crease-free, Vegan - 0.06 oz</p><p>$22.00</p><a href="https://www.amazon.com/dp/B092JQ23N5?tag=eloabder-20&linkCode=osi&th=1&psc=1">View Product</a></div><div class="product"><a href="https://www.amazon.com/dp/B01IW02HX2?tag=eloabder-20&linkCode=osi&th=1&psc=1"><img src="https://m.media-amazon.com/images/I/510F-WOAL4L._SL500_.jpg" alt="Product Image"></a><p>NYX PROFESSIONAL MAKEUP Ultimate Shadow Palette, Eyeshadow Palette - Warm Neutrals</p><p>$12.40</p><a href="https://www.amazon.com/dp/B01IW02HX2?tag=eloabder-20&linkCode=osi&th=1&psc=1">View Product</a></div><div class="product"><a href="https://www.amazon.com/dp/B085WR3YDT?tag=eloabder-20&linkCode=osi&th=1&psc=1"><img src="https://m.media-amazon.com/images/I/41cuO8PyoTL._SL500_.jpg" alt="Product Image"></a><p>wet n wild Color Icon Cream Eyeshadow Multi-Stick, Moisturizing, Nourishing Velvety Cream-to-Powder Buildable & Blendable Formula, Cruelty-Free & Vegan - Champagne Room</p><p>$3.28</p><a href="https://www.amazon.com/dp/B085WR3YDT?tag=eloabder-20&linkCode=osi&th=1&psc=1">View Product</a></div><div class="product"><a href="https://www.amazon.com/dp/B00L5SMFJU?tag=eloabder-20&linkCode=osi&th=1&psc=1"><img src="https://m.media-amazon.com/images/I/41-WaM3A3tL._SL500_.jpg" alt="Product Image"></a><p>Covergirl Eye Enhancers Eye Shadow Palette, Natural Nudes, 0.19 Ounce</p><p>$4.97</p><a href="https://www.amazon.com/dp/B00L5SMFJU?tag=eloabder-20&linkCode=osi&th=1&psc=1">View Product</a></div><div class="product"><a href="https://www.amazon.com/dp/B01LW1983J?tag=eloabder-20&linkCode=osi&th=1&psc=1"><img src="https://m.media-amazon.com/images/I/51EsPf59XBL._SL500_.jpg" alt="Product Image"></a><p>Julep Eyeshadow 101 Crème to Powder Waterproof Eyeshadow Stick, Champagne Shimmer</p><p>$18.00</p><a href="https://www.amazon.com/dp/B01LW1983J?tag=eloabder-20&linkCode=osi&th=1&psc=1">View Product</a></div><div class="product"><a href="https://www.amazon.com/dp/B00UKP1M2K?tag=eloabder-20&linkCode=osi&th=1&psc=1"><img src="https://m.media-amazon.com/images/I/41hSsvPHKxL._SL500_.jpg" alt="Product Image"></a><p>Maybelline The Blushed Nudes Eyeshadow Palette Makeup, 12 Pigmented Matte & Shimmer Shades, Blendable Powder, 1 Count</p><p>$9.32</p><a href="https://www.amazon.com/dp/B00UKP1M2K?tag=eloabder-20&linkCode=osi&th=1&psc=1">View Product</a></div><div class="product"><a href="https://www.amazon.com/dp/B073ZBGLJF?tag=eloabder-20&linkCode=osi&th=1&psc=1"><img src="https://m.media-amazon.com/images/I/41go9Ug8AOL._SL500_.jpg" alt="Product Image"></a><p>BestLand 2 Pack 12 Colors Makeup Nude Colors Eyeshadow Palette Natural Nude Matte Shimmer Glitter Pigment Eye Shadow Pallete Set Waterproof Smokey Professional Beauty Makeup Kit (2 PCS)</p><p>$9.99</p><a href="https://www.amazon.com/dp/B073ZBGLJF?tag=eloabder-20&linkCode=osi&th=1&psc=1">View Product</a></div><div class="product"><a href="https://www.amazon.com/dp/B08RS6WNX7?tag=eloabder-20&linkCode=osi&th=1&psc=1"><img src="https://m.media-amazon.com/images/I/51qCii788PL._SL500_.jpg" alt="Product Image"></a><p>wet n wild Color Icon 5-Pan Palette Brown Walking On Eggshells</p><p>$3.19</p><a href="https://www.amazon.com/dp/B08RS6WNX7?tag=eloabder-20&linkCode=osi&th=1&psc=1">View Product</a></div><div class="product"><a href="https://www.amazon.com/dp/B0CV5ZTFCR?tag=eloabder-20&linkCode=osi&th=1&psc=1"><img src="https://m.media-amazon.com/images/I/21inptU-eJL._SL500_.jpg" alt="Product Image"></a><p>Covergirl Clean Eye Color, French Violet, Eyeshadow Sticks, Ultra Creamy Formula, Lightweight, Buildable Formula, Lasts All Day, Smudge-Proof, 0.05oz</p><p>$8.98</p><a href="https://www.amazon.com/dp/B0CV5ZTFCR?tag=eloabder-20&linkCode=osi&th=1&psc=1">View Product</a></div><div class="product"><a href="https://www.amazon.com/dp/B0CXF99TNQ?tag=eloabder-20&linkCode=osi&th=1&psc=1"><img src="https://m.media-amazon.com/images/I/31kCYsLvwwL._SL500_.jpg" alt="Product Image"></a><p>L'Oreal Paris Makeup Paradise Le Shadow Stick Eyeshadow, Blendable, Smudge-Resistant, Cream Eyeshadow, 120 Magnetic Mauve (Shimmering Lavender Mauve), 0.05 Oz</p><p>$9.98</p><a href="https://www.amazon.com/dp/B0CXF99TNQ?tag=eloabder-20&linkCode=osi&th=1&psc=1">View Product</a></div>
<div class="product"><a href="https://www.amazon.com/dp/B0BG7MWNNN?tag=eloabder-20&linkCode=osi&th=1&psc=1"><img src="https://m.media-amazon.com/images/I/41E8W4N+FkL._SL500_.jpg" alt="Product Image"></a><p>Prime Prometics PrimeLash Mascara for Older Women – Volumizing, Incredible Length in 2 Coats – Long-Stay, Zero Clumps, Hypoallergenic (Brown)</p><p>$28.00</p><a href="https://www.amazon.com/dp/B0BG7MWNNN?tag=eloabder-20&linkCode=osi&th=1&psc=1">View Product</a></div><div class="product"><a href="https://www.amazon.com/dp/B00T0C9XRK?tag=eloabder-20&linkCode=osi&th=1&psc=1"><img src="https://m.media-amazon.com/images/I/41IP2ZEXFNL._SL500_.jpg" alt="Product Image"></a><p>essence | Lash Princess False Lash Effect Mascara | Volumizing & Lengthening | Cruelty Free & Paraben Free</p><p>$4.99 ($12.17 / Fl Oz )</p><a href="https://www.amazon.com/dp/B00T0C9XRK?tag=eloabder-20&linkCode=osi&th=1&psc=1">View Product</a></div><div class="product"><a href="https://www.amazon.com/dp/B01DPA6OHO?tag=eloabder-20&linkCode=osi&th=1&psc=1"><img src="https://m.media-amazon.com/images/I/31xGLWu4IKL._SL500_.jpg" alt="Product Image"></a><p>L'Oreal Paris Makeup Voluminous Lash Boosting Conditioning Primer Mascara, White Primer, 0.24 fl; oz.</p><p>$8.98</p><a href="https://www.amazon.com/dp/B01DPA6OHO?tag=eloabder-20&linkCode=osi&th=1&psc=1">View Product</a></div><div class="product"><a href="https://www.amazon.com/dp/B004BD107O?tag=eloabder-20&linkCode=osi&th=1&psc=1"><img src="https://m.media-amazon.com/images/I/31OWqsdljyL._SL500_.jpg" alt="Product Image"></a><p>L'Oreal Paris Makeup Telescopic Original Lengthening Mascara, Blackest Black, 0.27 Fl Oz (1 Count)</p><p>$10.99</p><a href="https://www.amazon.com/dp/B004BD107O?tag=eloabder-20&linkCode=osi&th=1&psc=1">View Product</a></div><div class="product"><a href="https://www.amazon.com/dp/B06XF2TR11?tag=eloabder-20&linkCode=osi&th=1&psc=1"><img src="https://m.media-amazon.com/images/I/31B6RR270IL._SL500_.jpg" alt="Product Image"></a><p>L'Oreal Paris Voluminous Makeup Lash Paradise Mascara, Voluptuous Volume, Intense Length, Feathery Soft Full Lashes, No Flaking, No Smudging, No Clumping, Blackest Black, 1 Count</p><p>$9.97</p><a href="https://www.amazon.com/dp/B06XF2TR11?tag=eloabder-20&linkCode=osi&th=1&psc=1">View Product</a></div><div class="product"><a href="https://www.amazon.com/dp/B00PFCT2R0?tag=eloabder-20&linkCode=osi&th=1&psc=1"><img src="https://m.media-amazon.com/images/I/31RyE6ZtDIL._SL500_.jpg" alt="Product Image"></a><p>Maybelline Lash Sensational Washable Mascara, Lengthening and Volumizing for a Full Fan Effect, Blackest Black, 1 Count</p><p>$9.09</p><a href="https://www.amazon.com/dp/B00PFCT2R0?tag=eloabder-20&linkCode=osi&th=1&psc=1">View Product</a></div><div class="product"><a href="https://www.amazon.com/dp/B08TPCHYLW?tag=eloabder-20&linkCode=osi&th=1&psc=1"><img src="https://m.media-amazon.com/images/I/31EWIaihEwL._SL500_.jpg" alt="Product Image"></a><p>Lancôme Lash Idôle Lash-Lifting & Volumizing Mascara - Black Mascara for Instant Volume, Length & Lift - Smudge Proof & Up To 24H Wear - Black</p><p>$30.00 ($111.11 / Fl Oz)</p><a href="https://www.amazon.com/dp/B08TPCHYLW?tag=eloabder-20&linkCode=osi&th=1&psc=1">View Product</a></div><div class="product"><a href="https://www.amazon.com/dp/B08M96YZN1?tag=eloabder-20&linkCode=osi&th=1&psc=1"><img src="https://m.media-amazon.com/images/I/31ByMmFi-qL._SL500_.jpg" alt="Product Image"></a><p>CoverGirl Lash Blast Clean Volume Mascara, Vegan Formula, Volumizing, Smudge-Proof, Cruelty Free, Very Black, 1 Count</p><p>$9.37</p><a href="https://www.amazon.com/dp/B08M96YZN1?tag=eloabder-20&linkCode=osi&th=1&psc=1">View Product</a></div>
<div class="product"><a href="https://www.amazon.com/dp/B0C9TXLWLY?tag=eloabder-20&linkCode=osi&th=1&psc=1"><img src="https://m.media-amazon.com/images/I/31-5KVw5KDL._SL500_.jpg" alt="Product Image"></a><p>PRIME PROMETICS PrimeEyes Glide Eyeliner for Mature Women – Water-Resistant, Long-Stay and Mess-Proof – Gel Cream Texture, Discreet Sharpener and Effective Smudger (Black)</p><p>$28.00 ($28.00 / Count)</p><a href="https://www.amazon.com/dp/B0C9TXLWLY?tag=eloabder-20&linkCode=osi&th=1&psc=1">View Product</a></div><div class="product"><a href="https://www.amazon.com/dp/B07MWSXPT1?tag=eloabder-20&linkCode=osi&th=1&psc=1"><img src="https://m.media-amazon.com/images/I/315xthaPi6L._SL500_.jpg" alt="Product Image"></a><p>e.l.f. No Budge Retractable Eyeliner, Creamy, Ultra-Pigmented & Waterproof, Creates Bold & Defined Lines, Vegan & Cruelty-Free, Black 0.006 Oz</p><p>$4.00</p><a href="https://www.amazon.com/dp/B07MWSXPT1?tag=eloabder-20&linkCode=osi&th=1&psc=1">View Product</a></div><div class="product"><a href="https://www.amazon.com/dp/B074Y8LM6T?tag=eloabder-20&linkCode=osi&th=1&psc=1"><img src="https://m.media-amazon.com/images/I/316blXt1KxL._SL500_.jpg" alt="Product Image"></a><p>NYX PROFESSIONAL MAKEUP Epic Ink Liner, Waterproof Liquid Eyeliner - Black, Vegan Formula</p><p>$8.06</p><a href="https://www.amazon.com/dp/B074Y8LM6T?tag=eloabder-20&linkCode=osi&th=1&psc=1">View Product</a></div><div class="product"><a href="https://www.amazon.com/dp/B01J1A3TFW?tag=eloabder-20&linkCode=osi&th=1&psc=1"><img src="https://m.media-amazon.com/images/I/51z42sdOArL._SL500_.jpg" alt="Product Image"></a><p>Revlon Pencil Eyeliner, ColorStay Eye Makeup with Built-in Sharpener, Waterproof, Smudge-proof, Longwearing with Ultra-Fine Tip, 201 Black, 2 count (Pack of 1)</p><p>$11.38</p><a href="https://www.amazon.com/dp/B01J1A3TFW?tag=eloabder-20&linkCode=osi&th=1&psc=1">View Product</a></div><div class="product"><a href="https://www.amazon.com/dp/B07W8JJ61X?tag=eloabder-20&linkCode=osi&th=1&psc=1"><img src="https://m.media-amazon.com/images/I/31wj5vRROwL._SL500_.jpg" alt="Product Image"></a><p>Maybelline Hyper Easy Liquid Pen No-Skip Eyeliner, Satin Finish, Waterproof Formula, Pitch Black, 0.018 Fl Oz</p><p>$8.38</p><a href="https://www.amazon.com/dp/B07W8JJ61X?tag=eloabder-20&linkCode=osi&th=1&psc=1">View Product</a></div><div class="product"><a href="https://www.amazon.com/dp/B005G9E9FW?tag=eloabder-20&linkCode=osi&th=1&psc=1"><img src="https://m.media-amazon.com/images/I/51poZdEojrL._SL500_.jpg" alt="Product Image"></a><p>NYX PROFESSIONAL MAKEUP Vivid Rich Mechanical Eye Pencil, Vivid Rich Mechanical, Creamy Retractable Eyeliner - Smokin Topaz, Brown Eyeliner</p><p>$6.00</p><a href="https://www.amazon.com/dp/B005G9E9FW?tag=eloabder-20&linkCode=osi&th=1&psc=1">View Product</a></div><div class="product"><a href="https://www.amazon.com/dp/B07NX61ZHN?tag=eloabder-20&linkCode=osi&th=1&psc=1"><img src="https://m.media-amazon.com/images/I/31kQNTwJazL._SL500_.jpg" alt="Product Image"></a><p>Rimmel London exaggerate auto waterproof eye definer in blackest black, 2 Count</p><p>$6.97</p><a href="https://www.amazon.com/dp/B07NX61ZHN?tag=eloabder-20&linkCode=osi&th=1&psc=1">View Product</a></div><div class="product"><a href="https://www.amazon.com/dp/B0BQWT8R9K?tag=eloabder-20&linkCode=osi&th=1&psc=1"><img src="https://m.media-amazon.com/images/I/31F1asQuosL._SL500_.jpg" alt="Product Image"></a><p>wet n wild Breakup Proof Liquid Eyeliner - Ultra-Fine Brush, Waterproof, Long-Lasting - Cruelty-Free & Vegan - Ultra Black</p><p>$4.04</p><a href="https://www.amazon.com/dp/B0BQWT8R9K?tag=eloabder-20&linkCode=osi&th=1&psc=1">View Product</a></div><div class="product"><a href="https://www.amazon.com/dp/B082YPRCMM?tag=eloabder-20&linkCode=osi&th=1&psc=1"><img src="https://m.media-amazon.com/images/I/317ubI9GTBL._SL500_.jpg" alt="Product Image"></a><p>wet n wild Mega Last Breakup Proof Eyeliner, Quick Drying, Waterproof, 16-Hour Wear - Cruelty-Free & Vegan - Blackest Black</p><p>$2.28</p><a href="https://www.amazon.com/dp/B082YPRCMM?tag=eloabder-20&linkCode=osi&th=1&psc=1">View Product</a></div><div class="product"><a href="https://www.amazon.com/dp/B07GX832KD?tag=eloabder-20&linkCode=osi&th=1&psc=1"><img src="https://m.media-amazon.com/images/I/315wR2F58-L._SL500_.jpg" alt="Product Image"></a><p>Maybelline TattooStudio Long-Lasting Sharpenable Eyeliner Pencil, Glide on Smooth Gel Pigments with 36 Hour Wear, Waterproof, Deep Onyx, 1 Count</p><p>$6.66</p><a href="https://www.amazon.com/dp/B07GX832KD?tag=eloabder-20&linkCode=osi&th=1&psc=1">View Product</a></div>
<div class="product"><a href="https://www.amazon.com/dp/B09T8DQ1SG?tag=eloabder-20&linkCode=osi&th=1&psc=1"><img src="https://m.media-amazon.com/images/I/41gpuwrIhOL._SL500_.jpg" alt="Product Image"></a><p>Maybelline Super Stay Vinyl Ink Longwear No-Budge Liquid Lipcolor Makeup, Highly Pigmented Color and Instant Shine, Royal, Deep Wine Red Lipstick, 0.14 fl oz, 1 Count</p><p>$9.82</p><a href="https://www.amazon.com/dp/B09T8DQ1SG?tag=eloabder-20&linkCode=osi&th=1&psc=1">View Product</a></div><div class="product"><a href="https://www.amazon.com/dp/B004BCTEF0?tag=eloabder-20&linkCode=osi&th=1&psc=1"><img src="https://m.media-amazon.com/images/I/31G9f-P8tML._SL500_.jpg" alt="Product Image"></a><p>L’Oréal Paris Colour Riche Original Creamy, Hydrating Satin Lipstick with Argan Oil and Vitamin E, Saucy Mauve , 1 Count</p><p>$6.71</p><a href="https://www.amazon.com/dp/B004BCTEF0?tag=eloabder-20&linkCode=osi&th=1&psc=1">View Product</a></div><div class="product"><a href="https://www.amazon.com/dp/B08H4FSGDX?tag=eloabder-20&linkCode=osi&th=1&psc=1"><img src="https://m.media-amazon.com/images/I/31OAiyoloML._SL500_.jpg" alt="Product Image"></a><p>Maybelline Super Stay Matte Ink Liquid Lipstick Makeup, Long Lasting High Impact Color, Up to 16H Wear, Exhilarator, Ruby Red, 1 Count</p><p>$9.18</p><a href="https://www.amazon.com/dp/B08H4FSGDX?tag=eloabder-20&linkCode=osi&th=1&psc=1">View Product</a></div><div class="product"><a href="https://www.amazon.com/dp/B07XTTDTWR?tag=eloabder-20&linkCode=osi&th=1&psc=1"><img src="https://m.media-amazon.com/images/I/31M4QldCq3L._SL500_.jpg" alt="Product Image"></a><p>REVLON Lipstick, Super Lustrous Lipstick, Creamy Formula For Soft, Fuller-Looking Lips, Moisturized Feel in Nudes & Browns, Bare It All (755) 0.15 oz</p><p>$6.48</p><a href="https://www.amazon.com/dp/B07XTTDTWR?tag=eloabder-20&linkCode=osi&th=1&psc=1">View Product</a></div><div class="product"><a href="https://www.amazon.com/dp/B079KFP7NT?tag=eloabder-20&linkCode=osi&th=1&psc=1"><img src="https://m.media-amazon.com/images/I/41Ih8G0FSmL._SL500_.jpg" alt="Product Image"></a><p>wet n wild Silk Finish Lipstick, Hydrating Rich Buildable Lip Color, Formulated with Vitamins A,E, & Macadamia for Ultimate Hydration, Cruelty-Free & Vegan - Raging Red</p><p>$1.29</p><a href="https://www.amazon.com/dp/B079KFP7NT?tag=eloabder-20&linkCode=osi&th=1&psc=1">View Product</a></div><div class="product"><a href="https://www.amazon.com/dp/B002F3R44K?tag=eloabder-20&linkCode=osi&th=1&psc=1"><img src="https://m.media-amazon.com/images/I/41-gXIE96GL._SL500_.jpg" alt="Product Image"></a><p>Revlon Lipstick, Super Lustrous Lipstick, Creamy Formula For Soft, Fuller-Looking Lips, Moisturized Feel in Pinks, Pink In The Afternoon (415) 0.15 oz</p><p>$6.48</p><a href="https://www.amazon.com/dp/B002F3R44K?tag=eloabder-20&linkCode=osi&th=1&psc=1">View Product</a></div><div class="product"><a href="https://www.amazon.com/dp/B001LFER98?tag=eloabder-20&linkCode=osi&th=1&psc=1"><img src="https://m.media-amazon.com/images/I/41wezVKuIoL._SL500_.jpg" alt="Product Image"></a><p>REVLON Lipstick, Super Lustrous Lipstick, Creamy Formula For Soft, Fuller-Looking Lips, Moisturized Feel in Reds & Corals, Peach Me (628) 0.15 oz</p><p>$4.99</p><a href="https://www.amazon.com/dp/B001LFER98?tag=eloabder-20&linkCode=osi&th=1&psc=1">View Product</a></div><div class="product"><a href="https://www.amazon.com/dp/B082YQ2978?tag=eloabder-20&linkCode=osi&th=1&psc=1"><img src="https://m.media-amazon.com/images/I/31QsMhXUSeL._SL500_.jpg" alt="Product Image"></a><p>wet n wild Mega Last High-Shine Lipstick Lip Color, Infused with Seed Oils For a Nourishing High-Shine, Buildable & Blendable Creamy Color, Cruelty-Free & Vegan - Mad for Mauve</p><p>$2.28</p><a href="https://www.amazon.com/dp/B082YQ2978?tag=eloabder-20&linkCode=osi&th=1&psc=1">View Product</a></div>
<div class="product"><a href="https://www.amazon.com/dp/B09SP2XHKT?tag=eloabder-20&linkCode=osi&th=1&psc=1"><img src="https://m.media-amazon.com/images/I/31KGrScgA8L._SL500_.jpg" alt="Product Image"></a><p>NYX PROFESSIONAL MAKEUP Butter Gloss, Non-Sticky Lip Gloss - Sugar Glass (Clear)</p><p>$5.99</p><a href="https://www.amazon.com/dp/B09SP2XHKT?tag=eloabder-20&linkCode=osi&th=1&psc=1">View Product</a></div><div class="product"><a href="https://www.amazon.com/dp/B08GSTZ7ZW?tag=eloabder-20&linkCode=osi&th=1&psc=1"><img src="https://m.media-amazon.com/images/I/41nPuTtXVgL._SL500_.jpg" alt="Product Image"></a><p>Ruby Kisses Broadway Vita-Lip Clear Lip Gloss - Moisturizing, Hydrating, Nourishing with Mint, Rosehip, Coconut, Mango, Argan, Honey & Shea</p><p>$7.99 ($2.12 / Ounce)</p><a href="https://www.amazon.com/dp/B08GSTZ7ZW?tag=eloabder-20&linkCode=osi&th=1&psc=1">View Product</a></div><div class="product"><a href="https://www.amazon.com/dp/B015RPE14S?tag=eloabder-20&linkCode=osi&th=1&psc=1"><img src="https://m.media-amazon.com/images/I/31FRC3fz7EL._SL500_.jpg" alt="Product Image"></a><p>L.A. Colors High Shine Shea Butter Lip Gloss, Clear, 0.14 Ounce</p><p>$1.98</p><a href="https://www.amazon.com/dp/B015RPE14S?tag=eloabder-20&linkCode=osi&th=1&psc=1">View Product</a></div><div class="product"><a href="https://www.amazon.com/dp/B00Q26VWZI?tag=eloabder-20&linkCode=osi&th=1&psc=1"><img src="https://m.media-amazon.com/images/I/31Bqig96T0L._SL500_.jpg" alt="Product Image"></a><p>Rimmel Stay Glossy Lip Gloss - Non-Sticky and Lightweight Formula for Lip Color and Shine - 130 Blushing Belgraves, .18oz</p><p>$4.32</p><a href="https://www.amazon.com/dp/B00Q26VWZI?tag=eloabder-20&linkCode=osi&th=1&psc=1">View Product</a></div><div class="product"><a href="https://www.amazon.com/dp/B0C1MH8R2M?tag=eloabder-20&linkCode=osi&th=1&psc=1"><img src="https://m.media-amazon.com/images/I/31adT7DtBYL._SL500_.jpg" alt="Product Image"></a><p>Maybelline New York Lifter Gloss Hydrating Lip Gloss with Hyaluronic Acid, Gummy Bear, Sheer Light Pink, 1 Count</p><p>$8.98</p><a href="https://www.amazon.com/dp/B0C1MH8R2M?tag=eloabder-20&linkCode=osi&th=1&psc=1">View Product</a></div><div class="product"><a href="https://www.amazon.com/dp/B01N1ZC8JZ?tag=eloabder-20&linkCode=osi&th=1&psc=1"><img src="https://m.media-amazon.com/images/I/41fsaqWz6SL._SL500_.jpg" alt="Product Image"></a><p>Broadway Vita-Lip Clear Lip Gloss 0.47oz/14ml (5PCS Mint & Coconut & Rosehip & Mango Butter & Argan Oil) (5 PCS SET)</p><p>$5.99</p><a href="https://www.amazon.com/dp/B01N1ZC8JZ?tag=eloabder-20&linkCode=osi&th=1&psc=1">View Product</a></div><div class="product"><a href="https://www.amazon.com/dp/B07DY2QRF6?tag=eloabder-20&linkCode=osi&th=1&psc=1"><img src="https://m.media-amazon.com/images/I/31qXrVfhvCL._SL500_.jpg" alt="Product Image"></a><p>LANEIGE Lip Glowy Balm Berry: Hydrate, Glossy, Lightweight, Moisturize & Tint with Shea Butter</p><p>$19.00 ($54.29 / Ounce)</p><a href="https://www.amazon.com/dp/B07DY2QRF6?tag=eloabder-20&linkCode=osi&th=1&psc=1">View Product</a></div><div class="product"><a href="https://www.amazon.com/dp/B09DMGWJKY?tag=eloabder-20&linkCode=osi&th=1&psc=1"><img src="https://m.media-amazon.com/images/I/41nIFmIKHRL._SL500_.jpg" alt="Product Image"></a><p>Broadway Vita-Lip Clear Lip Gloss Moisturizing Hydrating Nourishing Long Lasting High Shine Glossy Lip Care Gloss 0.47oz/14ml (10 PCS SET)</p><p>$9.99</p><a href="https://www.amazon.com/dp/B09DMGWJKY?tag=eloabder-20&linkCode=osi&th=1&psc=1">View Product</a></div><div class="product"><a href="https://www.amazon.com/dp/B0BSR85M24?tag=eloabder-20&linkCode=osi&th=1&psc=1"><img src="https://m.media-amazon.com/images/I/31eKHNoE3KL._SL500_.jpg" alt="Product Image"></a><p>e.l.f. Lip Lacquer, Nourishing, Non-Sticky Ultra-Shine Lip Gloss With Sheer Color, Infused With Vitamins A & E, Vegan & Cruelty-Free, Whisper Pink</p><p>$3.00</p><a href="https://www.amazon.com/dp/B0BSR85M24?tag=eloabder-20&linkCode=osi&th=1&psc=1">View Product</a></div><div class="product"><a href="https://www.amazon.com/dp/B081C6PXZJ?tag=eloabder-20&linkCode=osi&th=1&psc=1"><img src="https://m.media-amazon.com/images/I/51+emO79aqL._SL500_.jpg" alt="Product Image"></a><p>NICKA K NEW YORK VARIETY SET OF 5 NK Hydrating Lip Gel - Vitamin E (Clear, Rosehip Oil, Bubble Gum, Cherry, Strawberry)</p><p>$5.43</p><a href="https://www.amazon.com/dp/B081C6PXZJ?tag=eloabder-20&linkCode=osi&th=1&psc=1">View Product</a></div>
<div class="product"><a href="https://www.amazon.com/dp/B07PNCB73M?tag=eloabder-20&linkCode=osi&th=1&psc=1"><img src="https://m.media-amazon.com/images/I/41+KYSFOLML._SL500_.jpg" alt="Product Image"></a><p>Milani Baked Blush - Petal Primavera (0.12 Ounce) Cruelty-Free Powder Blush - Shape, Contour & Highlight Face for a Shimmery or Matte Finish</p><p>$8.97</p><a href="https://www.amazon.com/dp/B07PNCB73M?tag=eloabder-20&linkCode=osi&th=1&psc=1">View Product</a></div><div class="product"><a href="https://www.amazon.com/dp/B0CZ5HLDK9?tag=eloabder-20&linkCode=osi&th=1&psc=1"><img src="https://m.media-amazon.com/images/I/41rZu1cS8QL._SL500_.jpg" alt="Product Image"></a><p>NYX PROFESSIONAL MAKEUP Buttermelt Powder Blush, Fade and Transfer-Resistant Blush, Up to 12HR Make Up Wear, Vegan Formula - For The Butta</p><p>$9.97</p><a href="https://www.amazon.com/dp/B0CZ5HLDK9?tag=eloabder-20&linkCode=osi&th=1&psc=1">View Product</a></div><div class="product"><a href="https://www.amazon.com/dp/B0CPFYGNR7?tag=eloabder-20&linkCode=osi&th=1&psc=1"><img src="https://m.media-amazon.com/images/I/31EJvMa7jyL._SL500_.jpg" alt="Product Image"></a><p>e.l.f. Camo Liquid Blush, Long-lasting Liquid Blush For High-pigment Color, Creates A Soft, Dewy Finish, Vegan & Cruelty-free, Dusty Rosé</p><p>$7.00</p><a href="https://www.amazon.com/dp/B0CPFYGNR7?tag=eloabder-20&linkCode=osi&th=1&psc=1">View Product</a></div><div class="product"><a href="https://www.amazon.com/dp/B06XDNPXD1?tag=eloabder-20&linkCode=osi&th=1&psc=1"><img src="https://m.media-amazon.com/images/I/41IryPTf51L._SL500_.jpg" alt="Product Image"></a><p>Maybelline Fit Me Powder Blush, Lightweight, Smooth, Blendable, Long-lasting All-Day Face Enhancing Makeup Color, Mauve, 1 Count</p><p>$4.62</p><a href="https://www.amazon.com/dp/B06XDNPXD1?tag=eloabder-20&linkCode=osi&th=1&psc=1">View Product</a></div><div class="product"><a href="https://www.amazon.com/dp/B082YPNTZ4?tag=eloabder-20&linkCode=osi&th=1&psc=1"><img src="https://m.media-amazon.com/images/I/41vtXkWXs8L._SL500_.jpg" alt="Product Image"></a><p>wet n wild Color Icon Blush, Effortless Glow & Seamless Blend infused with Luxuriously Smooth Jojoba Oil, Sheer Finish with a Matte Natural Glow, Cruelty-Free & Vegan - Pinch Me Pink</p><p>$3.28</p><a href="https://www.amazon.com/dp/B082YPNTZ4?tag=eloabder-20&linkCode=osi&th=1&psc=1">View Product</a></div><div class="product"><a href="https://www.amazon.com/dp/B0CPFWJJQJ?tag=eloabder-20&linkCode=osi&th=1&psc=1"><img src="https://m.media-amazon.com/images/I/41+GdEwyGqL._SL500_.jpg" alt="Product Image"></a><p>e.l.f. Primer-Infused Matte Blush, Long-Lasting, Lightweight & Buildable Powder Blush, Delivers A Matte Finish, Vegan & Cruelty-Free, Always Crushing</p><p>$7.00</p><a href="https://www.amazon.com/dp/B0CPFWJJQJ?tag=eloabder-20&linkCode=osi&th=1&psc=1">View Product</a></div><div class="product"><a href="https://www.amazon.com/dp/B0B64GX5LN?tag=eloabder-20&linkCode=osi&th=1&psc=1"><img src="https://m.media-amazon.com/images/I/31aZBeyUSsL._SL500_.jpg" alt="Product Image"></a><p>LAURA GELLER NEW YORK Serum Blush Tint, Lightweight Liquid Blush for Cheeks, Weightless Watercolor Sheer Finish, Practical Pink</p><p>$15.74</p><a href="https://www.amazon.com/dp/B0B64GX5LN?tag=eloabder-20&linkCode=osi&th=1&psc=1">View Product</a></div><div class="product"><a href="https://www.amazon.com/dp/B00J56D0G6?tag=eloabder-20&linkCode=osi&th=1&psc=1"><img src="https://m.media-amazon.com/images/I/31MVN0QAhfL._SL500_.jpg" alt="Product Image"></a><p>e.l.f. Cosmetics Powder Blush Palette, Four Blush Shades for Beautiful, Long-Lasting Pigment, Light</p><p>$6.00</p><a href="https://www.amazon.com/dp/B00J56D0G6?tag=eloabder-20&linkCode=osi&th=1&psc=1">View Product</a></div><div class="product"><a href="https://www.amazon.com/dp/B0BHFBBH25?tag=eloabder-20&linkCode=osi&th=1&psc=1"><img src="https://m.media-amazon.com/images/I/31uqOuPPf5L._SL500_.jpg" alt="Product Image"></a><p>SHEGLAM Color Bloom Liquid Blush Makeup for Cheeks Matte Finish - Love Cake</p><p>$6.99</p><a href="https://www.amazon.com/dp/B0BHFBBH25?tag=eloabder-20&linkCode=osi&th=1&psc=1">View Product</a></div><div class="product"><a href="https://www.amazon.com/dp/B07J47FHR1?tag=eloabder-20&linkCode=osi&th=1&psc=1"><img src="https://m.media-amazon.com/images/I/41Xyor9x2SL._SL500_.jpg" alt="Product Image"></a><p>Nars Blush in ORGASM Full Size 0.16 oz. / 4.8 g in Retail Box New Edition</p><p>$22.00</p><a href="https://www.amazon.com/dp/B07J47FHR1?tag=eloabder-20&linkCode=osi&th=1&psc=1">View Product</a></div>
<div class="product"><a href="https://www.amazon.com/dp/B018B8Q5Z6?tag=eloabder-20&linkCode=osi&th=1&psc=1"><img src="https://m.media-amazon.com/images/I/41D9ZHQRaSL._SL500_.jpg" alt="Product Image"></a><p>Physicians Formula Murumuru Butter Bronzer, Moisturizing, Nourishing Murumuru Butter Blend for Silky All-Day Luminous Glow, Dermatologist Tested, Hypoallergenic, Vegan & Cruelty-Free -Bronzer</p><p>$12.15</p><a href="https://www.amazon.com/dp/B018B8Q5Z6?tag=eloabder-20&linkCode=osi&th=1&psc=1">View Product</a></div><div class="product"><a href="https://www.amazon.com/dp/B001B0H82Q?tag=eloabder-20&linkCode=osi&th=1&psc=1"><img src="https://m.media-amazon.com/images/I/41I3B-YoLkL._SL500_.jpg" alt="Product Image"></a><p>Rimmel London Natural - 022 Sun Bronze - Bronzer, Matte Finish, 0.49oz</p><p>$3.97</p><a href="https://www.amazon.com/dp/B001B0H82Q?tag=eloabder-20&linkCode=osi&th=1&psc=1">View Product</a></div><div class="product"><a href="https://www.amazon.com/dp/B0BM5HX7DN?tag=eloabder-20&linkCode=osi&th=1&psc=1"><img src="https://m.media-amazon.com/images/I/41DwoHQgzsL._SL500_.jpg" alt="Product Image"></a><p>Benefit Hoola Matte Bronzer Mini 0.08 Ounce</p><p>$17.92</p><a href="https://www.amazon.com/dp/B0BM5HX7DN?tag=eloabder-20&linkCode=osi&th=1&psc=1">View Product</a></div><div class="product"><a href="https://www.amazon.com/dp/B07M7NGVW7?tag=eloabder-20&linkCode=osi&th=1&psc=1"><img src="https://m.media-amazon.com/images/I/51dvod9PjTL._SL500_.jpg" alt="Product Image"></a><p>wet n wild Color Icon Bronzer What Shady Beaches</p><p>$2.96</p><a href="https://www.amazon.com/dp/B07M7NGVW7?tag=eloabder-20&linkCode=osi&th=1&psc=1">View Product</a></div><div class="product"><a href="https://www.amazon.com/dp/B0CPFVTY7M?tag=eloabder-20&linkCode=osi&th=1&psc=1"><img src="https://m.media-amazon.com/images/I/41rO68Q0mlL._SL500_.jpg" alt="Product Image"></a><p>e.l.f. Primer-Infused Bronzer, Long-Lasting, Lightweight & Buildable Powder Bronzer, Delivers A Matte Finish, Vegan & Cruelty-Free, Fresh Tan</p><p>$7.00</p><a href="https://www.amazon.com/dp/B0CPFVTY7M?tag=eloabder-20&linkCode=osi&th=1&psc=1">View Product</a></div><div class="product"><a href="https://www.amazon.com/dp/B07ZR187P5?tag=eloabder-20&linkCode=osi&th=1&psc=1"><img src="https://m.media-amazon.com/images/I/410nkMFZLYL._SL500_.jpg" alt="Product Image"></a><p>e.l.f. Primer-infused Bronzer, Long-Wear, Matte, Bold, Lightweight, Blends Easily, Contours Cheeks, Forever Sun Kissed, All-Day Wear, 0.35 Oz</p><p>$7.00 ($20.00 / Ounce)</p><a href="https://www.amazon.com/dp/B07ZR187P5?tag=eloabder-20&linkCode=osi&th=1&psc=1">View Product</a></div><div class="product"><a href="https://www.amazon.com/dp/B00518N3VE?tag=eloabder-20&linkCode=osi&th=1&psc=1"><img src="https://m.media-amazon.com/images/I/41SzIseWK6L._SL500_.jpg" alt="Product Image"></a><p>Milani Baked Bronzer - Glow, Cruelty-Free Shimmer Bronzing Powder to Use For Contour Makeup, Highlighters Makeup, Bronzer Makeup, 0.25 Ounce</p><p>$9.97 ($39.88 / Ounce)</p><a href="https://www.amazon.com/dp/B00518N3VE?tag=eloabder-20&linkCode=osi&th=1&psc=1">View Product</a></div><div class="product"><a href="https://www.amazon.com/dp/B0CNTYPSSZ?tag=eloabder-20&linkCode=osi&th=1&psc=1"><img src="https://m.media-amazon.com/images/I/416D4Z7hQ8L._SL500_.jpg" alt="Product Image"></a><p>Milani Cheek Kiss Cream Bronzer-110 Hey Honey</p><p>$9.97</p><a href="https://www.amazon.com/dp/B0CNTYPSSZ?tag=eloabder-20&linkCode=osi&th=1&psc=1">View Product</a></div><div class="product"><a href="https://www.amazon.com/dp/B006WZ9O72?tag=eloabder-20&linkCode=osi&th=1&psc=1"><img src="https://m.media-amazon.com/images/I/51rDNo9JnqL._SL500_.jpg" alt="Product Image"></a><p>Physicians Formula Bronze Booster Glow-Boosting Season-to-Season, Customizable Seasonal Glow Glow, Lasting Tan Boost, Hypoallergenic Powder, Cruelty-Free & Hypoallergenic- Light-to-Medium</p><p>$12.98</p><a href="https://www.amazon.com/dp/B006WZ9O72?tag=eloabder-20&linkCode=osi&th=1&psc=1">View Product</a></div>
<div class="product"><a href="https://www.amazon.com/dp/B09288DSSX?tag=eloabder-20&linkCode=osi&th=1&psc=1"><img src="https://m.media-amazon.com/images/I/417z6evbmhL._SL500_.jpg" alt="Product Image"></a><p>KYDA Face Highlighter Palette, High Glossy Face Illuminator Palette, Narutal Glow Finish, Pearl Shimmer Smooth Baked Powder, Lasting Sparkling Highlighter Makeup-SUN GLOW</p><p>$9.99</p><a href="https://www.amazon.com/dp/B09288DSSX?tag=eloabder-20&linkCode=osi&th=1&psc=1">View Product</a></div><div class="product"><a href="https://www.amazon.com/dp/B082YPL2SV?tag=eloabder-20&linkCode=osi&th=1&psc=1"><img src="https://m.media-amazon.com/images/I/51Y+MCkwArL._SL500_.jpg" alt="Product Image"></a><p>Wet n Wild MegaGlo Blushlighter, Blendable Blush & Highlighter Set, Shimmery Metallic Finish, Highlight Bling</p><p>$5.47</p><a href="https://www.amazon.com/dp/B082YPL2SV?tag=eloabder-20&linkCode=osi&th=1&psc=1">View Product</a></div><div class="product"><a href="https://www.amazon.com/dp/B0C41PSDZF?tag=eloabder-20&linkCode=osi&th=1&psc=1"><img src="https://m.media-amazon.com/images/I/41FLNU-tL-L._SL500_.jpg" alt="Product Image"></a><p>NYX PROFESSIONAL MAKEUP, Jumbo Multi-Use Face Highlighter Stick - Vanilla Ice Cream</p><p>$7.97</p><a href="https://www.amazon.com/dp/B0C41PSDZF?tag=eloabder-20&linkCode=osi&th=1&psc=1">View Product</a></div><div class="product"><a href="https://www.amazon.com/dp/B0C6V67KJW?tag=eloabder-20&linkCode=osi&th=1&psc=1"><img src="https://m.media-amazon.com/images/I/31Yh8b8JEjL._SL500_.jpg" alt="Product Image"></a><p>e.l.f. Halo Glow Highlight Beauty Wand, Liquid Highlighter Wand For Luminous, Glowing Skin, Buildable Formula, Vegan & Cruelty-free,Champagne Campaign</p><p>$9.00</p><a href="https://www.amazon.com/dp/B0C6V67KJW?tag=eloabder-20&linkCode=osi&th=1&psc=1">View Product</a></div>

    </div>

    <!-- Bouton flottant -->
    <button class="floating-button" onclick="window.location.href='https://www.iasmarket.us'">HOME</button>
<div class="pagination">
                <a href="https://iasmarket.github.io/Beauty/">0</a>
    <a href="https://iasmarket.github.io/Beauty/1">1</a>
    <a href="https://iasmarket.github.io/Beauty/2">2</a>
    <a href="https://iasmarket.github.io/Beauty/3">3</a>
        <!-- Ajoutez plus de liens si nécessaire -->
    </div>
    <script>
        function updateTime() {
            const optionsDate = {
                timeZone: 'America/Los_Angeles',
                year: 'numeric',
                month: 'long',
                day: 'numeric',
                weekday: 'long'
            };
            const optionsTime = {
                timeZone: 'America/Los_Angeles',
                hour: '2-digit',
                minute: '2-digit',
                second: '2-digit'
            };

            const now = new Date();
            const formatterDate = new Intl.DateTimeFormat('en-US', optionsDate);
            const formatterTime = new Intl.DateTimeFormat('en-US', optionsTime);

            const formattedDate = formatterDate.format(now);
            const formattedTime = formatterTime.format(now);

            document.getElementById('comment').textContent = "As an AMAZON Associate, I earn from qualifying purchases.";
            document.getElementById('date').textContent = formattedDate;
            document.getElementById('time').textContent = formattedTime;
        }

        updateTime();
        setInterval(updateTime, 1000);
    </script>
</body>

</html>
