<!DOCTYPE html>
<html lang="en">

<head>
    <meta charset="UTF-8">
    <meta http-equiv="X-UA-Compatible" content="IE=edge">
    <meta name="viewport" content="width=device-width, initial-scale=1.0">
    <title>Amazon Product Page</title>
    <style>
        body {
            background-color: black;
            color: white;
        }

        .datetime {
            text-align: center;
            color: gray;
        }

        .date, .time {
            font-size: 48px;
        }

        .container {
            display: flex;
            flex-wrap: wrap;
            justify-content: center;
            align-items: center;
            min-height: calc(100vh - 7cm);
        }

        .product {
            width: calc(100% / 4);
            margin-bottom: 20px;
            text-align: center;
            border: 1px solid red;
            border-radius: 10px;
            overflow: hidden;
            padding: 10px;
            display: flex;
            flex-direction: column;
            background-color: black;
            color: white;
        }

        .product .content {
            height: 200px;
            overflow: hidden;
        }

        .product img {
            width: 100%;
            height: auto;
            display: block;
        }

        .product .description {
            margin-top: 10px;
        }

        .product .more-link {
            margin-top: 5px;
            cursor: pointer;
            color: blue;
        }
        .pagination {
            text-align: center;
            margin: 20px 0;
        }

        .pagination a {
            color: white;
            padding: 8px 16px;
            text-decoration: none;
            background-color: gray;
            margin: 0 4px;
            border-radius: 4px;
        }

        .pagination a:hover {
            background-color: #575757;
        }
        @media (min-width: 768px) and (max-width: 991px) {
            .product {
                width: calc(100% / 3);
            }
        }

        @media (max-width: 767px) {
            .product {
                width: 100%;
            }
        }

        /* Style pour le bouton flottant */
        .floating-button {
            position: fixed;
            bottom: 20px;
            right: 20px;
            background-color: red;
            color: white;
            border: none;
            border-radius: 50%;
            width: 60px;
            height: 60px;
            text-align: center;
            font-size: 18px;
            cursor: pointer;
            z-index: 1000;
            box-shadow: 0 4px 8px rgba(0, 0, 0, 0.2);
        }
    </style>
</head>

<body>
    <div class="datetime">
        <div class="date" id="comment"></div>
        <div class="date" id="date"></div>
        <div class="time" id="time"></div>
    </div>

    <div class="container">
      <div class="product"><a href="https://www.amazon.com/dp/B07BHCB9Y2?tag=eloabder-20&linkCode=osi&th=1&psc=1"><img src="https://m.media-amazon.com/images/I/51V47D7WZ1L._SL500_.jpg" alt="Product Image"></a><p>PURA D'OR Anti-Thinning Biotin Shampoo & Deep Moisturizing Conditioner Original Gold Label Set (16Oz x2) Natural Earthy Scent, Clinically Tested Proven Results, DHT Blocker Thickening, For Women & Men</p><p>$39.99 ($1.25 / Fl Oz)</p><a href="https://www.amazon.com/dp/B07BHCB9Y2?tag=eloabder-20&linkCode=osi&th=1&psc=1">View Product</a></div><div class="product"><a href="https://www.amazon.com/dp/B07N7MWX72?tag=eloabder-20&linkCode=osi&th=1&psc=1"><img src="https://m.media-amazon.com/images/I/414aNTDFuRL._SL500_.jpg" alt="Product Image"></a><p>Mielle Organics Rosemary Mint Strengthening Shampoo Infused with Biotin, Cleanses and Helps Strengthen Weak and Brittle Hair, 12 Ounces</p><p>$9.97 ($0.83 / Fl Oz)</p><a href="https://www.amazon.com/dp/B07N7MWX72?tag=eloabder-20&linkCode=osi&th=1&psc=1">View Product</a></div><div class="product"><a href="https://www.amazon.com/dp/B08SSM21R4?tag=eloabder-20&linkCode=osi&th=1&psc=1"><img src="https://m.media-amazon.com/images/I/31WbRm+ZKEL._SL500_.jpg" alt="Product Image"></a><p>Redken All Soft Shampoo | Deeply Moisturizes and Hydrates | Softens, Smooths, and Adds Shine | Safe for Color-Treated Hair | Nourishing Shampoo for Dry Hair | With Argan Oil</p><p>$26.00 ($2.57 / Fl Oz)</p><a href="https://www.amazon.com/dp/B08SSM21R4?tag=eloabder-20&linkCode=osi&th=1&psc=1">View Product</a></div><div class="product"><a href="https://www.amazon.com/dp/B00ADRH2OM?tag=eloabder-20&linkCode=osi&th=1&psc=1"><img src="https://m.media-amazon.com/images/I/413WPcPNDbL._SL500_.jpg" alt="Product Image"></a><p>OGX Thick & Full + Biotin & Collagen Volumizing Shampoo, Nutrient-Infused Hair Shampoo with Vitamin B7 Biotin Gives Hair Volume & Body for 72+ Hours, Sulfate-Free Surfactants, 13 fl. oz</p><p>$6.97 ($0.54 / Fl Oz)</p><a href="https://www.amazon.com/dp/B00ADRH2OM?tag=eloabder-20&linkCode=osi&th=1&psc=1">View Product</a></div><div class="product"><a href="https://www.amazon.com/dp/B01ENCBOA0?tag=eloabder-20&linkCode=osi&th=1&psc=1"><img src="https://m.media-amazon.com/images/I/41wcbs9bSAL._SL500_.jpg" alt="Product Image"></a><p>Rosemary and Biotin Shampoo for Thinning Hair - Vegan Volumizing Shampoo for Fine Hair with Argan and Tea Tree Oil - Paraben Silicone and Sulfate Free Shampoo for Dry Damaged Weak and Thin Hair Care</p><p>$12.95 ($1.62 / Fl Oz)</p><a href="https://www.amazon.com/dp/B01ENCBOA0?tag=eloabder-20&linkCode=osi&th=1&psc=1">View Product</a></div><div class="product"><a href="https://www.amazon.com/dp/B00FH692PQ?tag=eloabder-20&linkCode=osi&th=1&psc=1"><img src="https://m.media-amazon.com/images/I/41Sqc25WpzL._SL500_.jpg" alt="Product Image"></a><p>PURA D'OR Original Gold Label Anti-Thinning Biotin Shampoo Natural Earthy Scent, Clinically Tested Proven Results, Herbal DHT Blocker Hair Thickening Products For Women & Men, Color Treated Hair, 16oz</p><p>$29.99 ($1.87 / Fl Oz)</p><a href="https://www.amazon.com/dp/B00FH692PQ?tag=eloabder-20&linkCode=osi&th=1&psc=1">View Product</a></div><div class="product"><a href="https://www.amazon.com/dp/B07D37PQGL?tag=eloabder-20&linkCode=osi&th=1&psc=1"><img src="https://m.media-amazon.com/images/I/31+tZhs5TNL._SL500_.jpg" alt="Product Image"></a><p>Olaplex No. 4 Bond Maintenance Shampoo, Repairs, Strengthens, & Nourishes All Hair Types, Adds Shine & Leaves Hair Feeling Soft, 8.5 fl oz</p><p>$30.00 ($3.53 / Fl Oz)</p><a href="https://www.amazon.com/dp/B07D37PQGL?tag=eloabder-20&linkCode=osi&th=1&psc=1">View Product</a></div><div class="product"><a href="https://www.amazon.com/dp/B07525QJC8?tag=eloabder-20&linkCode=osi&th=1&psc=1"><img src="https://m.media-amazon.com/images/I/31Zl6Upjq4S._SL500_.jpg" alt="Product Image"></a><p>L'Oreal Paris Elvive Total Repair 5 Repairing Shampoo for Damaged Hair Shampoo with Protein and Ceramide for Strong Silky Shiny Healthy Renewed Hair 28 Fl Oz</p><p>$7.68 ($0.27 / Fl Oz)</p><a href="https://www.amazon.com/dp/B07525QJC8?tag=eloabder-20&linkCode=osi&th=1&psc=1">View Product</a></div><div class="product"><a href="https://www.amazon.com/dp/B0098QPV3I?tag=eloabder-20&linkCode=osi&th=1&psc=1"><img src="https://m.media-amazon.com/images/I/31OzU+ogltL._SL500_.jpg" alt="Product Image"></a><p>Moroccanoil Hydrating Shampoo, 8.5 Fl. Oz.</p><p>$26.00 ($3.06 / Fl Oz)</p><a href="https://www.amazon.com/dp/B0098QPV3I?tag=eloabder-20&linkCode=osi&th=1&psc=1">View Product</a></div><div class="product"><a href="https://www.amazon.com/dp/B07HMK15G9?tag=eloabder-20&linkCode=osi&th=1&psc=1"><img src="https://m.media-amazon.com/images/I/31Tdk9qdj7L._SL500_.jpg" alt="Product Image"></a><p>Aveeno Fresh Greens Blend Natural Volumizing Shampoo, Cucumber, Rosemary, for Fine Hair, 12 fl oz</p><p>$8.12 ($0.68 / Ounce)</p><a href="https://www.amazon.com/dp/B07HMK15G9?tag=eloabder-20&linkCode=osi&th=1&psc=1">View Product</a></div>
<div class="product"><a href="https://www.amazon.com/dp/B0752CBW5T?tag=eloabder-20&linkCode=osi&th=1&psc=1"><img src="https://m.media-amazon.com/images/I/31-KMa7LAlS._SL500_.jpg" alt="Product Image"></a><p>L'Oreal Paris Elvive Total Repair 5 Repairing Conditioner for Damaged Hair Conditioner with Protein and Ceramide for Strong Silky Shiny Healthy Renewed Hair 28 Fl Oz</p><p>$8.49 ($0.30 / Fl Oz)</p><a href="https://www.amazon.com/dp/B0752CBW5T?tag=eloabder-20&linkCode=osi&th=1&psc=1">View Product</a></div><div class="product"><a href="https://www.amazon.com/dp/B07CLD17F5?tag=eloabder-20&linkCode=osi&th=1&psc=1"><img src="https://m.media-amazon.com/images/I/61hTHQjDOkL._SL500_.jpg" alt="Product Image"></a><p>Dove Ultra Care Conditioner Coconut & Hydration for Dry Hair Conditioner with Coconut Oil, Jojoba Oil & Sweet Almond Oil 25.4 oz</p><p>$7.49 ($0.29 / Fl Oz)</p><a href="https://www.amazon.com/dp/B07CLD17F5?tag=eloabder-20&linkCode=osi&th=1&psc=1">View Product</a></div><div class="product"><a href="https://www.amazon.com/dp/B0098QQ88U?tag=eloabder-20&linkCode=osi&th=1&psc=1"><img src="https://m.media-amazon.com/images/I/31kA4N9VngL._SL500_.jpg" alt="Product Image"></a><p>Moroccanoil Hydrating Conditioner, 8.5 Fl Oz</p><p>$26.00 ($3.10 / Fl Oz)</p><a href="https://www.amazon.com/dp/B0098QQ88U?tag=eloabder-20&linkCode=osi&th=1&psc=1">View Product</a></div><div class="product"><a href="https://www.amazon.com/dp/B07D37SBHF?tag=eloabder-20&linkCode=osi&th=1&psc=1"><img src="https://m.media-amazon.com/images/I/31ivDW-ouZL._SL500_.jpg" alt="Product Image"></a><p>Olaplex No. 5 Bond Maintenance Conditioner, Repairs, Strengthens, & Nourishes All Hair Types, Leaving Hair Feeling Soft & Adds Shine, 8.5 fl oz"</p><p>$30.00 ($3.53 / Fl Oz)</p><a href="https://www.amazon.com/dp/B07D37SBHF?tag=eloabder-20&linkCode=osi&th=1&psc=1">View Product</a></div><div class="product"><a href="https://www.amazon.com/dp/B07NR2B9HS?tag=eloabder-20&linkCode=osi&th=1&psc=1"><img src="https://m.media-amazon.com/images/I/51pWHfe9iNL._SL500_.jpg" alt="Product Image"></a><p>Aussie 3 Minute Miracle Moist Deep Conditioner for Dry Hair, Avocado & Jojoba Oil, Safe for Color Treated Hair, Nourishing Hydration, Silky Shine, Paraben-Free, 16 Fl Oz Each, Triple Pack</p><p>$20.97 ($0.44 / Fl Oz)</p><a href="https://www.amazon.com/dp/B07NR2B9HS?tag=eloabder-20&linkCode=osi&th=1&psc=1">View Product</a></div><div class="product"><a href="https://www.amazon.com/dp/B0891BBRHW?tag=eloabder-20&linkCode=osi&th=1&psc=1"><img src="https://m.media-amazon.com/images/I/31ndDwe7VSL._SL500_.jpg" alt="Product Image"></a><p>Pureology Hydrate Moisturizing Conditioner | Softens and Deeply Hydrates Dry Hair | For Medium to Thick Color Treated or Natural Hair | Sulfate Free Conditioner | Vegan</p><p>$37.00 ($4.11 / Fl Oz)</p><a href="https://www.amazon.com/dp/B0891BBRHW?tag=eloabder-20&linkCode=osi&th=1&psc=1">View Product</a></div><div class="product"><a href="https://www.amazon.com/dp/B00I32AN4K?tag=eloabder-20&linkCode=osi&th=1&psc=1"><img src="https://m.media-amazon.com/images/I/51KpmxinYYL._SL500_.jpg" alt="Product Image"></a><p>Arvazallia Hydrating Argan Oil Hair Mask and Deep Conditioner for Dry or Damaged Hair - 8.45 Oz</p><p>$12.95 ($1.53 / Fl Oz)</p><a href="https://www.amazon.com/dp/B00I32AN4K?tag=eloabder-20&linkCode=osi&th=1&psc=1">View Product</a></div><div class="product"><a href="https://www.amazon.com/dp/B092PVHFL3?tag=eloabder-20&linkCode=osi&th=1&psc=1"><img src="https://m.media-amazon.com/images/I/31v45qQhKOL._SL500_.jpg" alt="Product Image"></a><p>MONDAY HAIRCARE Moisture Conditioner 12oz for Dry, Coarse, Stressed, Coily and Curly Hair, Made from Coconut Oil, Rice Protein, Shea Butter, & Vitamin E, 100% Recyclable Bottles (350ml) (10434)</p><p>$6.97 ($0.58 / Fl Oz)</p><a href="https://www.amazon.com/dp/B092PVHFL3?tag=eloabder-20&linkCode=osi&th=1&psc=1">View Product</a></div><div class="product"><a href="https://www.amazon.com/dp/B00OVQO66S?tag=eloabder-20&linkCode=osi&th=1&psc=1"><img src="https://m.media-amazon.com/images/I/61S7x6GUaFL._SL500_.jpg" alt="Product Image"></a><p>SheaMoisture Conditioner Intensive Hydration for Dry, Damaged Hair Manuka Honey and Mafura Oil to Nourish and Soften Hair 13 oz</p><p>$9.68 ($0.74 / Fl Oz)</p><a href="https://www.amazon.com/dp/B00OVQO66S?tag=eloabder-20&linkCode=osi&th=1&psc=1">View Product</a></div><div class="product"><a href="https://www.amazon.com/dp/B08BTKN3P9?tag=eloabder-20&linkCode=osi&th=1&psc=1"><img src="https://m.media-amazon.com/images/I/41sjzOJHhiL._SL500_.jpg" alt="Product Image"></a><p>TRESemmé Conditioner Moisture Rich 3 Count for Dry Hair Professional Quality Salon-Healthy Look and Shine Moisture Rich Formulated with Vitamin E and Biotin 28 oz</p><p>$16.80 ($0.20 / Fl Oz)</p><a href="https://www.amazon.com/dp/B08BTKN3P9?tag=eloabder-20&linkCode=osi&th=1&psc=1">View Product</a></div>
<div class="product"><a href="https://www.amazon.com/dp/B01I2ZQJSG?tag=eloabder-20&linkCode=osi&th=1&psc=1"><img src="https://m.media-amazon.com/images/I/41ctrFUeQAL._SL500_.jpg" alt="Product Image"></a><p>Elizavecca cer-100 collagen coating hair protein treatment 100ml</p><p>$7.40 ($2.19 / Fl Oz)</p><a href="https://www.amazon.com/dp/B01I2ZQJSG?tag=eloabder-20&linkCode=osi&th=1&psc=1">View Product</a></div><div class="product"><a href="https://www.amazon.com/dp/B07H3GBSC3?tag=eloabder-20&linkCode=osi&th=1&psc=1"><img src="https://m.media-amazon.com/images/I/41I862UzKRL._SL500_.jpg" alt="Product Image"></a><p>amika soulfood nourishing Mask, 8 Fl oz</p><p>$34.00 ($4.25 / Fl Oz)</p><a href="https://www.amazon.com/dp/B07H3GBSC3?tag=eloabder-20&linkCode=osi&th=1&psc=1">View Product</a></div><div class="product"><a href="https://www.amazon.com/dp/B075L6BL61?tag=eloabder-20&linkCode=osi&th=1&psc=1"><img src="https://m.media-amazon.com/images/I/41zCFV7oGTL._SL500_.jpg" alt="Product Image"></a><p>Karseell Collagen Hair Treatment Deep Repair Conditioning Argan Oil Collagen Hair Mask Essence for Dry Damaged Hair All Hair Types 16.90 oz 500ml</p><p>$23.00 ($1.36 / Fl Oz)</p><a href="https://www.amazon.com/dp/B075L6BL61?tag=eloabder-20&linkCode=osi&th=1&psc=1">View Product</a></div><div class="product"><a href="https://www.amazon.com/dp/B07N7NBYSP?tag=eloabder-20&linkCode=osi&th=1&psc=1"><img src="https://m.media-amazon.com/images/I/515lD0OXQ+L._SL500_.jpg" alt="Product Image"></a><p>Mielle Organics Rosemary Mint Strengthening Hair Masque, Essential Oil & Biotin Deep Treatment, Miracle Repair for Dry, Damaged, & Frizzy Hair, 12 Ounces</p><p>$9.97 ($0.83 / Ounce)</p><a href="https://www.amazon.com/dp/B07N7NBYSP?tag=eloabder-20&linkCode=osi&th=1&psc=1">View Product</a></div><div class="product"><a href="https://www.amazon.com/dp/B0BQ54DQNM?tag=eloabder-20&linkCode=osi&th=1&psc=1"><img src="https://m.media-amazon.com/images/I/41uhtWPJeuL._SL500_.jpg" alt="Product Image"></a><p>Eva NYC Therapy Session Hair Mask, Deep Conditioning Hair Mask Infused with Argan Oil and Plant Protein, 16.9 fl oz</p><p>$19.00 ($1.12 / Fl Oz)</p><a href="https://www.amazon.com/dp/B0BQ54DQNM?tag=eloabder-20&linkCode=osi&th=1&psc=1">View Product</a></div><div class="product"><a href="https://www.amazon.com/dp/B09HR5KSR8?tag=eloabder-20&linkCode=osi&th=1&psc=1"><img src="https://m.media-amazon.com/images/I/51aIw6AhsXL._SL500_.jpg" alt="Product Image"></a><p>K18 Mini Leave-In Molecular Hair Mask, Repairs Dry or Damaged Hair, Reverse Hair Damage from Bleach, Color, Chemical Services & Heat, 0.51 Fl Oz</p><p>$29.00 ($56.86 / Fl Oz)</p><a href="https://www.amazon.com/dp/B09HR5KSR8?tag=eloabder-20&linkCode=osi&th=1&psc=1">View Product</a></div><div class="product"><a href="https://www.amazon.com/dp/B07M7PP9KX?tag=eloabder-20&linkCode=osi&th=1&psc=1"><img src="https://m.media-amazon.com/images/I/41Mpv3wIxEL._SL500_.jpg" alt="Product Image"></a><p>Marc Anthony Grow Long Hair Anti-Breakage Mask, 10.4 OZ</p><p>$8.99 ($0.90 / Fl Oz)</p><a href="https://www.amazon.com/dp/B07M7PP9KX?tag=eloabder-20&linkCode=osi&th=1&psc=1">View Product</a></div>

<div class="product"><a href="https://www.amazon.com/dp/B08GSTPT8Y?tag=eloabder-20&linkCode=osi&th=1&psc=1"><img src="https://m.media-amazon.com/images/I/41sX+hKcbML._SL500_.jpg" alt="Product Image"></a><p>AOA Studio Collection makeup Sponge Set Latex Free and High-definition Set of 6 makeup Wonder blender For Powder Cream and Liquid, Super Soft Wonder Beauty Cosmetic</p><p>$9.95 ($1.66 / Count)</p><a href="https://www.amazon.com/dp/B08GSTPT8Y?tag=eloabder-20&linkCode=osi&th=1&psc=1">View Product</a></div><div class="product"><a href="https://www.amazon.com/dp/B0CJFFR574?tag=eloabder-20&linkCode=osi&th=1&psc=1"><img src="https://m.media-amazon.com/images/I/41nkQ05yLcL._SL500_.jpg" alt="Product Image"></a><p>SUNGBOON EDITOR Deep Collagen Overnight Mask 37gx4ea | The real collagen 2,160,000ppb | Facial Hydrogel Masks with low molecular weight collagen for elasticity, firming, and moisturizing</p><p>$19.00 ($4.75 / Count)</p><a href="https://www.amazon.com/dp/B0CJFFR574?tag=eloabder-20&linkCode=osi&th=1&psc=1">View Product</a></div><div class="product"><a href="https://www.amazon.com/dp/B0C4H1GPG1?tag=eloabder-20&linkCode=osi&th=1&psc=1"><img src="https://m.media-amazon.com/images/I/41jyzyKyY2L._SL500_.jpg" alt="Product Image"></a><p>BEAKEY Latex Free Blender Makeup Sponge for Blending, Pink Makeup Sponge Set, Soft Beauty Sponge, for Flawless Application of Liquid, Cream, and Powder Cosmetics, Pink Makeup Gifts</p><p>$6.99 ($1.40 / Count)</p><a href="https://www.amazon.com/dp/B0C4H1GPG1?tag=eloabder-20&linkCode=osi&th=1&psc=1">View Product</a></div><div class="product"><a href="https://www.amazon.com/dp/B0B45LL4DD?tag=eloabder-20&linkCode=osi&th=1&psc=1"><img src="https://m.media-amazon.com/images/I/31ZNIWikbtL._SL500_.jpg" alt="Product Image"></a><p>Beauty of Joseon Revive Eye Serum with Retinal Niacinamide Correction for Puffy Eye Bags Fine Lines Dark Circles Wrinkles, Korean Skin Care 30ml, 1 fl.oz</p><p>$14.93 ($14.93 / Fl Oz)</p><a href="https://www.amazon.com/dp/B0B45LL4DD?tag=eloabder-20&linkCode=osi&th=1&psc=1">View Product</a></div><div class="product"><a href="https://www.amazon.com/dp/B00PBX3L7K?tag=eloabder-20&linkCode=osi&th=1&psc=1"><img src="https://m.media-amazon.com/images/I/31OiAm-FA8L._SL500_.jpg" alt="Product Image"></a><p>COSRX Snail Mucin 96% Power Repairing Essence 3.38 fl.oz 100ml, Hydrating Serum for Face with Snail Secretion Filtrate for Dull Skin & Fine Lines, Korean Skincare</p><p>$14.50 ($4.29 / Fl Oz)</p><a href="https://www.amazon.com/dp/B00PBX3L7K?tag=eloabder-20&linkCode=osi&th=1&psc=1">View Product</a></div><div class="product"><a href="https://www.amazon.com/dp/B00QPNVC0I?tag=eloabder-20&linkCode=osi&th=1&psc=1"><img src="https://m.media-amazon.com/images/I/31wV3gYUEpL._SL500_.jpg" alt="Product Image"></a><p>Real Techniques Miracle Complexion Sponge Set Duo, 2 Makeup Sponges For Liquid & Cream Makeup, Makeup Blender Sponge For Buildable Coverage, Foundation Sponge For Natural, Dewy Base, Latex-Free Foam</p><p>$7.69 ($3.84 / Count)</p><a href="https://www.amazon.com/dp/B00QPNVC0I?tag=eloabder-20&linkCode=osi&th=1&psc=1">View Product</a></div><div class="product"><a href="https://www.amazon.com/dp/B0CZYJYX4Q?tag=eloabder-20&linkCode=osi&th=1&psc=1"><img src="https://m.media-amazon.com/images/I/31hNatkE-9L._SL500_.jpg" alt="Product Image"></a><p>LANEIGE Lip Glowy Balm Mango: Hydrate, Glossy, Lightweight, Moisturize & Tint with Shea Butter</p><p>$19.00 ($54.29 / Ounce)</p><a href="https://www.amazon.com/dp/B0CZYJYX4Q?tag=eloabder-20&linkCode=osi&th=1&psc=1">View Product</a></div><div class="product"><a href="https://www.amazon.com/dp/B0CXQR14J3?tag=eloabder-20&linkCode=osi&th=1&psc=1"><img src="https://m.media-amazon.com/images/I/31RRaB6c+JL._SL500_.jpg" alt="Product Image"></a><p>e.l.f. Power Grip Dewy Setting Spray, Ultra Fine Mist Made With Hyaluronic Acid, Grips Makeup For A Hydrated, Dewy Finish, Vegan & Cruelty-Free</p><p>$10.00 ($3.70 / Fl Oz)</p><a href="https://www.amazon.com/dp/B0CXQR14J3?tag=eloabder-20&linkCode=osi&th=1&psc=1">View Product</a></div><div class="product"><a href="https://www.amazon.com/dp/B0CZF2T7CK?tag=eloabder-20&linkCode=osi&th=1&psc=1"><img src="https://m.media-amazon.com/images/I/41nBLpIw8wL._SL500_.jpg" alt="Product Image"></a><p>L'Oreal Paris Infallible 3-Second Setting Spray Mist, Microfine Mist for up to 36HR Wear, Clear, 1.76 Fl Oz</p><p>$10.98</p><a href="https://www.amazon.com/dp/B0CZF2T7CK?tag=eloabder-20&linkCode=osi&th=1&psc=1">View Product</a></div>
<div class="product"><a href="https://www.amazon.com/dp/B0D3JDYWZ6?tag=eloabder-20&linkCode=osi&th=1&psc=1"><img src="https://m.media-amazon.com/images/I/41c+v1LLXzL._SL500_.jpg" alt="Product Image"></a><p>e.l.f. Soft Glam Foundation, Medium Coverage, Long-Lasting & Buildable Foundation For A Smooth, Satin Finish, Vegan & Cruelty-Free, 31 Medium Neutral</p><p>$7.99</p><a href="https://www.amazon.com/dp/B0D3JDYWZ6?tag=eloabder-20&linkCode=osi&th=1&psc=1">View Product</a></div><div class="product"><a href="https://www.amazon.com/dp/B00PFCSURS?tag=eloabder-20&linkCode=osi&th=1&psc=1"><img src="https://m.media-amazon.com/images/I/41v54YdLHSL._SL500_.jpg" alt="Product Image"></a><p>Maybelline Fit Me Matte + Poreless Liquid Oil-Free Foundation Makeup, Natural Beige, 1 Count (Packaging May Vary)</p><p>$9.99</p><a href="https://www.amazon.com/dp/B00PFCSURS?tag=eloabder-20&linkCode=osi&th=1&psc=1">View Product</a></div><div class="product"><a href="https://www.amazon.com/dp/B07DFK238H?tag=eloabder-20&linkCode=osi&th=1&psc=1"><img src="https://m.media-amazon.com/images/I/31mAhNJ+4hL._SL500_.jpg" alt="Product Image"></a><p>e.l.f. Flawless Finish Foundation, Lightweight & Medium Coverage, Semi-Matte Finish, Light Ivory, 0.68 Fl Oz (20mL)</p><p>$6.00</p><a href="https://www.amazon.com/dp/B07DFK238H?tag=eloabder-20&linkCode=osi&th=1&psc=1">View Product</a></div><div class="product"><a href="https://www.amazon.com/dp/B01ACPW1SG?tag=eloabder-20&linkCode=osi&th=1&psc=1"><img src="https://m.media-amazon.com/images/I/41aIRzbHxNL._SL500_.jpg" alt="Product Image"></a><p>CoverGirl & Olay Simply Ageless 3-in-1 Liquid Foundation, Matte Finish, Hyaluronic & Vitamin C Formula, Cruelty Free, Classic Ivory, 1 Count</p><p>$10.49</p><a href="https://www.amazon.com/dp/B01ACPW1SG?tag=eloabder-20&linkCode=osi&th=1&psc=1">View Product</a></div><div class="product"><a href="https://www.amazon.com/dp/B000IEMGGE?tag=eloabder-20&linkCode=osi&th=1&psc=1"><img src="https://m.media-amazon.com/images/I/41RtSkNmHSL._SL500_.jpg" alt="Product Image"></a><p>LAURA GELLER NEW YORK Award-Winning Baked Balance-n-Brighten Color Correcting Powder Foundation - Fair - Buildable Light to Medium Coverage - Demi-Matte Natural Finish</p><p>$22.13</p><a href="https://www.amazon.com/dp/B000IEMGGE?tag=eloabder-20&linkCode=osi&th=1&psc=1">View Product</a></div><div class="product"><a href="https://www.amazon.com/dp/B0BCH5WVW6?tag=eloabder-20&linkCode=osi&th=1&psc=1"><img src="https://m.media-amazon.com/images/I/31wajekqpGL._SL500_.jpg" alt="Product Image"></a><p>L'Oreal Paris True Match Super-Blendable Foundation, Medium Coverage Liquid Foundation Makeup, N4, Light Medium, 1 Fl Oz</p><p>$9.97</p><a href="https://www.amazon.com/dp/B0BCH5WVW6?tag=eloabder-20&linkCode=osi&th=1&psc=1">View Product</a></div><div class="product"><a href="https://www.amazon.com/dp/B07MWSP8SG?tag=eloabder-20&linkCode=osi&th=1&psc=1"><img src="https://m.media-amazon.com/images/I/31B37fmqI7L._SL500_.jpg" alt="Product Image"></a><p>e.l.f. Flawless Finish Foundation, Improves Uneven Skin Tone, Lightweight, Medium Coverage & Semi-Matte, Vegan & Cruelty-Free, Beige 0.67 Fl Oz</p><p>$6.00</p><a href="https://www.amazon.com/dp/B07MWSP8SG?tag=eloabder-20&linkCode=osi&th=1&psc=1">View Product</a></div><div class="product"><a href="https://www.amazon.com/dp/B091D8BXSQ?tag=eloabder-20&linkCode=osi&th=1&psc=1"><img src="https://m.media-amazon.com/images/I/31ktknDTqTL._SL500_.jpg" alt="Product Image"></a><p>L'Oreal Paris True Match Nude Hyaluronic Tinted Serum Foundation with 1% Hyaluronic acid, Light 2-3, 1 fl. oz.</p><p>$15.18</p><a href="https://www.amazon.com/dp/B091D8BXSQ?tag=eloabder-20&linkCode=osi&th=1&psc=1">View Product</a></div><div class="product"><a href="https://www.amazon.com/dp/B07Z9WBHXK?tag=eloabder-20&linkCode=osi&th=1&psc=1"><img src="https://m.media-amazon.com/images/I/31c2z97BuBL._SL500_.jpg" alt="Product Image"></a><p>L'Oreal Paris Age Perfect Radiant Serum Foundation with SPF 50, Ivory, 1 fl. oz.</p><p>$14.17</p><a href="https://www.amazon.com/dp/B07Z9WBHXK?tag=eloabder-20&linkCode=osi&th=1&psc=1">View Product</a></div><div class="product"><a href="https://www.amazon.com/dp/B09LCGN136?tag=eloabder-20&linkCode=osi&th=1&psc=1"><img src="https://m.media-amazon.com/images/I/4107EiwloYL._SL500_.jpg" alt="Product Image"></a><p>TIRTIR Mask Fit Red Cushion Foundation | Japan's No.1 Choice for Glass skin, Long-Lasting, Lightweight, Buildable Coverage, Semi-Matte (17C Porcelain, 0.63 Fl Oz (Pack of 1))</p><p>$25.00 ($39.68 / Fl Oz)</p><a href="https://www.amazon.com/dp/B09LCGN136?tag=eloabder-20&linkCode=osi&th=1&psc=1">View Product</a></div>
<div class="product"><a href="https://www.amazon.com/dp/B07Q9V4KMJ?tag=eloabder-20&linkCode=osi&th=1&psc=1"><img src="https://m.media-amazon.com/images/I/31pro1JWTCL._SL500_.jpg" alt="Product Image"></a><p>Maybelline Instant Age Rewind Eraser Dark Circles Treatment Multi-Use Concealer, 115, 1 Count (Packaging May Vary)</p><p>$8.42</p><a href="https://www.amazon.com/dp/B07Q9V4KMJ?tag=eloabder-20&linkCode=osi&th=1&psc=1">View Product</a></div><div class="product"><a href="https://www.amazon.com/dp/B07ZR14WBZ?tag=eloabder-20&linkCode=osi&th=1&psc=1"><img src="https://m.media-amazon.com/images/I/313ljymBVaL._SL500_.jpg" alt="Product Image"></a><p>e.l.f. Hydrating Camo Concealer, Lightweight, Full Coverage, Long Lasting, Conceals, Corrects, Covers, Hydrates, Highlights, Light Sand, Satin Finish, 25 Shades, All-Day Wear, 0.20 Fl Oz</p><p>$7.00</p><a href="https://www.amazon.com/dp/B07ZR14WBZ?tag=eloabder-20&linkCode=osi&th=1&psc=1">View Product</a></div><div class="product"><a href="https://www.amazon.com/dp/B0046VJV36?tag=eloabder-20&linkCode=osi&th=1&psc=1"><img src="https://m.media-amazon.com/images/I/31-ZFCLgLcL._SL500_.jpg" alt="Product Image"></a><p>Maybelline New York Fit Me Liquid Concealer Makeup, Natural Coverage, Lightweight, Conceals, Covers Oil-Free, Fair, 1 Count (Packaging May Vary)</p><p>$6.31</p><a href="https://www.amazon.com/dp/B0046VJV36?tag=eloabder-20&linkCode=osi&th=1&psc=1">View Product</a></div><div class="product"><a href="https://www.amazon.com/dp/B07ZR1CQHS?tag=eloabder-20&linkCode=osi&th=1&psc=1"><img src="https://m.media-amazon.com/images/I/31s0zWRX+4L._SL500_.jpg" alt="Product Image"></a><p>e.l.f. 16HR Camo Concealer, Full Coverage, Highly Pigmented Concealer With Matte Finish, Crease-proof, Vegan & Cruelty-Free, Light Ivory, 0.203 Fl Oz</p><p>$7.00</p><a href="https://www.amazon.com/dp/B07ZR1CQHS?tag=eloabder-20&linkCode=osi&th=1&psc=1">View Product</a></div><div class="product"><a href="https://www.amazon.com/dp/B0814SLHQH?tag=eloabder-20&linkCode=osi&th=1&psc=1"><img src="https://m.media-amazon.com/images/I/312GW4aGnRL._SL500_.jpg" alt="Product Image"></a><p>Neutrogena Healthy Skin Radiant Brightening Cream Concealer with Peptides & Vitamin E Antioxidant,Lightweight Perfecting Concealer,Non-Comedogenic,Bisque Light/Medium 02 neutral undertones,0.24 oz</p><p>$5.62</p><a href="https://www.amazon.com/dp/B0814SLHQH?tag=eloabder-20&linkCode=osi&th=1&psc=1">View Product</a></div><div class="product"><a href="https://www.amazon.com/dp/B007MJKHPA?tag=eloabder-20&linkCode=osi&th=1&psc=1"><img src="https://m.media-amazon.com/images/I/31ljSDY5P1L._SL500_.jpg" alt="Product Image"></a><p>L.A. Girl Pro Conceal HD Concealer, Creamy Beige, 0.28 Ounce</p><p>$4.97 ($17.75 / Ounce)</p><a href="https://www.amazon.com/dp/B007MJKHPA?tag=eloabder-20&linkCode=osi&th=1&psc=1">View Product</a></div><div class="product"><a href="https://www.amazon.com/dp/B09HNMRQN2?tag=eloabder-20&linkCode=osi&th=1&psc=1"><img src="https://m.media-amazon.com/images/I/31vIe0FIEML._SL500_.jpg" alt="Product Image"></a><p>NYX PROFESSIONAL MAKEUP Bare With Me Concealer Serum, Up To 24Hr Hydration - Vanilla</p><p>$9.00</p><a href="https://www.amazon.com/dp/B09HNMRQN2?tag=eloabder-20&linkCode=osi&th=1&psc=1">View Product</a></div><div class="product"><a href="https://www.amazon.com/dp/B06XQWS1N9?tag=eloabder-20&linkCode=osi&th=1&psc=1"><img src="https://m.media-amazon.com/images/I/31rKumTg1GL._SL500_.jpg" alt="Product Image"></a><p>COVERGIRL Smoothers Concealer, Medium 715, 0.14 ounce (packaging may vary)</p><p>$7.28</p><a href="https://www.amazon.com/dp/B06XQWS1N9?tag=eloabder-20&linkCode=osi&th=1&psc=1">View Product</a></div><div class="product"><a href="https://www.amazon.com/dp/B07H67H5LH?tag=eloabder-20&linkCode=osi&th=1&psc=1"><img src="https://m.media-amazon.com/images/I/31bWoYCj-nL._SL500_.jpg" alt="Product Image"></a><p>L'Oreal Paris Makeup Infallible Full Wear Waterproof Matte Concealer, Full Coverage, Ivory, 0.33 fl. oz.</p><p>$11.45</p><a href="https://www.amazon.com/dp/B07H67H5LH?tag=eloabder-20&linkCode=osi&th=1&psc=1">View Product</a></div><div class="product"><a href="https://www.amazon.com/dp/B0B51NLJWQ?tag=eloabder-20&linkCode=osi&th=1&psc=1"><img src="https://m.media-amazon.com/images/I/31GXqccxM0L._SL500_.jpg" alt="Product Image"></a><p>Fièra Luxury Concealer with Anti-Aging - All Day Coverage for Dark Circles, Fine Lines, Wrinkles & Spots - Neutral Beige, 0.5 Ounce</p><p>$27.00</p><a href="https://www.amazon.com/dp/B0B51NLJWQ?tag=eloabder-20&linkCode=osi&th=1&psc=1">View Product</a></div>
<div class="product"><a href="https://www.amazon.com/dp/B01IM0LVFC?tag=eloabder-20&linkCode=osi&th=1&psc=1"><img src="https://m.media-amazon.com/images/I/31r47BdfjGL._SL500_.jpg" alt="Product Image"></a><p>e.l.f. Prime & Stay Finishing Powder, Sets Makeup, Controls Shine & Smooths Complexion, Sheer, 0.18 Oz (5g)</p><p>$4.00</p><a href="https://www.amazon.com/dp/B01IM0LVFC?tag=eloabder-20&linkCode=osi&th=1&psc=1">View Product</a></div><div class="product"><a href="https://www.amazon.com/dp/B004GC74GG?tag=eloabder-20&linkCode=osi&th=1&psc=1"><img src="https://m.media-amazon.com/images/I/41kZTeBUCSL._SL500_.jpg" alt="Product Image"></a><p>Revlon Face Powder, ColorStay 16 Hour Face Makeup, Longwear Medium- Full Coverage with Flawless Finish, Shine & Oil Free, 880 Translucent, 0.3 Oz</p><p>$9.62</p><a href="https://www.amazon.com/dp/B004GC74GG?tag=eloabder-20&linkCode=osi&th=1&psc=1">View Product</a></div><div class="product"><a href="https://www.amazon.com/dp/B0CPFY5F7P?tag=eloabder-20&linkCode=osi&th=1&psc=1"><img src="https://m.media-amazon.com/images/I/41rYvHbKJ0L._SL500_.jpg" alt="Product Image"></a><p>e.l.f. Primer-Infused Bronzer, Long-Lasting, Lightweight & Buildable Powder Bronzer, Delivers A Matte Finish, Vegan & Cruelty-Free, Catching Rays</p><p>$7.00</p><a href="https://www.amazon.com/dp/B0CPFY5F7P?tag=eloabder-20&linkCode=osi&th=1&psc=1">View Product</a></div><div class="product"><a href="https://www.amazon.com/dp/B0B2VXZRHH?tag=eloabder-20&linkCode=osi&th=1&psc=1"><img src="https://m.media-amazon.com/images/I/41p6UtnQJWL._SL500_.jpg" alt="Product Image"></a><p>bareMinerals Barepro 16HR Skin-Perfecting Powder Foundation, Matte Pressed Powder Foundation Full Coverage with Plant-Based Squalene, Oil Control, Vegan</p><p>$42.00 ($150.00 / Ounce)</p><a href="https://www.amazon.com/dp/B0B2VXZRHH?tag=eloabder-20&linkCode=osi&th=1&psc=1">View Product</a></div><div class="product"><a href="https://www.amazon.com/dp/B0D4752RVV?tag=eloabder-20&linkCode=osi&th=1&psc=1"><img src="https://m.media-amazon.com/images/I/31WKVfT2bML._SL500_.jpg" alt="Product Image"></a><p>Revolution Beauty, Loose Baking Powder, Makeup Setting Powder, Long Lasting Coverage, Mattifies & Reduces Shine, Rose, 1.13 Oz</p><p>$8.00</p><a href="https://www.amazon.com/dp/B0D4752RVV?tag=eloabder-20&linkCode=osi&th=1&psc=1">View Product</a></div><div class="product"><a href="https://www.amazon.com/dp/B0C9LPPJ26?tag=eloabder-20&linkCode=osi&th=1&psc=1"><img src="https://m.media-amazon.com/images/I/51iWoZ-wkuL._SL500_.jpg" alt="Product Image"></a><p>AZUREBEAUTY 42 Pcs Dip Nails Powder Starter Kit, 32 Hot Pink Blue Purple Color Changing Spring Dipping Powder Liquid Set with Base Coat/Top Coat/Activator for French Manicure Salon DIY.</p><p>$19.99 ($19.99 / Count)</p><a href="https://www.amazon.com/dp/B0C9LPPJ26?tag=eloabder-20&linkCode=osi&th=1&psc=1">View Product</a></div><div class="product"><a href="https://www.amazon.com/dp/B0D2N1SZ9V?tag=eloabder-20&linkCode=osi&th=1&psc=1"><img src="https://m.media-amazon.com/images/I/41Ogu3bO7hL._SL500_.jpg" alt="Product Image"></a><p>Artdone Chrome Nail Powder Magic White Pearl Kit Mirror Effect Silver Metallic Holographic Dip Nail Powder For Resin Craft & Nail Art Decoration Iridescent Aurora Mermaid Pigment</p><p>$3.99 ($28.28 / Ounce)</p><a href="https://www.amazon.com/dp/B0D2N1SZ9V?tag=eloabder-20&linkCode=osi&th=1&psc=1">View Product</a></div><div class="product"><a href="https://www.amazon.com/dp/B0D19YQWSX?tag=eloabder-20&linkCode=osi&th=1&psc=1"><img src="https://m.media-amazon.com/images/I/21GbGbhBFWL._SL500_.jpg" alt="Product Image"></a><p>NYX PROFESSIONAL MAKEUP Brow Powder Louder Eyebrow Pencil, Brow Pencil with Buildable Volume For Up To 12HR Wear, Vegan Formula - Ash Brown</p><p>$6.00</p><a href="https://www.amazon.com/dp/B0D19YQWSX?tag=eloabder-20&linkCode=osi&th=1&psc=1">View Product</a></div><div class="product"><a href="https://www.amazon.com/dp/B00AOU5NVC?tag=eloabder-20&linkCode=osi&th=1&psc=1"><img src="https://m.media-amazon.com/images/I/31eI9oALZzL._SL500_.jpg" alt="Product Image"></a><p>Neutrogena Mineral Sheers Lightweight Loose Powder Makeup Foundation with Vitamins A, C, & E, Sheer to Medium Buildable Coverage, Skin Tone Enhancer, Face Redness Reducer, Nude 40,.19 oz</p><p>$5.72</p><a href="https://www.amazon.com/dp/B00AOU5NVC?tag=eloabder-20&linkCode=osi&th=1&psc=1">View Product</a></div>
<div class="product"><a href="https://www.amazon.com/dp/B07PNCB73M?tag=eloabder-20&linkCode=osi&th=1&psc=1"><img src="https://m.media-amazon.com/images/I/41+KYSFOLML._SL500_.jpg" alt="Product Image"></a><p>Milani Baked Blush - Petal Primavera (0.12 Ounce) Cruelty-Free Powder Blush - Shape, Contour & Highlight Face for a Shimmery or Matte Finish</p><p>$8.97</p><a href="https://www.amazon.com/dp/B07PNCB73M?tag=eloabder-20&linkCode=osi&th=1&psc=1">View Product</a></div><div class="product"><a href="https://www.amazon.com/dp/B0CPFYGNR7?tag=eloabder-20&linkCode=osi&th=1&psc=1"><img src="https://m.media-amazon.com/images/I/31EJvMa7jyL._SL500_.jpg" alt="Product Image"></a><p>e.l.f. Camo Liquid Blush, Long-lasting Liquid Blush For High-pigment Color, Creates A Soft, Dewy Finish, Vegan & Cruelty-free, Dusty Rosé</p><p>$7.00</p><a href="https://www.amazon.com/dp/B0CPFYGNR7?tag=eloabder-20&linkCode=osi&th=1&psc=1">View Product</a></div><div class="product"><a href="https://www.amazon.com/dp/B0CZ5HLDK9?tag=eloabder-20&linkCode=osi&th=1&psc=1"><img src="https://m.media-amazon.com/images/I/41rZu1cS8QL._SL500_.jpg" alt="Product Image"></a><p>NYX PROFESSIONAL MAKEUP Buttermelt Powder Blush, Fade and Transfer-Resistant Blush, Up to 12HR Make Up Wear, Vegan Formula - For The Butta</p><p>$9.97</p><a href="https://www.amazon.com/dp/B0CZ5HLDK9?tag=eloabder-20&linkCode=osi&th=1&psc=1">View Product</a></div><div class="product"><a href="https://www.amazon.com/dp/B06XDNPXD1?tag=eloabder-20&linkCode=osi&th=1&psc=1"><img src="https://m.media-amazon.com/images/I/41IryPTf51L._SL500_.jpg" alt="Product Image"></a><p>Maybelline Fit Me Powder Blush, Lightweight, Smooth, Blendable, Long-lasting All-Day Face Enhancing Makeup Color, Mauve, 1 Count</p><p>$4.62</p><a href="https://www.amazon.com/dp/B06XDNPXD1?tag=eloabder-20&linkCode=osi&th=1&psc=1">View Product</a></div><div class="product"><a href="https://www.amazon.com/dp/B082YPNTZ4?tag=eloabder-20&linkCode=osi&th=1&psc=1"><img src="https://m.media-amazon.com/images/I/41vtXkWXs8L._SL500_.jpg" alt="Product Image"></a><p>wet n wild Color Icon Blush, Effortless Glow & Seamless Blend infused with Luxuriously Smooth Jojoba Oil, Sheer Finish with a Matte Natural Glow, Cruelty-Free & Vegan - Pinch Me Pink</p><p>$3.28</p><a href="https://www.amazon.com/dp/B082YPNTZ4?tag=eloabder-20&linkCode=osi&th=1&psc=1">View Product</a></div><div class="product"><a href="https://www.amazon.com/dp/B0CPFWJJQJ?tag=eloabder-20&linkCode=osi&th=1&psc=1"><img src="https://m.media-amazon.com/images/I/41+GdEwyGqL._SL500_.jpg" alt="Product Image"></a><p>e.l.f. Primer-Infused Matte Blush, Long-Lasting, Lightweight & Buildable Powder Blush, Delivers A Matte Finish, Vegan & Cruelty-Free, Always Crushing</p><p>$7.00</p><a href="https://www.amazon.com/dp/B0CPFWJJQJ?tag=eloabder-20&linkCode=osi&th=1&psc=1">View Product</a></div><div class="product"><a href="https://www.amazon.com/dp/B0B64GX5LN?tag=eloabder-20&linkCode=osi&th=1&psc=1"><img src="https://m.media-amazon.com/images/I/31aZBeyUSsL._SL500_.jpg" alt="Product Image"></a><p>LAURA GELLER NEW YORK Serum Blush Tint, Lightweight Liquid Blush for Cheeks, Weightless Watercolor Sheer Finish, Practical Pink</p><p>$15.74</p><a href="https://www.amazon.com/dp/B0B64GX5LN?tag=eloabder-20&linkCode=osi&th=1&psc=1">View Product</a></div><div class="product"><a href="https://www.amazon.com/dp/B0BHFBBH25?tag=eloabder-20&linkCode=osi&th=1&psc=1"><img src="https://m.media-amazon.com/images/I/31uqOuPPf5L._SL500_.jpg" alt="Product Image"></a><p>SHEGLAM Color Bloom Liquid Blush Makeup for Cheeks Matte Finish - Love Cake</p><p>$6.99</p><a href="https://www.amazon.com/dp/B0BHFBBH25?tag=eloabder-20&linkCode=osi&th=1&psc=1">View Product</a></div><div class="product"><a href="https://www.amazon.com/dp/B00J56D0G6?tag=eloabder-20&linkCode=osi&th=1&psc=1"><img src="https://m.media-amazon.com/images/I/31MVN0QAhfL._SL500_.jpg" alt="Product Image"></a><p>e.l.f. Cosmetics Powder Blush Palette, Four Blush Shades for Beautiful, Long-Lasting Pigment, Light</p><p>$6.00</p><a href="https://www.amazon.com/dp/B00J56D0G6?tag=eloabder-20&linkCode=osi&th=1&psc=1">View Product</a></div><div class="product"><a href="https://www.amazon.com/dp/B07J47FHR1?tag=eloabder-20&linkCode=osi&th=1&psc=1"><img src="https://m.media-amazon.com/images/I/41Xyor9x2SL._SL500_.jpg" alt="Product Image"></a><p>Nars Blush in ORGASM Full Size 0.16 oz. / 4.8 g in Retail Box New Edition</p><p>$22.00</p><a href="https://www.amazon.com/dp/B07J47FHR1?tag=eloabder-20&linkCode=osi&th=1&psc=1">View Product</a></div>
<div class="product"><a href="https://www.amazon.com/dp/B018B8Q5Z6?tag=eloabder-20&linkCode=osi&th=1&psc=1"><img src="https://m.media-amazon.com/images/I/41D9ZHQRaSL._SL500_.jpg" alt="Product Image"></a><p>Physicians Formula Murumuru Butter Bronzer, Moisturizing, Nourishing Murumuru Butter Blend for Silky All-Day Luminous Glow, Dermatologist Tested, Hypoallergenic, Vegan & Cruelty-Free -Bronzer</p><p>$12.15</p><a href="https://www.amazon.com/dp/B018B8Q5Z6?tag=eloabder-20&linkCode=osi&th=1&psc=1">View Product</a></div><div class="product"><a href="https://www.amazon.com/dp/B001B0H82Q?tag=eloabder-20&linkCode=osi&th=1&psc=1"><img src="https://m.media-amazon.com/images/I/41I3B-YoLkL._SL500_.jpg" alt="Product Image"></a><p>Rimmel London Natural - 022 Sun Bronze - Bronzer, Matte Finish, 0.49oz</p><p>$4.49</p><a href="https://www.amazon.com/dp/B001B0H82Q?tag=eloabder-20&linkCode=osi&th=1&psc=1">View Product</a></div><div class="product"><a href="https://www.amazon.com/dp/B0BM5HX7DN?tag=eloabder-20&linkCode=osi&th=1&psc=1"><img src="https://m.media-amazon.com/images/I/41DwoHQgzsL._SL500_.jpg" alt="Product Image"></a><p>Benefit Hoola Matte Bronzer Mini 0.08 Ounce</p><p>$17.85</p><a href="https://www.amazon.com/dp/B0BM5HX7DN?tag=eloabder-20&linkCode=osi&th=1&psc=1">View Product</a></div><div class="product"><a href="https://www.amazon.com/dp/B07M7NGVW7?tag=eloabder-20&linkCode=osi&th=1&psc=1"><img src="https://m.media-amazon.com/images/I/51dvod9PjTL._SL500_.jpg" alt="Product Image"></a><p>wet n wild Color Icon Bronzer What Shady Beaches</p><p>$2.96</p><a href="https://www.amazon.com/dp/B07M7NGVW7?tag=eloabder-20&linkCode=osi&th=1&psc=1">View Product</a></div><div class="product"><a href="https://www.amazon.com/dp/B07ZR187P5?tag=eloabder-20&linkCode=osi&th=1&psc=1"><img src="https://m.media-amazon.com/images/I/410nkMFZLYL._SL500_.jpg" alt="Product Image"></a><p>e.l.f. Primer-infused Bronzer, Long-Wear, Matte, Bold, Lightweight, Blends Easily, Contours Cheeks, Forever Sun Kissed, All-Day Wear, 0.35 Oz</p><p>$7.00 ($20.00 / Ounce)</p><a href="https://www.amazon.com/dp/B07ZR187P5?tag=eloabder-20&linkCode=osi&th=1&psc=1">View Product</a></div><div class="product"><a href="https://www.amazon.com/dp/B0CPFVTY7M?tag=eloabder-20&linkCode=osi&th=1&psc=1"><img src="https://m.media-amazon.com/images/I/41rO68Q0mlL._SL500_.jpg" alt="Product Image"></a><p>e.l.f. Primer-Infused Bronzer, Long-Lasting, Lightweight & Buildable Powder Bronzer, Delivers A Matte Finish, Vegan & Cruelty-Free, Fresh Tan</p><p>$7.00</p><a href="https://www.amazon.com/dp/B0CPFVTY7M?tag=eloabder-20&linkCode=osi&th=1&psc=1">View Product</a></div><div class="product"><a href="https://www.amazon.com/dp/B00518N3VE?tag=eloabder-20&linkCode=osi&th=1&psc=1"><img src="https://m.media-amazon.com/images/I/41SzIseWK6L._SL500_.jpg" alt="Product Image"></a><p>Milani Baked Bronzer - Glow, Cruelty-Free Shimmer Bronzing Powder to Use For Contour Makeup, Highlighters Makeup, Bronzer Makeup, 0.25 Ounce</p><p>$9.97 ($39.88 / Ounce)</p><a href="https://www.amazon.com/dp/B00518N3VE?tag=eloabder-20&linkCode=osi&th=1&psc=1">View Product</a></div><div class="product"><a href="https://www.amazon.com/dp/B006WZ9O72?tag=eloabder-20&linkCode=osi&th=1&psc=1"><img src="https://m.media-amazon.com/images/I/51rDNo9JnqL._SL500_.jpg" alt="Product Image"></a><p>Physicians Formula Bronze Booster Glow-Boosting Season-to-Season, Customizable Seasonal Glow Glow, Lasting Tan Boost, Hypoallergenic Powder, Cruelty-Free & Hypoallergenic- Light-to-Medium</p><p>$12.98</p><a href="https://www.amazon.com/dp/B006WZ9O72?tag=eloabder-20&linkCode=osi&th=1&psc=1">View Product</a></div><div class="product"><a href="https://www.amazon.com/dp/B0CNTYPSSZ?tag=eloabder-20&linkCode=osi&th=1&psc=1"><img src="https://m.media-amazon.com/images/I/416D4Z7hQ8L._SL500_.jpg" alt="Product Image"></a><p>Milani Cheek Kiss Cream Bronzer-110 Hey Honey</p><p>$9.97</p><a href="https://www.amazon.com/dp/B0CNTYPSSZ?tag=eloabder-20&linkCode=osi&th=1&psc=1">View Product</a></div><div class="product"><a href="https://www.amazon.com/dp/B0CVNKP1FM?tag=eloabder-20&linkCode=osi&th=1&psc=1"><img src="https://m.media-amazon.com/images/I/41v4UlIsUOL._SL500_.jpg" alt="Product Image"></a><p>NYX PROFESSIONAL MAKEUP Matte Buttermelt Bronzer, Longwear Face Makeup with Up to 12 Hours of Wear, Vegan Formula - Butta Than U</p><p>$7.70</p><a href="https://www.amazon.com/dp/B0CVNKP1FM?tag=eloabder-20&linkCode=osi&th=1&psc=1">View Product</a></div>
<div class="product"><a href="https://www.amazon.com/dp/B09288DSSX?tag=eloabder-20&linkCode=osi&th=1&psc=1"><img src="https://m.media-amazon.com/images/I/417z6evbmhL._SL500_.jpg" alt="Product Image"></a><p>KYDA Face Highlighter Palette, High Glossy Face Illuminator Palette, Narutal Glow Finish, Pearl Shimmer Smooth Baked Powder, Lasting Sparkling Highlighter Makeup-SUN GLOW</p><p>$9.99</p><a href="https://www.amazon.com/dp/B09288DSSX?tag=eloabder-20&linkCode=osi&th=1&psc=1">View Product</a></div><div class="product"><a href="https://www.amazon.com/dp/B0C41PSDZF?tag=eloabder-20&linkCode=osi&th=1&psc=1"><img src="https://m.media-amazon.com/images/I/41FLNU-tL-L._SL500_.jpg" alt="Product Image"></a><p>NYX PROFESSIONAL MAKEUP, Jumbo Multi-Use Face Highlighter Stick - Vanilla Ice Cream</p><p>$6.00</p><a href="https://www.amazon.com/dp/B0C41PSDZF?tag=eloabder-20&linkCode=osi&th=1&psc=1">View Product</a></div><div class="product"><a href="https://www.amazon.com/dp/B082YPL2SV?tag=eloabder-20&linkCode=osi&th=1&psc=1"><img src="https://m.media-amazon.com/images/I/51Y+MCkwArL._SL500_.jpg" alt="Product Image"></a><p>Wet n Wild MegaGlo Blushlighter, Blendable Blush & Highlighter Set, Shimmery Metallic Finish, Highlight Bling</p><p>$5.47</p><a href="https://www.amazon.com/dp/B082YPL2SV?tag=eloabder-20&linkCode=osi&th=1&psc=1">View Product</a></div><div class="product"><a href="https://www.amazon.com/dp/B07QPY11KY?tag=eloabder-20&linkCode=osi&th=1&psc=1"><img src="https://m.media-amazon.com/images/I/312T7p8cW6L._SL500_.jpg" alt="Product Image"></a><p>Revolution Beauty, Reloaded Pressed Powder Highlighter, Intensely Pigmented for a High Impact Dewy Finish, Dare To Divulge, 0.22 Oz.</p><p>$6.98</p><a href="https://www.amazon.com/dp/B07QPY11KY?tag=eloabder-20&linkCode=osi&th=1&psc=1">View Product</a></div><div class="product"><a href="https://www.amazon.com/dp/B0C6V67KJW?tag=eloabder-20&linkCode=osi&th=1&psc=1"><img src="https://m.media-amazon.com/images/I/31Yh8b8JEjL._SL500_.jpg" alt="Product Image"></a><p>e.l.f. Halo Glow Highlight Beauty Wand, Liquid Highlighter Wand For Luminous, Glowing Skin, Buildable Formula, Vegan & Cruelty-free,Champagne Campaign</p><p>$9.00</p><a href="https://www.amazon.com/dp/B0C6V67KJW?tag=eloabder-20&linkCode=osi&th=1&psc=1">View Product</a></div><div class="product"><a href="https://www.amazon.com/dp/B073WMG59J?tag=eloabder-20&linkCode=osi&th=1&psc=1"><img src="https://m.media-amazon.com/images/I/51fz8bpJNNL._SL500_.jpg" alt="Product Image"></a><p>wet n wild MegaGlo Highlighting Powder, Highlighter Makeup, Shimmer Glow, Pink Rose Gold Blossom Glow</p><p>$5.47</p><a href="https://www.amazon.com/dp/B073WMG59J?tag=eloabder-20&linkCode=osi&th=1&psc=1">View Product</a></div><div class="product"><a href="https://www.amazon.com/dp/B074PTZCNW?tag=eloabder-20&linkCode=osi&th=1&psc=1"><img src="https://m.media-amazon.com/images/I/31btEAGukiL._SL500_.jpg" alt="Product Image"></a><p>L'Oreal Paris Makeup True Match Lumi Glotion, Natural Glow Enhancer, Illuminator Highlighter Skin Tint, for an All Day Radiant Glow, Light, 1.35 Ounces</p><p>$12.74</p><a href="https://www.amazon.com/dp/B074PTZCNW?tag=eloabder-20&linkCode=osi&th=1&psc=1">View Product</a></div><div class="product"><a href="https://www.amazon.com/dp/B0BD9HYBKD?tag=eloabder-20&linkCode=osi&th=1&psc=1"><img src="https://m.media-amazon.com/images/I/319tXl8nMUL._SL500_.jpg" alt="Product Image"></a><p>LAURA GELLER NEW YORK Baked Natural Glow Highlighter Radiance Enhancing Makeup, French Vanilla</p><p>$18.99</p><a href="https://www.amazon.com/dp/B0BD9HYBKD?tag=eloabder-20&linkCode=osi&th=1&psc=1">View Product</a></div><div class="product"><a href="https://www.amazon.com/dp/B075K784FK?tag=eloabder-20&linkCode=osi&th=1&psc=1"><img src="https://m.media-amazon.com/images/I/51q6Nf009iL._SL500_.jpg" alt="Product Image"></a><p>Physicians Formula Murumuru Butter Highlighter Makeup Face Powder Make Up, Pearl, Dermatologist Approved</p><p>$10.00</p><a href="https://www.amazon.com/dp/B075K784FK?tag=eloabder-20&linkCode=osi&th=1&psc=1">View Product</a></div><div class="product"><a href="https://www.amazon.com/dp/B083574V27?tag=eloabder-20&linkCode=osi&th=1&psc=1"><img src="https://m.media-amazon.com/images/I/41fyFVpDrXL._SL500_.jpg" alt="Product Image"></a><p>Milani Baked Highlighter (Dolce Perla) - Cruelty-Free Powder Highlighter, Highlight Face for a Shimmery or Matte Finish</p><p>$10.97 ($39.18 / Ounce)</p><a href="https://www.amazon.com/dp/B083574V27?tag=eloabder-20&linkCode=osi&th=1&psc=1">View Product</a></div>
<div class="product"><a href="https://www.amazon.com/dp/B09XMYFTB7?tag=eloabder-20&linkCode=osi&th=1&psc=1"><img src="https://m.media-amazon.com/images/I/31t+Ua+JWSL._SL500_.jpg" alt="Product Image"></a><p>e.l.f. Power Grip Primer, Gel-Based & Hydrating Face Primer For Smoothing Skin & Gripping Makeup, Moisturizes & Primes, 0.811 Fl Oz (24 ml)</p><p>$9.98</p><a href="https://www.amazon.com/dp/B09XMYFTB7?tag=eloabder-20&linkCode=osi&th=1&psc=1">View Product</a></div><div class="product"><a href="https://www.amazon.com/dp/B07BHB7QBN?tag=eloabder-20&linkCode=osi&th=1&psc=1"><img src="https://m.media-amazon.com/images/I/31kMxA9EhWL._SL500_.jpg" alt="Product Image"></a><p>Maybelline New York Facestudio Master Prime Primer Makeup, Blur + Pore Minimize, 1 fl. oz.</p><p>$8.99</p><a href="https://www.amazon.com/dp/B07BHB7QBN?tag=eloabder-20&linkCode=osi&th=1&psc=1">View Product</a></div><div class="product"><a href="https://www.amazon.com/dp/B00JZ4V6V4?tag=eloabder-20&linkCode=osi&th=1&psc=1"><img src="https://m.media-amazon.com/images/I/31jO7qDk9zL._SL500_.jpg" alt="Product Image"></a><p>e.l.f. Poreless Face Primer, Restoring Makeup Primer For A Flawless, Smooth Canvas, Infused With Tea Tree & Vitamin A, Vegan & Cruelty-Free, 0.47 Fl Oz</p><p>$7.83</p><a href="https://www.amazon.com/dp/B00JZ4V6V4?tag=eloabder-20&linkCode=osi&th=1&psc=1">View Product</a></div><div class="product"><a href="https://www.amazon.com/dp/B0BQQS5GBQ?tag=eloabder-20&linkCode=osi&th=1&psc=1"><img src="https://m.media-amazon.com/images/I/31TLdF8cy8L._SL500_.jpg" alt="Product Image"></a><p>e.l.f. Power Grip Primer + 4% Niacinamide, Gel-Based & Hydrating Face Primer, Evens Skin & Brightens, Grips Makeup, Vegan & Cruelty-Free, 0.8 Fl Oz</p><p>$10.00</p><a href="https://www.amazon.com/dp/B0BQQS5GBQ?tag=eloabder-20&linkCode=osi&th=1&psc=1">View Product</a></div><div class="product"><a href="https://www.amazon.com/dp/B07NSH2B4D?tag=eloabder-20&linkCode=osi&th=1&psc=1"><img src="https://m.media-amazon.com/images/I/31gmpEmsBmL._SL500_.jpg" alt="Product Image"></a><p>e.l.f. Poreless Putty Primer, Silky, Skin-Perfecting, Lightweight, Long Lasting, Smooths, Hydrates, Minimizes Pores, Flawless Base & Finish, All-Day Wear, Ideal for All Skin Types, 0.74 Fl Oz</p><p>$10.00</p><a href="https://www.amazon.com/dp/B07NSH2B4D?tag=eloabder-20&linkCode=osi&th=1&psc=1">View Product</a></div><div class="product"><a href="https://www.amazon.com/dp/B09WYT4QTJ?tag=eloabder-20&linkCode=osi&th=1&psc=1"><img src="https://m.media-amazon.com/images/I/214qTbvzjrL._SL500_.jpg" alt="Product Image"></a><p>Smashbox The Original Photo Finish Smooth & Blur Oil-Free Makeup Primer - Infused with Vitamin A & E, Reduces The Appearance of Fine Lines and Pores - Travel Size, 0.34 fl oz</p><p>$16.00 ($47.06 / Ounce)</p><a href="https://www.amazon.com/dp/B09WYT4QTJ?tag=eloabder-20&linkCode=osi&th=1&psc=1">View Product</a></div><div class="product"><a href="https://www.amazon.com/dp/B07PQN4XZ1?tag=eloabder-20&linkCode=osi&th=1&psc=1"><img src="https://m.media-amazon.com/images/I/31BdxqUi-iL._SL500_.jpg" alt="Product Image"></a><p>Milk Makeup Hydro Grip Primer - 0.33 fl oz - Hydrates & Grips Makeup for Up to 12 Hours - Prevents Caking - All Skin Types - Fragrance-Free - Vegan, Cruelty Free</p><p>$20.00 ($60.61 / Fl Oz)</p><a href="https://www.amazon.com/dp/B07PQN4XZ1?tag=eloabder-20&linkCode=osi&th=1&psc=1">View Product</a></div><div class="product"><a href="https://www.amazon.com/dp/B00HVI8WYU?tag=eloabder-20&linkCode=osi&th=1&psc=1"><img src="https://m.media-amazon.com/images/I/31educzzSsL._SL500_.jpg" alt="Product Image"></a><p>e.l.f. Hydrating Face Primer, Makeup Primer For Flawless, Smooth Skin & Long-Lasting Makeup, Fills In Pores & Fine Lines, Vegan & Cruelty-free, Small</p><p>$8.00</p><a href="https://www.amazon.com/dp/B00HVI8WYU?tag=eloabder-20&linkCode=osi&th=1&psc=1">View Product</a></div><div class="product"><a href="https://www.amazon.com/dp/B07BHBDN3Y?tag=eloabder-20&linkCode=osi&th=1&psc=1"><img src="https://m.media-amazon.com/images/I/3173qcBCyFL._SL500_.jpg" alt="Product Image"></a><p>Maybelline New York Facestudio Master Prime Primer Makeup, Blur+ Defend, 1 fl. oz.</p><p>$9.77</p><a href="https://www.amazon.com/dp/B07BHBDN3Y?tag=eloabder-20&linkCode=osi&th=1&psc=1">View Product</a></div><div class="product"><a href="https://www.amazon.com/dp/B00I9X3UKM?tag=eloabder-20&linkCode=osi&th=1&psc=1"><img src="https://m.media-amazon.com/images/I/31Bx9WdmmdL._SL500_.jpg" alt="Product Image"></a><p>Rimmel London Stay Matte - 003 - Primer, Ultra-Lightweight, Controls Shine, Doesn’t Feel Greasy, 1oz</p><p>$5.97</p><a href="https://www.amazon.com/dp/B00I9X3UKM?tag=eloabder-20&linkCode=osi&th=1&psc=1">View Product</a></div>
<div class="product"><a href="https://www.amazon.com/dp/B008C131AK?tag=eloabder-20&linkCode=osi&th=1&psc=1"><img src="https://m.media-amazon.com/images/I/41EVShOq3PL._SL500_.jpg" alt="Product Image"></a><p>Maybelline Dream Fresh Skin Hydrating BB cream, 8-in-1 Skin Perfecting Beauty Balm with Broad Spectrum SPF 30, Sheer Tint Coverage, Oil-Free, Medium, 1 Fl Oz</p><p>$7.99</p><a href="https://www.amazon.com/dp/B008C131AK?tag=eloabder-20&linkCode=osi&th=1&psc=1">View Product</a></div><div class="product"><a href="https://www.amazon.com/dp/B0084A5PWQ?tag=eloabder-20&linkCode=osi&th=1&psc=1"><img src="https://m.media-amazon.com/images/I/31RjcO5JPeL._SL500_.jpg" alt="Product Image"></a><p>L'Oréal Paris Makeup Magic Skin Beautifier BB Cream Tinted Moisturizer, Medium, 1 fl oz, 1 Count</p><p>$9.98</p><a href="https://www.amazon.com/dp/B0084A5PWQ?tag=eloabder-20&linkCode=osi&th=1&psc=1">View Product</a></div><div class="product"><a href="https://www.amazon.com/dp/B002B9DWBC?tag=eloabder-20&linkCode=osi&th=1&psc=1"><img src="https://m.media-amazon.com/images/I/41ZejVfTaoL._SL500_.jpg" alt="Product Image"></a><p>MISSHA M Perfect BB Cream No.21 Light Beige for Bright Skin SPF 42 PA +++ 1.69 Fl Oz - Tinted Moisturizer for face with SPF</p><p>$9.90</p><a href="https://www.amazon.com/dp/B002B9DWBC?tag=eloabder-20&linkCode=osi&th=1&psc=1">View Product</a></div><div class="product"><a href="https://www.amazon.com/dp/B00KJ82CN6?tag=eloabder-20&linkCode=osi&th=1&psc=1"><img src="https://m.media-amazon.com/images/I/41VM3jcO3oS._SL500_.jpg" alt="Product Image"></a><p>Maybelline Dream Pure Skin Clearing BB Cream, 8-in-1 Skin Perfecting Beauty Balm With 2% Salicylic Acid, Sheer Tint Coverage, Oil-Free, Light/Medium, 1 Count</p><p>$7.99</p><a href="https://www.amazon.com/dp/B00KJ82CN6?tag=eloabder-20&linkCode=osi&th=1&psc=1">View Product</a></div><div class="product"><a href="https://www.amazon.com/dp/B000V33OGS?tag=eloabder-20&linkCode=osi&th=1&psc=1"><img src="https://m.media-amazon.com/images/I/41I8dzKEI+L._SL500_.jpg" alt="Product Image"></a><p>COVERGIRL Smoothers Lightweight BB Cream, Fair to Light 805, 1.35 oz (Packaging May Vary) Lightweight Hydrating 10-In-1 Skin Enhancer with SPF 21 UV Protection</p><p>$6.97</p><a href="https://www.amazon.com/dp/B000V33OGS?tag=eloabder-20&linkCode=osi&th=1&psc=1">View Product</a></div><div class="product"><a href="https://www.amazon.com/dp/B01E527F38?tag=eloabder-20&linkCode=osi&th=1&psc=1"><img src="https://m.media-amazon.com/images/I/31jXYhER5QL._SL500_.jpg" alt="Product Image"></a><p>COVERGIRL - Clean Matte BB Cream, Oil-Free, Long-Lasting, Sensitive Skin, Lightweight, 100% Cruelty-Free</p><p>$7.99</p><a href="https://www.amazon.com/dp/B01E527F38?tag=eloabder-20&linkCode=osi&th=1&psc=1">View Product</a></div><div class="product"><a href="https://www.amazon.com/dp/B07WTX6SKL?tag=eloabder-20&linkCode=osi&th=1&psc=1"><img src="https://m.media-amazon.com/images/I/41mtjVTdh3L._SL500_.jpg" alt="Product Image"></a><p>MISSHA M Perfect Cover BB Cream No.13 Bright Beige for Fair Skin SPF 42 PA +++ 1.69 Fl Oz - Tinted Moisturizer for face with SPF</p><p>$9.70 ($5.74 / Fl Oz)</p><a href="https://www.amazon.com/dp/B07WTX6SKL?tag=eloabder-20&linkCode=osi&th=1&psc=1">View Product</a></div><div class="product"><a href="https://www.amazon.com/dp/B09BYL7M3G?tag=eloabder-20&linkCode=osi&th=1&psc=1"><img src="https://m.media-amazon.com/images/I/41t-BZ1FdOL._SL500_.jpg" alt="Product Image"></a><p>purlisse Ageless Glow Serum BB Cream SPF 40 : Clean & Cruelty-Free, Full & Flawless Coverage, Hydrates with Collagen | Light 1.4oz</p><p>$39.00 ($37.50 / Fl Oz)</p><a href="https://www.amazon.com/dp/B09BYL7M3G?tag=eloabder-20&linkCode=osi&th=1&psc=1">View Product</a></div><div class="product"><a href="https://www.amazon.com/dp/B08JCK7LSN?tag=eloabder-20&linkCode=osi&th=1&psc=1"><img src="https://m.media-amazon.com/images/I/31KzNyZ7WBL._SL500_.jpg" alt="Product Image"></a><p>PURITO Cica Clearing BB Cream #21 Light Beige 1 fl.oz / 30ml, Vegan bb cream, tinted</p><p>$12.00</p><a href="https://www.amazon.com/dp/B08JCK7LSN?tag=eloabder-20&linkCode=osi&th=1&psc=1">View Product</a></div><div class="product"><a href="https://www.amazon.com/dp/B01M9FG3PS?tag=eloabder-20&linkCode=osi&th=1&psc=1"><img src="https://m.media-amazon.com/images/I/41i-ftNWghL._SL500_.jpg" alt="Product Image"></a><p>pūrlisse Perfect Glow BB Cream SPF 30: Clean & Cruelty-Free, Medium Flawless Coverage, Hydrates with Jasmine | Light 1.4oz</p><p>$36.00 ($26.47 / Fl Oz)</p><a href="https://www.amazon.com/dp/B01M9FG3PS?tag=eloabder-20&linkCode=osi&th=1&psc=1">View Product</a></div>
<div class="product"><a href="https://www.amazon.com/dp/B00RZ4R0ZM?tag=eloabder-20&linkCode=osi&th=1&psc=1"><img src="https://m.media-amazon.com/images/I/41h3Z7gUh4L._SL500_.jpg" alt="Product Image"></a><p>IT Cosmetics Your Skin But Better CC+ Cream, Light (W) - Color Correcting Cream, Full-Coverage Foundation, Hydrating Serum & SPF 50+ Sunscreen - Natural Finish - 1.08 fl oz</p><p>$47.00 ($43.52 / Fl Oz)</p><a href="https://www.amazon.com/dp/B00RZ4R0ZM?tag=eloabder-20&linkCode=osi&th=1&psc=1">View Product</a></div><div class="product"><a href="https://www.amazon.com/dp/B09TSSR6TQ?tag=eloabder-20&linkCode=osi&th=1&psc=1"><img src="https://m.media-amazon.com/images/I/41YfZQIZVHL._SL500_.jpg" alt="Product Image"></a><p>Erborian Color Correcting CC Cream with cica, Tan (Dore) - Lightweight Multi-Purpose Foundation with Illuminating Finish Soothes & Hydrates - SPF Korean Skincare Skin Perfector - 1.5 Oz</p><p>$46.00 ($30.67 / Ounce)</p><a href="https://www.amazon.com/dp/B09TSSR6TQ?tag=eloabder-20&linkCode=osi&th=1&psc=1">View Product</a></div><div class="product"><a href="https://www.amazon.com/dp/B0CG67918Y?tag=eloabder-20&linkCode=osi&th=1&psc=1"><img src="https://m.media-amazon.com/images/I/31ZBRrlGQeL._SL500_.jpg" alt="Product Image"></a><p>Color Correcting CC Cream with SPF 25, Coverage Lightweight Foundation, Hydrating Serum, Even Skin Tone Makeup and Skin Care, Boost Radiance, Refine Skin Texture, Avoid Sun Damage (LightLight, 1PCS)</p><p>$9.99</p><a href="https://www.amazon.com/dp/B0CG67918Y?tag=eloabder-20&linkCode=osi&th=1&psc=1">View Product</a></div><div class="product"><a href="https://www.amazon.com/dp/B07GV322NS?tag=eloabder-20&linkCode=osi&th=1&psc=1"><img src="https://m.media-amazon.com/images/I/318Xp-z4BzL._SL500_.jpg" alt="Product Image"></a><p>IT Cosmetics Your Skin But Better CC+ Cream Illumination - Color Correcting Cream, Full-Coverage Foundation, Hydrating Serum & SPF 50+ Sunscreen Radiant Finish 1.08 fl oz</p><p>$47.00 ($43.52 / Fl Oz)</p><a href="https://www.amazon.com/dp/B07GV322NS?tag=eloabder-20&linkCode=osi&th=1&psc=1">View Product</a></div><div class="product"><a href="https://www.amazon.com/dp/B08TQMG68Q?tag=eloabder-20&linkCode=osi&th=1&psc=1"><img src="https://m.media-amazon.com/images/I/31WzGFVeXLL._SL500_.jpg" alt="Product Image"></a><p>e.l.f. Camo CC Cream, Color Correcting Medium-To-Full Coverage Foundation with SPF 30, Light 240 W, 1.05 Oz (30g)</p><p>$14.29</p><a href="https://www.amazon.com/dp/B08TQMG68Q?tag=eloabder-20&linkCode=osi&th=1&psc=1">View Product</a></div><div class="product"><a href="https://www.amazon.com/dp/B00HUA6LCO?tag=eloabder-20&linkCode=osi&th=1&psc=1"><img src="https://m.media-amazon.com/images/I/31tzzIuzR3L._SL500_.jpg" alt="Product Image"></a><p>Physicians Formula Super CC+ Cream Color-Correction + Care Cream Full Coverage Light Foundation, Anti Aging Hydrating Serum, For Uneven Skin Tone, Dermatologist Approved</p><p>$12.30</p><a href="https://www.amazon.com/dp/B00HUA6LCO?tag=eloabder-20&linkCode=osi&th=1&psc=1">View Product</a></div><div class="product"><a href="https://www.amazon.com/dp/B00E4OQ63I?tag=eloabder-20&linkCode=osi&th=1&psc=1"><img src="https://m.media-amazon.com/images/I/31C4yvovnxL._SL500_.jpg" alt="Product Image"></a><p>Lumene Color Correcting CC Cream - Lightweight Foundation with Medium Coverage - Redness Reducing Face Makeup for a Glowing Complexion - Vegan Formula + Suitable for All Skin Types - Medium (1 fl oz)</p><p>$17.40 ($17.40 / Fl Oz)</p><a href="https://www.amazon.com/dp/B00E4OQ63I?tag=eloabder-20&linkCode=osi&th=1&psc=1">View Product</a></div><div class="product"><a href="https://www.amazon.com/dp/B09TSRF2Q8?tag=eloabder-20&linkCode=osi&th=1&psc=1"><img src="https://m.media-amazon.com/images/I/41lZpQCt9HL._SL500_.jpg" alt="Product Image"></a><p>Erborian Color Correcting CC Cream with Centella Asiatica, Red Correct - Light Multi-Purpose Facial Concealer with Illuminating Finish Soothes & Hydrates - SPF Korean Skincare Skin Perfector - 0.5 Oz</p><p>$25.00 ($50.00 / Ounce)</p><a href="https://www.amazon.com/dp/B09TSRF2Q8?tag=eloabder-20&linkCode=osi&th=1&psc=1">View Product</a></div><div class="product"><a href="https://www.amazon.com/dp/B00U3203IY?tag=eloabder-20&linkCode=osi&th=1&psc=1"><img src="https://m.media-amazon.com/images/I/31BL0K5i4vL._SL500_.jpg" alt="Product Image"></a><p>IT Cosmetics Your Skin But Better CC+ Cream Travel Size, Light (W) - Color Correcting Cream, Full-Coverage Foundation, Hydrating Serum & SPF 50+ Sunscreen - Natural Finish - 0.406 fl oz</p><p>$22.00 ($55.00 / Fl Oz)</p><a href="https://www.amazon.com/dp/B00U3203IY?tag=eloabder-20&linkCode=osi&th=1&psc=1">View Product</a></div>
<div class="product"><a href="https://www.amazon.com/dp/B0CG68RTBB?tag=eloabder-20&linkCode=osi&th=1&psc=1"><img src="https://m.media-amazon.com/images/I/51d8MhcTFdL._SL500_.jpg" alt="Product Image"></a><p>Contour Stick, Highlighter Stick, Blush Stick 3Pcs Cream Contour Kit with Contour Brush, Create Face Contour, Non-greasy, Waterproof Long-lasting Effect, Highlighter Makeup Stick for Beginner Medium</p><p>$6.64 ($1.72 / Ounce)</p><a href="https://www.amazon.com/dp/B0CG68RTBB?tag=eloabder-20&linkCode=osi&th=1&psc=1">View Product</a></div><div class="product"><a href="https://www.amazon.com/dp/B0B7713RZQ?tag=eloabder-20&linkCode=osi&th=1&psc=1"><img src="https://m.media-amazon.com/images/I/51pLW0sMwGL._SL500_.jpg" alt="Product Image"></a><p>4 Colors Cream Contour Sticks Makeup Kit, Primer Face Highlighter Contouring for Beginners, Highlight and Contour Kit, Cream Concealer Makeup Blur Stick, Primer Face Corrector 1#,3#</p><p>$9.98</p><a href="https://www.amazon.com/dp/B0B7713RZQ?tag=eloabder-20&linkCode=osi&th=1&psc=1">View Product</a></div><div class="product"><a href="https://www.amazon.com/dp/B014PVXY5W?tag=eloabder-20&linkCode=osi&th=1&psc=1"><img src="https://m.media-amazon.com/images/I/41Qf+n9Gn-L._SL500_.jpg" alt="Product Image"></a><p>Aesthetica Cosmetics Cream Contour and Highlighting Makeup Kit - Contouring Foundation/Concealer Palette - Vegan & Cruelty Free - Step-by-Step Instructions Included</p><p>$29.97 ($47.57 / Ounce)</p><a href="https://www.amazon.com/dp/B014PVXY5W?tag=eloabder-20&linkCode=osi&th=1&psc=1">View Product</a></div><div class="product"><a href="https://www.amazon.com/dp/B0CSCYCQTP?tag=eloabder-20&linkCode=osi&th=1&psc=1"><img src="https://m.media-amazon.com/images/I/41g9O0LMEpL._SL500_.jpg" alt="Product Image"></a><p>Umadit Contour Stick, Blush Stick, Highlighter Stick, Bronzer Stick, 3 Pcs Cream Contour Kit with Brush for a Flawless Look, Contour Stick Makeup Non-Greasy Waterproof, Long-lasting Fair-Medium</p><p>$14.99</p><a href="https://www.amazon.com/dp/B0CSCYCQTP?tag=eloabder-20&linkCode=osi&th=1&psc=1">View Product</a></div><div class="product"><a href="https://www.amazon.com/dp/B0C6MYW7FC?tag=eloabder-20&linkCode=osi&th=1&psc=1"><img src="https://m.media-amazon.com/images/I/51CRa+rR5yL._SL500_.jpg" alt="Product Image"></a><p>3Pcs Cream Contour Stick Makeup Kit,Shades with Highlighter Stick,Blush Stick and Bronzer Contour Stick for Sculpt the Cheeks,Long Lasting,Waterproof,Matte & Dewy Finish,LIGHT MEDIUM (#02,05,06)</p><p>$12.99</p><a href="https://www.amazon.com/dp/B0C6MYW7FC?tag=eloabder-20&linkCode=osi&th=1&psc=1">View Product</a></div><div class="product"><a href="https://www.amazon.com/dp/B074G44PVR?tag=eloabder-20&linkCode=osi&th=1&psc=1"><img src="https://m.media-amazon.com/images/I/41dMa+Rs2NL._SL500_.jpg" alt="Product Image"></a><p>W7 Lift & Sculpt Cream Contour Kit - Concealing, Highlighting & Contouring Makeup Palette - Step-by-Step Instructions Included</p><p>$6.29 ($8.99 / Ounce)</p><a href="https://www.amazon.com/dp/B074G44PVR?tag=eloabder-20&linkCode=osi&th=1&psc=1">View Product</a></div><div class="product"><a href="https://www.amazon.com/dp/B0045J2GKY?tag=eloabder-20&linkCode=osi&th=1&psc=1"><img src="https://m.media-amazon.com/images/I/31m4Yh07iZL._SL500_.jpg" alt="Product Image"></a><p>Smashbox Step-By-Step Contour, Highlighter, & Bronzer Face Palette with Angled Brush, Light/Medium</p><p>$40.00 ($100.00 / Ounce)</p><a href="https://www.amazon.com/dp/B0045J2GKY?tag=eloabder-20&linkCode=osi&th=1&psc=1">View Product</a></div><div class="product"><a href="https://www.amazon.com/dp/B0169YYBYQ?tag=eloabder-20&linkCode=osi&th=1&psc=1"><img src="https://m.media-amazon.com/images/I/31BGUv-HtUL._SL500_.jpg" alt="Product Image"></a><p>Maybelline Facestudio Master Contour Face Contouring Kit, Light to Medium, 1 Count</p><p>$9.98 ($28.51 / Ounce)</p><a href="https://www.amazon.com/dp/B0169YYBYQ?tag=eloabder-20&linkCode=osi&th=1&psc=1">View Product</a></div><div class="product"><a href="https://www.amazon.com/dp/B00HG1JMB4?tag=eloabder-20&linkCode=osi&th=1&psc=1"><img src="https://m.media-amazon.com/images/I/31wv1eTLSgL._SL500_.jpg" alt="Product Image"></a><p>Anastasia Beverly Hills Contour Powder Kit - Light to Medium Women 0.66 oz</p><p>$40.00 ($60.61 / Ounce)</p><a href="https://www.amazon.com/dp/B00HG1JMB4?tag=eloabder-20&linkCode=osi&th=1&psc=1">View Product</a></div><div class="product"><a href="https://www.amazon.com/dp/B0CZLKZ5MV?tag=eloabder-20&linkCode=osi&th=1&psc=1"><img src="https://m.media-amazon.com/images/I/41bkKtdgzlL._SL500_.jpg" alt="Product Image"></a><p>3Pcs Cream Contour Stick Makeup Kit, Shades with Highlighter Stick, Blush Stick and Bronzer Contour Stick for Sculpt the Cheeks, Long Lasting, Waterproof, Matte & Dewy Finish (LIGHT MEDIUM)</p><p>$9.99</p><a href="https://www.amazon.com/dp/B0CZLKZ5MV?tag=eloabder-20&linkCode=osi&th=1&psc=1">View Product</a></div>
<div class="product"><a href="https://www.amazon.com/dp/B00WZQTCS8?tag=eloabder-20&linkCode=osi&th=1&psc=1"><img src="https://m.media-amazon.com/images/I/41iVoW5QboL._SL500_.jpg" alt="Product Image"></a><p>NYX PROFESSIONAL MAKEUP Micro Brow Pencil, Eyebrow Pencil - Espresso</p><p>$7.33</p><a href="https://www.amazon.com/dp/B00WZQTCS8?tag=eloabder-20&linkCode=osi&th=1&psc=1">View Product</a></div><div class="product"><a href="https://www.amazon.com/dp/B01643FI0I?tag=eloabder-20&linkCode=osi&th=1&psc=1"><img src="https://m.media-amazon.com/images/I/21w1DpgxRoL._SL500_.jpg" alt="Product Image"></a><p>L'Oreal Paris Makeup Brow Stylist Definer Waterproof Eyebrow Pencil, Ultra-Fine Mechanical Pencil, Draws Tiny Brow Hairs and Fills in Sparse Areas and Gaps, Dark Brunette, 0.003 Ounce (Pack of 1)</p><p>$8.98</p><a href="https://www.amazon.com/dp/B01643FI0I?tag=eloabder-20&linkCode=osi&th=1&psc=1">View Product</a></div><div class="product"><a href="https://www.amazon.com/dp/B074VD4X7W?tag=eloabder-20&linkCode=osi&th=1&psc=1"><img src="https://m.media-amazon.com/images/I/41eK8J1W2rL._SL500_.jpg" alt="Product Image"></a><p>Maybelline Total Temptation Eyebrow Definer Pencil, Soft Brown, 1 Count</p><p>$8.99</p><a href="https://www.amazon.com/dp/B074VD4X7W?tag=eloabder-20&linkCode=osi&th=1&psc=1">View Product</a></div><div class="product"><a href="https://www.amazon.com/dp/B0797NNXS7?tag=eloabder-20&linkCode=osi&th=1&psc=1"><img src="https://m.media-amazon.com/images/I/31M1oepnAnL._SL500_.jpg" alt="Product Image"></a><p>wet n wild Ultimate Eyebrow Retractable Definer Pencil, Dark Brown, Dual-Sided, Fine Tip, Shapes, Defines, Fills Brows Makeup</p><p>$3.26</p><a href="https://www.amazon.com/dp/B0797NNXS7?tag=eloabder-20&linkCode=osi&th=1&psc=1">View Product</a></div><div class="product"><a href="https://www.amazon.com/dp/B0B52KG7YP?tag=eloabder-20&linkCode=osi&th=1&psc=1"><img src="https://m.media-amazon.com/images/I/31Mi4FEPxYL._SL500_.jpg" alt="Product Image"></a><p>e.l.f. Instant Lift Brow Pencil, Dual-Ended Precision Brow Pencils For Shaping & Defining Eyebrows, Vegan & Cruelty-Free, Neutral Brown, 2-Pack</p><p>$5.00</p><a href="https://www.amazon.com/dp/B0B52KG7YP?tag=eloabder-20&linkCode=osi&th=1&psc=1">View Product</a></div><div class="product"><a href="https://www.amazon.com/dp/B0CPFY8K8W?tag=eloabder-20&linkCode=osi&th=1&psc=1"><img src="https://m.media-amazon.com/images/I/21SmXiqZZYL._SL500_.jpg" alt="Product Image"></a><p>e.l.f. Instant Lift Waterproof Brow Pencil, Long-Lasting Eyebrow Pencil For Grooming & Shaping Brows, Vegan & Cruelty-free, Deep Brown</p><p>$4.00</p><a href="https://www.amazon.com/dp/B0CPFY8K8W?tag=eloabder-20&linkCode=osi&th=1&psc=1">View Product</a></div><div class="product"><a href="https://www.amazon.com/dp/B0779TDXZD?tag=eloabder-20&linkCode=osi&th=1&psc=1"><img src="https://m.media-amazon.com/images/I/31lQjBd5GoL._SL500_.jpg" alt="Product Image"></a><p>COVERGIRL - Easy Breezy Brow Micro-Fine + Define Pencil, Micro-fine tip, no sharpening required, Built-in spoolie-brush, 100% Cruelty-Free</p><p>$6.98</p><a href="https://www.amazon.com/dp/B0779TDXZD?tag=eloabder-20&linkCode=osi&th=1&psc=1">View Product</a></div><div class="product"><a href="https://www.amazon.com/dp/B001ESKLZQ?tag=eloabder-20&linkCode=osi&th=1&psc=1"><img src="https://m.media-amazon.com/images/I/31bw47frHzS._SL500_.jpg" alt="Product Image"></a><p>COVERGIRL - Easy Breezy Brow Fill + Define Brow Pencil, Sharpener Included, Long-Lasting, Deeply Pigmented, Blendable Formula, 100% Cruelty-Free</p><p>$4.47</p><a href="https://www.amazon.com/dp/B001ESKLZQ?tag=eloabder-20&linkCode=osi&th=1&psc=1">View Product</a></div><div class="product"><a href="https://www.amazon.com/dp/B0BZB5S5VZ?tag=eloabder-20&linkCode=osi&th=1&psc=1"><img src="https://m.media-amazon.com/images/I/21yggYcUn7L._SL500_.jpg" alt="Product Image"></a><p>Maybelline Express Brow Ultra Slim Eyebrow Makeup, Brow Pencil with Precision Tip and Spoolie for Defined Eyebrows, Ash Brown, 1 Count</p><p>$7.99</p><a href="https://www.amazon.com/dp/B0BZB5S5VZ?tag=eloabder-20&linkCode=osi&th=1&psc=1">View Product</a></div><div class="product"><a href="https://www.amazon.com/dp/B0D12PWNK6?tag=eloabder-20&linkCode=osi&th=1&psc=1"><img src="https://m.media-amazon.com/images/I/51u7eOlEtFL._SL500_.jpg" alt="Product Image"></a><p>iMethod Microblading Eyebrow Pen - Eyebrow Pencil Magical 2-in-1 Dual-Ended Eye Brow Pencils for Women with 4-Fork-Tip & Precise Brush-Tip Create Natural Hair-Like Brows, Last All-Day, Dark Brown</p><p>$14.97 ($14.97 / Count)</p><a href="https://www.amazon.com/dp/B0D12PWNK6?tag=eloabder-20&linkCode=osi&th=1&psc=1">View Product</a></div>
<div class="product"><a href="https://www.amazon.com/dp/B08M58SWB1?tag=eloabder-20&linkCode=osi&th=1&psc=1"><img src="https://m.media-amazon.com/images/I/310xAdliG2L._SL500_.jpg" alt="Product Image"></a><p>NYX PROFESSIONAL MAKEUP The Brow Glue, Extreme Hold Eyebrow Gel - Clear</p><p>$9.97</p><a href="https://www.amazon.com/dp/B08M58SWB1?tag=eloabder-20&linkCode=osi&th=1&psc=1">View Product</a></div><div class="product"><a href="https://www.amazon.com/dp/B0CXZHMR7J?tag=eloabder-20&linkCode=osi&th=1&psc=1"><img src="https://m.media-amazon.com/images/I/31Yeo2ybK3L._SL500_.jpg" alt="Product Image"></a><p>L'Oreal Paris Infallible Up To 24H Wear Brow Lamination, Water-Resistant Longwear Eyebrow Gel Make Up, Clear/Transparent, 0.16 Fl Oz</p><p>$10.98</p><a href="https://www.amazon.com/dp/B0CXZHMR7J?tag=eloabder-20&linkCode=osi&th=1&psc=1">View Product</a></div><div class="product"><a href="https://www.amazon.com/dp/B00INCDKDQ?tag=eloabder-20&linkCode=osi&th=1&psc=1"><img src="https://m.media-amazon.com/images/I/31av5tR14oL._SL500_.jpg" alt="Product Image"></a><p>NYX PROFESSIONAL MAKEUP Control Freak Eyebrow Gel - Clear</p><p>$5.25</p><a href="https://www.amazon.com/dp/B00INCDKDQ?tag=eloabder-20&linkCode=osi&th=1&psc=1">View Product</a></div><div class="product"><a href="https://www.amazon.com/dp/B0815D98F3?tag=eloabder-20&linkCode=osi&th=1&psc=1"><img src="https://m.media-amazon.com/images/I/21QZMOUJnZL._SL500_.jpg" alt="Product Image"></a><p>e.l.f. Wow Brow Gel, Volumizing, Buildable, Wax-Gel Hybrid, Creates Full, Voluminous-Looking Brows, Locks Brow Hairs In Place, Neutral Brown, Fiber-Infused, 0.12 Oz</p><p>$5.00</p><a href="https://www.amazon.com/dp/B0815D98F3?tag=eloabder-20&linkCode=osi&th=1&psc=1">View Product</a></div><div class="product"><a href="https://www.amazon.com/dp/B0CZ9RC3LP?tag=eloabder-20&linkCode=osi&th=1&psc=1"><img src="https://m.media-amazon.com/images/I/31iejSSA86L._SL500_.jpg" alt="Product Image"></a><p>Maybelline Super Lock Brow Glue Eyebrow Gel, Lightweight Brow Gel For Up To 24HR Hold, Clear, 1 Count</p><p>$8.98</p><a href="https://www.amazon.com/dp/B0CZ9RC3LP?tag=eloabder-20&linkCode=osi&th=1&psc=1">View Product</a></div><div class="product"><a href="https://www.amazon.com/dp/B07GYBFBLY?tag=eloabder-20&linkCode=osi&th=1&psc=1"><img src="https://m.media-amazon.com/images/I/41kXdvFl3lL._SL500_.jpg" alt="Product Image"></a><p>L'Oreal Paris Unbelieva-Brow Longwear Waterproof Tinted Brow Gel, Smudge-resistant, Transfer- Proof, Quick Drying, Easy and quick application with precise brush, Blonde, 0.15 fl. oz.</p><p>$14.99</p><a href="https://www.amazon.com/dp/B07GYBFBLY?tag=eloabder-20&linkCode=osi&th=1&psc=1">View Product</a></div><div class="product"><a href="https://www.amazon.com/dp/B0BSP2J3BH?tag=eloabder-20&linkCode=osi&th=1&psc=1"><img src="https://m.media-amazon.com/images/I/316Jdh8JQ8L._SL500_.jpg" alt="Product Image"></a><p>e.l.f. Clear Lash & Brow Mascara 2-Pack, Conditioning Clear Brow & Lash Gel For Grooming, Defining & Separating, Long-Lasting, Vegan & Cruelty-Free</p><p>$5.00</p><a href="https://www.amazon.com/dp/B0BSP2J3BH?tag=eloabder-20&linkCode=osi&th=1&psc=1">View Product</a></div><div class="product"><a href="https://www.amazon.com/dp/B0D3FGY5D6?tag=eloabder-20&linkCode=osi&th=1&psc=1"><img src="https://m.media-amazon.com/images/I/31aAxHQKwVL._SL500_.jpg" alt="Product Image"></a><p>e.l.f. Brow Laminating Gel, Strong-Hold, Clear-Drying & Water-Resistant Brow Gel Creates Laminated Brows, Comb & Sculpt Brows, Vegan & Cruelty-free</p><p>$8.00</p><a href="https://www.amazon.com/dp/B0D3FGY5D6?tag=eloabder-20&linkCode=osi&th=1&psc=1">View Product</a></div><div class="product"><a href="https://www.amazon.com/dp/B00GI21NZA?tag=eloabder-20&linkCode=osi&th=1&psc=1"><img src="https://m.media-amazon.com/images/I/31w5F4g8lsL._SL500_.jpg" alt="Product Image"></a><p>Anastasia Beverly Hills - Clear Brow Gel</p><p>$22.00 ($22.00 / Count)</p><a href="https://www.amazon.com/dp/B00GI21NZA?tag=eloabder-20&linkCode=osi&th=1&psc=1">View Product</a></div>
<div class="product"><a href="https://www.amazon.com/dp/B001AAVC7Y?tag=eloabder-20&linkCode=osi&th=1&psc=1"><img src="https://m.media-amazon.com/images/I/51pWQb458XL._SL500_.jpg" alt="Product Image"></a><p>Palladio Brow Powder for Eyebrows, Soft and Natural Eyebrow Powder with Jojoba Oil & Shea Butter, Helps Enhance & Define Brows, Compact Size for Purse or Travel, Includes Applicator Brush, Taupe</p><p>$8.99</p><a href="https://www.amazon.com/dp/B001AAVC7Y?tag=eloabder-20&linkCode=osi&th=1&psc=1">View Product</a></div><div class="product"><a href="https://www.amazon.com/dp/B082YQ4QXJ?tag=eloabder-20&linkCode=osi&th=1&psc=1"><img src="https://m.media-amazon.com/images/I/41eSAKmXl+L._SL500_.jpg" alt="Product Image"></a><p>wet n wild Ultimate Eyebrow Makeup Kit, Eyebrow Powder Dark Brown, Brow Hair Removal Tweezers, Wax, Brush</p><p>$4.47</p><a href="https://www.amazon.com/dp/B082YQ4QXJ?tag=eloabder-20&linkCode=osi&th=1&psc=1">View Product</a></div><div class="product"><a href="https://www.amazon.com/dp/B06XRTKFLK?tag=eloabder-20&linkCode=osi&th=1&psc=1"><img src="https://m.media-amazon.com/images/I/41XwKxED0-L._SL500_.jpg" alt="Product Image"></a><p>COVERGIRL - Easy Breezy Brow Powder Kit, three shades brow definer, professional double-ended angled brush, effortless, 100% Cruelty-Free</p><p>$8.83</p><a href="https://www.amazon.com/dp/B06XRTKFLK?tag=eloabder-20&linkCode=osi&th=1&psc=1">View Product</a></div><div class="product"><a href="https://www.amazon.com/dp/B00L1JKKMC?tag=eloabder-20&linkCode=osi&th=1&psc=1"><img src="https://m.media-amazon.com/images/I/31bkV3lHN+L._SL500_.jpg" alt="Product Image"></a><p>Anastasia Beverly Hills - Brow Powder Duo - Soft Brown</p><p>$23.00</p><a href="https://www.amazon.com/dp/B00L1JKKMC?tag=eloabder-20&linkCode=osi&th=1&psc=1">View Product</a></div><div class="product"><a href="https://www.amazon.com/dp/B00MGK9Q5M?tag=eloabder-20&linkCode=osi&th=1&psc=1"><img src="https://m.media-amazon.com/images/I/415oCHJxIQL._SL500_.jpg" alt="Product Image"></a><p>Rimmel Brow This Way Sculpting Kit, Medium Brown, Powder 0.04 Ounce, Wax 0.03 Ounce</p><p>$6.99</p><a href="https://www.amazon.com/dp/B00MGK9Q5M?tag=eloabder-20&linkCode=osi&th=1&psc=1">View Product</a></div><div class="product"><a href="https://www.amazon.com/dp/B0051UM9VC?tag=eloabder-20&linkCode=osi&th=1&psc=1"><img src="https://m.media-amazon.com/images/I/41Y-UExgalL._SL500_.jpg" alt="Product Image"></a><p>Billion Dollar BrowBillion Dollar Brows - Eyebrow Powder - Blonde Powder, Blonde,</p><p>$10.99</p><a href="https://www.amazon.com/dp/B0051UM9VC?tag=eloabder-20&linkCode=osi&th=1&psc=1">View Product</a></div><div class="product"><a href="https://www.amazon.com/dp/B08KJBZTJG?tag=eloabder-20&linkCode=osi&th=1&psc=1"><img src="https://m.media-amazon.com/images/I/41MbUKhqKML._SL500_.jpg" alt="Product Image"></a><p>Eyebrow powder three-color eyebrow palette beauty contour eyebrow pencil professional eye makeup eyebrow filler1</p><p>$5.16 ($24.57 / Ounce)</p><a href="https://www.amazon.com/dp/B08KJBZTJG?tag=eloabder-20&linkCode=osi&th=1&psc=1">View Product</a></div><div class="product"><a href="https://www.amazon.com/dp/B0C5N2BWM2?tag=eloabder-20&linkCode=osi&th=1&psc=1"><img src="https://m.media-amazon.com/images/I/41JRf57GnvL._SL500_.jpg" alt="Product Image"></a><p>Eyebrow Powder Makeup Kit-3 Colors Eye Brow Powder Palette Long-Lasting Waterproof, Dark/light Brown Brow Filler, Fill & Sculpt Full Eyebrows for Women, With Mirror, Brow Brush & Razor-Set 02</p><p>$7.99 ($38.05 / Ounce)</p><a href="https://www.amazon.com/dp/B0C5N2BWM2?tag=eloabder-20&linkCode=osi&th=1&psc=1">View Product</a></div><div class="product"><a href="https://www.amazon.com/dp/B00M42I62G?tag=eloabder-20&linkCode=osi&th=1&psc=1"><img src="https://m.media-amazon.com/images/I/51Se54PcS2L._SL500_.jpg" alt="Product Image"></a><p>Marie-José & Co Medium Brown Eyebrow Powder - Perfect eyebrows, powder smooth!</p><p>$17.95</p><a href="https://www.amazon.com/dp/B00M42I62G?tag=eloabder-20&linkCode=osi&th=1&psc=1">View Product</a></div>
<div class="product"><a href="https://www.amazon.com/dp/B085WR3YDT?tag=eloabder-20&linkCode=osi&th=1&psc=1"><img src="https://m.media-amazon.com/images/I/41cuO8PyoTL._SL500_.jpg" alt="Product Image"></a><p>wet n wild Color Icon Cream Eyeshadow Multi-Stick, Moisturizing, Nourishing Velvety Cream-to-Powder Buildable & Blendable Formula, Cruelty-Free & Vegan - Champagne Room</p><p>$3.28</p><a href="https://www.amazon.com/dp/B085WR3YDT?tag=eloabder-20&linkCode=osi&th=1&psc=1">View Product</a></div><div class="product"><a href="https://www.amazon.com/dp/B01IW02HX2?tag=eloabder-20&linkCode=osi&th=1&psc=1"><img src="https://m.media-amazon.com/images/I/510F-WOAL4L._SL500_.jpg" alt="Product Image"></a><p>NYX PROFESSIONAL MAKEUP Ultimate Shadow Palette, Eyeshadow Palette - Warm Neutrals</p><p>$9.99</p><a href="https://www.amazon.com/dp/B01IW02HX2?tag=eloabder-20&linkCode=osi&th=1&psc=1">View Product</a></div><div class="product"><a href="https://www.amazon.com/dp/B092JQ23N5?tag=eloabder-20&linkCode=osi&th=1&psc=1"><img src="https://m.media-amazon.com/images/I/51OUufwItlL._SL500_.jpg" alt="Product Image"></a><p>URBAN DECAY 24/7 Longwear Eyeshadow Single (Sin - Champagne Shimmer), High-Pigment Eye Shadow Compact, Smooth & Blendable Colors, Crease-free, Vegan - 0.06 oz</p><p>$22.00</p><a href="https://www.amazon.com/dp/B092JQ23N5?tag=eloabder-20&linkCode=osi&th=1&psc=1">View Product</a></div><div class="product"><a href="https://www.amazon.com/dp/B00L5SMFJU?tag=eloabder-20&linkCode=osi&th=1&psc=1"><img src="https://m.media-amazon.com/images/I/41-WaM3A3tL._SL500_.jpg" alt="Product Image"></a><p>Covergirl Eye Enhancers Eye Shadow Palette, Natural Nudes, 0.19 Ounce</p><p>$5.48</p><a href="https://www.amazon.com/dp/B00L5SMFJU?tag=eloabder-20&linkCode=osi&th=1&psc=1">View Product</a></div><div class="product"><a href="https://www.amazon.com/dp/B01LW1983J?tag=eloabder-20&linkCode=osi&th=1&psc=1"><img src="https://m.media-amazon.com/images/I/51EsPf59XBL._SL500_.jpg" alt="Product Image"></a><p>Julep Eyeshadow 101 Crème to Powder Waterproof Eyeshadow Stick, Champagne Shimmer</p><p>$18.00</p><a href="https://www.amazon.com/dp/B01LW1983J?tag=eloabder-20&linkCode=osi&th=1&psc=1">View Product</a></div><div class="product"><a href="https://www.amazon.com/dp/B0D3FGFBGQ?tag=eloabder-20&linkCode=osi&th=1&psc=1"><img src="https://m.media-amazon.com/images/I/31HD2nUWJSL._SL500_.jpg" alt="Product Image"></a><p>e.l.f. Lock It Down Eyeshadow Primer, Smooth, Creamy Primer For Long-Lasting Eyeshadow, Intensifies Liquid & Powder Color, Vegan & Cruelty-free</p><p>$7.00</p><a href="https://www.amazon.com/dp/B0D3FGFBGQ?tag=eloabder-20&linkCode=osi&th=1&psc=1">View Product</a></div><div class="product"><a href="https://www.amazon.com/dp/B00UKP1M2K?tag=eloabder-20&linkCode=osi&th=1&psc=1"><img src="https://m.media-amazon.com/images/I/41hSsvPHKxL._SL500_.jpg" alt="Product Image"></a><p>Maybelline The Blushed Nudes Eyeshadow Palette Makeup, 12 Pigmented Matte & Shimmer Shades, Blendable Powder, 1 Count</p><p>$9.32</p><a href="https://www.amazon.com/dp/B00UKP1M2K?tag=eloabder-20&linkCode=osi&th=1&psc=1">View Product</a></div><div class="product"><a href="https://www.amazon.com/dp/B07MQJRK7N?tag=eloabder-20&linkCode=osi&th=1&psc=1"><img src="https://m.media-amazon.com/images/I/41yzRaUSPiL._SL500_.jpg" alt="Product Image"></a><p>Highly Pigmented Eye Makeup Palette, Matte Shimmer Metallic Eyeshadow Pallet Long Lasting Blendable Natural Colors Make Up Eye Shadows Cosmetics Gift Kit</p><p>$7.39</p><a href="https://www.amazon.com/dp/B07MQJRK7N?tag=eloabder-20&linkCode=osi&th=1&psc=1">View Product</a></div><div class="product"><a href="https://www.amazon.com/dp/B08RS6WNX7?tag=eloabder-20&linkCode=osi&th=1&psc=1"><img src="https://m.media-amazon.com/images/I/51qCii788PL._SL500_.jpg" alt="Product Image"></a><p>wet n wild Color Icon 5-Pan Palette Brown Walking On Eggshells</p><p>$3.19</p><a href="https://www.amazon.com/dp/B08RS6WNX7?tag=eloabder-20&linkCode=osi&th=1&psc=1">View Product</a></div><div class="product"><a href="https://www.amazon.com/dp/B073ZBGLJF?tag=eloabder-20&linkCode=osi&th=1&psc=1"><img src="https://m.media-amazon.com/images/I/41go9Ug8AOL._SL500_.jpg" alt="Product Image"></a><p>BestLand 2 Pack 12 Colors Makeup Nude Colors Eyeshadow Palette Natural Nude Matte Shimmer Glitter Pigment Eye Shadow Pallete Set Waterproof Smokey Professional Beauty Makeup Kit (2 PCS)</p><p>$9.99</p><a href="https://www.amazon.com/dp/B073ZBGLJF?tag=eloabder-20&linkCode=osi&th=1&psc=1">View Product</a></div>
<div class="product"><a href="https://www.amazon.com/dp/B095PSJ7QV?tag=eloabder-20&linkCode=osi&th=1&psc=1"><img src="https://m.media-amazon.com/images/I/41KLL00KKZL._SL500_.jpg" alt="Product Image"></a><p>URBAN DECAY Naked3 Mini Eyeshadow Palette - Pigmented Eye Makeup Palette For On the Go - Ultra Blendable - Up to 12 Hour Wear</p><p>$35.00</p><a href="https://www.amazon.com/dp/B095PSJ7QV?tag=eloabder-20&linkCode=osi&th=1&psc=1">View Product</a></div><div class="product"><a href="https://www.amazon.com/dp/B07DZZG8X4?tag=eloabder-20&linkCode=osi&th=1&psc=1"><img src="https://m.media-amazon.com/images/I/41Rbe3ixSHL._SL500_.jpg" alt="Product Image"></a><p>Rimmel London Magnif'Eyes Eyeshadow Palette, 12 Shades, Blendable Formula, Versatile, 007, Crimson, 0.5oz</p><p>$3.70</p><a href="https://www.amazon.com/dp/B07DZZG8X4?tag=eloabder-20&linkCode=osi&th=1&psc=1">View Product</a></div><div class="product"><a href="https://www.amazon.com/dp/B00HIFA24O?tag=eloabder-20&linkCode=osi&th=1&psc=1"><img src="https://m.media-amazon.com/images/I/41pHzrdjcPL._SL500_.jpg" alt="Product Image"></a><p>URBAN DECAY Naked 3, Soft Pink Neutral Eyeshadow Palette, Matte, Pearl, Metallic, Shimmer Finish, 12 Mauve Brown & Nude Eye Shadows, Natural Soft Glam Smokey Eye Makeup, Vegan, Cruelty-free</p><p>$59.00</p><a href="https://www.amazon.com/dp/B00HIFA24O?tag=eloabder-20&linkCode=osi&th=1&psc=1">View Product</a></div><div class="product"><a href="https://www.amazon.com/dp/B0CP49R493?tag=eloabder-20&linkCode=osi&th=1&psc=1"><img src="https://m.media-amazon.com/images/I/41mV4uKx5HL._SL500_.jpg" alt="Product Image"></a><p>FLYEEO Neutral Brown Eye Shadow palette- Rose Gold Dark Brown Eyeshadow Palette Colorful 9 Colors, Matte Shimmer Highly Pigmented Nude Eyeshadow Palette Makeup Naturing-Looking Long Lasting</p><p>$5.88</p><a href="https://www.amazon.com/dp/B0CP49R493?tag=eloabder-20&linkCode=osi&th=1&psc=1">View Product</a></div><div class="product"><a href="https://www.amazon.com/dp/B0CYX9V642?tag=eloabder-20&linkCode=osi&th=1&psc=1"><img src="https://m.media-amazon.com/images/I/51jaIKsO-uL._SL500_.jpg" alt="Product Image"></a><p>imakeupnow 45 Shades Eye Shadow Makeup Palette Set Colorful Bright, High Pigmented Eyeshadow Pallets, Matte Shimmer Glitter for Halloween</p><p>$7.59</p><a href="https://www.amazon.com/dp/B0CYX9V642?tag=eloabder-20&linkCode=osi&th=1&psc=1">View Product</a></div>
<div class="product"><a href="https://www.amazon.com/dp/B0C9TXLWLY?tag=eloabder-20&linkCode=osi&th=1&psc=1"><img src="https://m.media-amazon.com/images/I/31-5KVw5KDL._SL500_.jpg" alt="Product Image"></a><p>PRIME PROMETICS PrimeEyes Glide Eyeliner for Mature Women – Water-Resistant, Long-Stay and Mess-Proof – Gel Cream Texture, Discreet Sharpener and Effective Smudger (Black)</p><p>$28.00 ($28.00 / Count)</p><a href="https://www.amazon.com/dp/B0C9TXLWLY?tag=eloabder-20&linkCode=osi&th=1&psc=1">View Product</a></div><div class="product"><a href="https://www.amazon.com/dp/B07MWSXPT1?tag=eloabder-20&linkCode=osi&th=1&psc=1"><img src="https://m.media-amazon.com/images/I/315xthaPi6L._SL500_.jpg" alt="Product Image"></a><p>e.l.f. No Budge Retractable Eyeliner, Creamy, Ultra-Pigmented & Waterproof, Creates Bold & Defined Lines, Vegan & Cruelty-Free, Black 0.006 Oz</p><p>$4.00</p><a href="https://www.amazon.com/dp/B07MWSXPT1?tag=eloabder-20&linkCode=osi&th=1&psc=1">View Product</a></div><div class="product"><a href="https://www.amazon.com/dp/B07W8JJ61X?tag=eloabder-20&linkCode=osi&th=1&psc=1"><img src="https://m.media-amazon.com/images/I/31wj5vRROwL._SL500_.jpg" alt="Product Image"></a><p>Maybelline Hyper Easy Liquid Pen No-Skip Eyeliner, Satin Finish, Waterproof Formula, Pitch Black, 0.018 Fl Oz</p><p>$8.38</p><a href="https://www.amazon.com/dp/B07W8JJ61X?tag=eloabder-20&linkCode=osi&th=1&psc=1">View Product</a></div><div class="product"><a href="https://www.amazon.com/dp/B01J1A3TFW?tag=eloabder-20&linkCode=osi&th=1&psc=1"><img src="https://m.media-amazon.com/images/I/51z42sdOArL._SL500_.jpg" alt="Product Image"></a><p>Revlon Pencil Eyeliner, ColorStay Eye Makeup with Built-in Sharpener, Waterproof, Smudge-proof, Longwearing with Ultra-Fine Tip, 201 Black, 2 count (Pack of 1)</p><p>$11.38</p><a href="https://www.amazon.com/dp/B01J1A3TFW?tag=eloabder-20&linkCode=osi&th=1&psc=1">View Product</a></div><div class="product"><a href="https://www.amazon.com/dp/B074Y8LM6T?tag=eloabder-20&linkCode=osi&th=1&psc=1"><img src="https://m.media-amazon.com/images/I/316blXt1KxL._SL500_.jpg" alt="Product Image"></a><p>NYX PROFESSIONAL MAKEUP Epic Ink Liner, Waterproof Liquid Eyeliner - Black, Vegan Formula</p><p>$7.50</p><a href="https://www.amazon.com/dp/B074Y8LM6T?tag=eloabder-20&linkCode=osi&th=1&psc=1">View Product</a></div><div class="product"><a href="https://www.amazon.com/dp/B005G9E9FW?tag=eloabder-20&linkCode=osi&th=1&psc=1"><img src="https://m.media-amazon.com/images/I/51poZdEojrL._SL500_.jpg" alt="Product Image"></a><p>NYX PROFESSIONAL MAKEUP Vivid Rich Mechanical Eye Pencil, Vivid Rich Mechanical, Creamy Retractable Eyeliner - Smokin Topaz, Brown Eyeliner</p><p>$6.00</p><a href="https://www.amazon.com/dp/B005G9E9FW?tag=eloabder-20&linkCode=osi&th=1&psc=1">View Product</a></div><div class="product"><a href="https://www.amazon.com/dp/B082YQ8TXR?tag=eloabder-20&linkCode=osi&th=1&psc=1"><img src="https://m.media-amazon.com/images/I/31Et4E-arpL._SL500_.jpg" alt="Product Image"></a><p>wet n wild Mega Last Breakup Proof Liquid Eyeliner - Quick Drying, Smudge-Resistant, 16-Hour Wear - Cruelty-Free & Vegan - Black</p><p>$5.47</p><a href="https://www.amazon.com/dp/B082YQ8TXR?tag=eloabder-20&linkCode=osi&th=1&psc=1">View Product</a></div><div class="product"><a href="https://www.amazon.com/dp/B07NX61ZHN?tag=eloabder-20&linkCode=osi&th=1&psc=1"><img src="https://m.media-amazon.com/images/I/31kQNTwJazL._SL500_.jpg" alt="Product Image"></a><p>Rimmel London exaggerate auto waterproof eye definer in blackest black, 2 Count</p><p>$6.97</p><a href="https://www.amazon.com/dp/B07NX61ZHN?tag=eloabder-20&linkCode=osi&th=1&psc=1">View Product</a></div><div class="product"><a href="https://www.amazon.com/dp/B082YPRCMM?tag=eloabder-20&linkCode=osi&th=1&psc=1"><img src="https://m.media-amazon.com/images/I/317ubI9GTBL._SL500_.jpg" alt="Product Image"></a><p>wet n wild Mega Last Breakup Proof Eyeliner, Quick Drying, Waterproof, 16-Hour Wear - Cruelty-Free & Vegan - Blackest Black</p><p>$2.28</p><a href="https://www.amazon.com/dp/B082YPRCMM?tag=eloabder-20&linkCode=osi&th=1&psc=1">View Product</a></div><div class="product"><a href="https://www.amazon.com/dp/B07GX832KD?tag=eloabder-20&linkCode=osi&th=1&psc=1"><img src="https://m.media-amazon.com/images/I/315wR2F58-L._SL500_.jpg" alt="Product Image"></a><p>Maybelline TattooStudio Long-Lasting Sharpenable Eyeliner Pencil, Glide on Smooth Gel Pigments with 36 Hour Wear, Waterproof, Deep Onyx, 1 Count</p><p>$6.42</p><a href="https://www.amazon.com/dp/B07GX832KD?tag=eloabder-20&linkCode=osi&th=1&psc=1">View Product</a></div>
<div class="product"><a href="https://www.amazon.com/dp/B0BG7MWNNN?tag=eloabder-20&linkCode=osi&th=1&psc=1"><img src="https://m.media-amazon.com/images/I/41E8W4N+FkL._SL500_.jpg" alt="Product Image"></a><p>Prime Prometics PrimeLash Mascara for Older Women – Volumizing, Incredible Length in 2 Coats – Long-Stay, Zero Clumps, Hypoallergenic (Brown)</p><p>$28.00</p><a href="https://www.amazon.com/dp/B0BG7MWNNN?tag=eloabder-20&linkCode=osi&th=1&psc=1">View Product</a></div><div class="product"><a href="https://www.amazon.com/dp/B00T0C9XRK?tag=eloabder-20&linkCode=osi&th=1&psc=1"><img src="https://m.media-amazon.com/images/I/41IP2ZEXFNL._SL500_.jpg" alt="Product Image"></a><p>essence | Lash Princess False Lash Effect Mascara | Volumizing & Lengthening | Cruelty Free & Paraben Free</p><p>$4.99 ($12.17 / Fl Oz )</p><a href="https://www.amazon.com/dp/B00T0C9XRK?tag=eloabder-20&linkCode=osi&th=1&psc=1">View Product</a></div><div class="product"><a href="https://www.amazon.com/dp/B08H3JPH74?tag=eloabder-20&linkCode=osi&th=1&psc=1"><img src="https://m.media-amazon.com/images/I/31hf532TEHL._SL500_.jpg" alt="Product Image"></a><p>Maybelline Lash Sensational Sky High Washable Mascara Makeup, Volumizing, Lengthening, Defining, Curling, Multiplying, Buildable Formula, Blackest Black, 1 Count</p><p>$9.98</p><a href="https://www.amazon.com/dp/B08H3JPH74?tag=eloabder-20&linkCode=osi&th=1&psc=1">View Product</a></div><div class="product"><a href="https://www.amazon.com/dp/B01DPA6OHO?tag=eloabder-20&linkCode=osi&th=1&psc=1"><img src="https://m.media-amazon.com/images/I/31xGLWu4IKL._SL500_.jpg" alt="Product Image"></a><p>L'Oreal Paris Makeup Voluminous Lash Boosting Conditioning Primer Mascara, White Primer, 0.24 fl; oz.</p><p>$8.88</p><a href="https://www.amazon.com/dp/B01DPA6OHO?tag=eloabder-20&linkCode=osi&th=1&psc=1">View Product</a></div><div class="product"><a href="https://www.amazon.com/dp/B06XF2TR11?tag=eloabder-20&linkCode=osi&th=1&psc=1"><img src="https://m.media-amazon.com/images/I/31B6RR270IL._SL500_.jpg" alt="Product Image"></a><p>L'Oreal Paris Voluminous Makeup Lash Paradise Mascara, Voluptuous Volume, Intense Length, Feathery Soft Full Lashes, No Flaking, No Smudging, No Clumping, Blackest Black, 1 Count</p><p>$9.97</p><a href="https://www.amazon.com/dp/B06XF2TR11?tag=eloabder-20&linkCode=osi&th=1&psc=1">View Product</a></div><div class="product"><a href="https://www.amazon.com/dp/B004BCTFVS?tag=eloabder-20&linkCode=osi&th=1&psc=1"><img src="https://m.media-amazon.com/images/I/31-ICBRxi9L._SL500_.jpg" alt="Product Image"></a><p>L'Oreal Paris Makeup Voluminous Original Volume Building Mascara, Blackest Black, 0.28 fl; Oz, 1 Count</p><p>$8.95</p><a href="https://www.amazon.com/dp/B004BCTFVS?tag=eloabder-20&linkCode=osi&th=1&psc=1">View Product</a></div><div class="product"><a href="https://www.amazon.com/dp/B004BD107O?tag=eloabder-20&linkCode=osi&th=1&psc=1"><img src="https://m.media-amazon.com/images/I/31OWqsdljyL._SL500_.jpg" alt="Product Image"></a><p>L'Oreal Paris Makeup Telescopic Original Lengthening Mascara, Blackest Black, 0.27 Fl Oz (1 Count)</p><p>$10.99</p><a href="https://www.amazon.com/dp/B004BD107O?tag=eloabder-20&linkCode=osi&th=1&psc=1">View Product</a></div><div class="product"><a href="https://www.amazon.com/dp/B00PFCT2R0?tag=eloabder-20&linkCode=osi&th=1&psc=1"><img src="https://m.media-amazon.com/images/I/31RyE6ZtDIL._SL500_.jpg" alt="Product Image"></a><p>Maybelline Lash Sensational Washable Mascara, Lengthening and Volumizing for a Full Fan Effect, Blackest Black, 1 Count</p><p>$8.91</p><a href="https://www.amazon.com/dp/B00PFCT2R0?tag=eloabder-20&linkCode=osi&th=1&psc=1">View Product</a></div><div class="product"><a href="https://www.amazon.com/dp/B08TPCHYLW?tag=eloabder-20&linkCode=osi&th=1&psc=1"><img src="https://m.media-amazon.com/images/I/31EWIaihEwL._SL500_.jpg" alt="Product Image"></a><p>Lancôme Lash Idôle Lash-Lifting & Volumizing Mascara - Black Mascara for Instant Volume, Length & Lift - Smudge Proof & Up To 24H Wear - Black</p><p>$30.00 ($111.11 / Fl Oz)</p><a href="https://www.amazon.com/dp/B08TPCHYLW?tag=eloabder-20&linkCode=osi&th=1&psc=1">View Product</a></div><div class="product"><a href="https://www.amazon.com/dp/B079X4DB3J?tag=eloabder-20&linkCode=osi&th=1&psc=1"><img src="https://m.media-amazon.com/images/I/31jCqqzhgIL._SL500_.jpg" alt="Product Image"></a><p>essence | Volume Booster Lash Primer Mascara | Infused with Mango Butter and Acai Oil for Nurtured Lashes | Conditioning Mascara Primer | White | Vegan | Paraben & Cruelty Free (Pack of 1)</p><p>$4.99</p><a href="https://www.amazon.com/dp/B079X4DB3J?tag=eloabder-20&linkCode=osi&th=1&psc=1">View Product</a></div>
<div class="product"><a href="https://www.amazon.com/dp/B079B8BFR3?tag=eloabder-20&linkCode=osi&th=1&psc=1"><img src="https://m.media-amazon.com/images/I/41DSmndr3KL._SL500_.jpg" alt="Product Image"></a><p>KISS Looks So Natural, False Eyelashes, Shy', 12 mm, Includes 5 Pairs Of Lashes, Contact Lens Friendly, Easy to Apply, Reusable Strip Lashes, Glue On</p><p>$7.09</p><a href="https://www.amazon.com/dp/B079B8BFR3?tag=eloabder-20&linkCode=osi&th=1&psc=1">View Product</a></div><div class="product"><a href="https://www.amazon.com/dp/B09MQCDVM7?tag=eloabder-20&linkCode=osi&th=1&psc=1"><img src="https://m.media-amazon.com/images/I/510lQqrrVtL._SL500_.jpg" alt="Product Image"></a><p>False Eyelashes 14mm Faux 3D Mink Lashes Natural Look Fluffy Cat Eye Wispy Lashes Pack by Kiromiro, 14 Pairs</p><p>$8.89</p><a href="https://www.amazon.com/dp/B09MQCDVM7?tag=eloabder-20&linkCode=osi&th=1&psc=1">View Product</a></div><div class="product"><a href="https://www.amazon.com/dp/B0C5QK1QHP?tag=eloabder-20&linkCode=osi&th=1&psc=1"><img src="https://m.media-amazon.com/images/I/51eSQ4cj35L._SL500_.jpg" alt="Product Image"></a><p>Veleasha Lashes 5D Faux Mink Lashes 100% Handmade Luxurious Fake Eyelashes Lightweight Fluffy False Eyelashes 5 Pairs Pack (G2)</p><p>$6.98 ($1.40 / Count)</p><a href="https://www.amazon.com/dp/B0C5QK1QHP?tag=eloabder-20&linkCode=osi&th=1&psc=1">View Product</a></div><div class="product"><a href="https://www.amazon.com/dp/B00DS4EIEE?tag=eloabder-20&linkCode=osi&th=1&psc=1"><img src="https://m.media-amazon.com/images/I/415k4JSKxOL._SL500_.jpg" alt="Product Image"></a><p>KISS So Wispy, False Eyelashes, Style #11', 12 mm, Includes 5 Pairs Of Lashes, Contact Lens Friendly, Easy to Apply, Reusable Strip Lashes, Glue On, Mulitpack</p><p>$8.97 ($1.79 / Count)</p><a href="https://www.amazon.com/dp/B00DS4EIEE?tag=eloabder-20&linkCode=osi&th=1&psc=1">View Product</a></div><div class="product"><a href="https://www.amazon.com/dp/B08R6PR7ND?tag=eloabder-20&linkCode=osi&th=1&psc=1"><img src="https://m.media-amazon.com/images/I/41r4c3ZiCWL._SL500_.jpg" alt="Product Image"></a><p>KISS My Lash But Better, False Eyelashes, All Mine', 10 mm, Includes 1 Pair Of Lashes, Contact Lens Friendly, Easy to Apply, Reusable Strip Lashes, Glue-On</p><p>$3.97</p><a href="https://www.amazon.com/dp/B08R6PR7ND?tag=eloabder-20&linkCode=osi&th=1&psc=1">View Product</a></div><div class="product"><a href="https://www.amazon.com/dp/B0B1LRRTCH?tag=eloabder-20&linkCode=osi&th=1&psc=1"><img src="https://m.media-amazon.com/images/I/41gc2Df+nAL._SL500_.jpg" alt="Product Image"></a><p>GMAGICTOBO False Eyelashes Natural Half Lashes Short Wispy Clear Band Lashes Pack Cat Eye 3D Faux Mink Lashes Fake Eyelashes 7 Pairs Multipack</p><p>$8.59 ($1.23 / Count)</p><a href="https://www.amazon.com/dp/B0B1LRRTCH?tag=eloabder-20&linkCode=osi&th=1&psc=1">View Product</a></div><div class="product"><a href="https://www.amazon.com/dp/B0BX3YHN14?tag=eloabder-20&linkCode=osi&th=1&psc=1"><img src="https://m.media-amazon.com/images/I/51YYa1vTElL._SL500_.jpg" alt="Product Image"></a><p>KISS imPRESS Falsies False Eyelashes, Lash Clusters, Voluminous', 14 mm, Includes 20 Clusters, 1 applicator, Contact Lens Friendly, Easy to Apply, Reusable Strip Lashes</p><p>$12.72</p><a href="https://www.amazon.com/dp/B0BX3YHN14?tag=eloabder-20&linkCode=osi&th=1&psc=1">View Product</a></div><div class="product"><a href="https://www.amazon.com/dp/B00YYHHI1E?tag=eloabder-20&linkCode=osi&th=1&psc=1"><img src="https://m.media-amazon.com/images/I/419bv9iNI9L._SL500_.jpg" alt="Product Image"></a><p>Ardell False Eyelashes Demi Wispies Black, 1 pack (6 pairs per pack)</p><p>$9.74 ($1.95 / Count)</p><a href="https://www.amazon.com/dp/B00YYHHI1E?tag=eloabder-20&linkCode=osi&th=1&psc=1">View Product</a></div><div class="product"><a href="https://www.amazon.com/dp/B0CG5SY8J1?tag=eloabder-20&linkCode=osi&th=1&psc=1"><img src="https://m.media-amazon.com/images/I/41SWlZB3plL._SL500_.jpg" alt="Product Image"></a><p>Natural Lashes Natural Eyelashes Short Eyelashes Natural Look False Eyelashes Wispy Eye Lashes 10mm Small Lashes Fake Lashes K50</p><p>$7.93 ($1.13 / Count)</p><a href="https://www.amazon.com/dp/B0CG5SY8J1?tag=eloabder-20&linkCode=osi&th=1&psc=1">View Product</a></div><div class="product"><a href="https://www.amazon.com/dp/B08SPVMDTV?tag=eloabder-20&linkCode=osi&th=1&psc=1"><img src="https://m.media-amazon.com/images/I/41Q6wh0HacL._SL500_.jpg" alt="Product Image"></a><p>KISS Falscara Multipack False Eyelashes, Lash Clusters, Natural Wispy Wisps', 10mm-12mm-14mm, Includes 24 Assorted Lengths Wisps, Contact Lens Friendly, Easy to Apply, Reusable Strip Lashes</p><p>$6.47 ($0.27 / Count)</p><a href="https://www.amazon.com/dp/B08SPVMDTV?tag=eloabder-20&linkCode=osi&th=1&psc=1">View Product</a></div>
<div class="product"><a href="https://www.amazon.com/dp/B01BMMOAFU?tag=eloabder-20&linkCode=osi&th=1&psc=1"><img src="https://m.media-amazon.com/images/I/41RH+KsNzoS._SL500_.jpg" alt="Product Image"></a><p>KISS Strip Lash Adhesive, Lash Glue, 24hr Strip Eyelash Adhesive, Clear, Includes Lash Adhesive, Long Lasting Wear, Can Be Used with Strip Lashes and Lash Clusters</p><p>$3.97 ($23.35 / Ounce)</p><a href="https://www.amazon.com/dp/B01BMMOAFU?tag=eloabder-20&linkCode=osi&th=1&psc=1">View Product</a></div><div class="product"><a href="https://www.amazon.com/dp/B0BFRB2LNS?tag=eloabder-20&linkCode=osi&th=1&psc=1"><img src="https://m.media-amazon.com/images/I/41uxD-vIXQL._SL500_.jpg" alt="Product Image"></a><p>Cluster Lash Bond and Seal, Lash Cluster Glue for Individual Eyelash Extensions Strong Hold Individual Lash Glue Individual Eyelashes Glue Mascara for Personal Makeup Use at Home(5ml)</p><p>$8.99 ($52.88 / Fl Oz)</p><a href="https://www.amazon.com/dp/B0BFRB2LNS?tag=eloabder-20&linkCode=osi&th=1&psc=1">View Product</a></div><div class="product"><a href="https://www.amazon.com/dp/B006UZMXZY?tag=eloabder-20&linkCode=osi&th=1&psc=1"><img src="https://m.media-amazon.com/images/I/41YrQ9QUhlL._SL500_.jpg" alt="Product Image"></a><p>DUO Brush-On Lash Adhesive with Vitamins A, C & E, Clear, 0.18 oz, 1-Pack</p><p>$4.92 ($27.33 / Ounce)</p><a href="https://www.amazon.com/dp/B006UZMXZY?tag=eloabder-20&linkCode=osi&th=1&psc=1">View Product</a></div><div class="product"><a href="https://www.amazon.com/dp/B0BVLL8ZQF?tag=eloabder-20&linkCode=osi&th=1&psc=1"><img src="https://m.media-amazon.com/images/I/41OSC3l2NuL._SL500_.jpg" alt="Product Image"></a><p>Lash Glue Bond and Seal Long Lasting Strong Hold Waterproof 2 in 1 Cluster Eyelash Glue for DIY Lash Extensions by Mavphnee</p><p>$7.99 ($23.50 / Fl Oz)</p><a href="https://www.amazon.com/dp/B0BVLL8ZQF?tag=eloabder-20&linkCode=osi&th=1&psc=1">View Product</a></div><div class="product"><a href="https://www.amazon.com/dp/B01N143CA0?tag=eloabder-20&linkCode=osi&th=1&psc=1"><img src="https://m.media-amazon.com/images/I/31DwI2yjwYL._SL500_.jpg" alt="Product Image"></a><p>Extra Strong Eyelash Extension Glue Stacy Lash (0.17fl.oz / 5ml) / 0.5-1 Sec Dry/Retention – 8 Weeks/Black Adhesive/Professional Supplies</p><p>$21.49 ($126.41 / Fl Oz)</p><a href="https://www.amazon.com/dp/B01N143CA0?tag=eloabder-20&linkCode=osi&th=1&psc=1">View Product</a></div><div class="product"><a href="https://www.amazon.com/dp/B00RH8XUZK?tag=eloabder-20&linkCode=osi&th=1&psc=1"><img src="https://m.media-amazon.com/images/I/41ywEIr4LGL._SL500_.jpg" alt="Product Image"></a><p>i-Envy by KISS Super Strong Hold Eyelash Adhesive, Brush on, Waterproof Long-Lasting Strip Lash Glue, Natural-Looking Allergy & Latex Free with Brush Applicator (Clear)</p><p>$5.09</p><a href="https://www.amazon.com/dp/B00RH8XUZK?tag=eloabder-20&linkCode=osi&th=1&psc=1">View Product</a></div><div class="product"><a href="https://www.amazon.com/dp/B0B138BNSQ?tag=eloabder-20&linkCode=osi&th=1&psc=1"><img src="https://m.media-amazon.com/images/I/41y28D4CT2L._SL500_.jpg" alt="Product Image"></a><p>AOA Studio Eyelash Lash Glue Enhancers 4pcs Strip Lash Adhesive Strong Hold Water Proof Formula No Irritation Latex Free Long Lasing Quick Dry Eyelash adhesive 0.17oz Each (4 Pack) (Clear)</p><p>$8.95 ($2.24 / Count)</p><a href="https://www.amazon.com/dp/B0B138BNSQ?tag=eloabder-20&linkCode=osi&th=1&psc=1">View Product</a></div><div class="product"><a href="https://www.amazon.com/dp/B0CGKV8WRR?tag=eloabder-20&linkCode=osi&th=1&psc=1"><img src="https://m.media-amazon.com/images/I/31KsdJxWyQL._SL500_.jpg" alt="Product Image"></a><p>FlutterHabit Made for This Adhesive Lash Glue for Eyelash Extensions - Your Ultimate All-Day Hold Lash Cluster Glue for Effortless, Stunning, and Long-Lasting Eyelashes - All-in-one Lash Glue</p><p>$17.99</p><a href="https://www.amazon.com/dp/B0CGKV8WRR?tag=eloabder-20&linkCode=osi&th=1&psc=1">View Product</a></div><div class="product"><a href="https://www.amazon.com/dp/B09HK77CF1?tag=eloabder-20&linkCode=osi&th=1&psc=1"><img src="https://m.media-amazon.com/images/I/41md8lf4CYL._SL500_.jpg" alt="Product Image"></a><p>Lilac St - Pro Lash Glue - Long Lasting & Fast Drying Lash Application - Mini Mascara Wand Applicator - Latex Free - Vegan & Cruelty Free - Black</p><p>$19.00 ($111.76 / Ounce)</p><a href="https://www.amazon.com/dp/B09HK77CF1?tag=eloabder-20&linkCode=osi&th=1&psc=1">View Product</a></div><div class="product"><a href="https://www.amazon.com/dp/B07BGT18DP?tag=eloabder-20&linkCode=osi&th=1&psc=1"><img src="https://m.media-amazon.com/images/I/41FjwdBfRYL._SL500_.jpg" alt="Product Image"></a><p>Extra Strong Evolution Eyelash Extension Glue Stacy Lash (0.17fl.oz/5ml)/1-2 Sec Dry/Retention – 8 Weeks/Professional Supplies/Black Adhesive</p><p>$21.99 ($129.35 / Fl Oz)</p><a href="https://www.amazon.com/dp/B07BGT18DP?tag=eloabder-20&linkCode=osi&th=1&psc=1">View Product</a></div>
<div class="product"><a href="https://www.amazon.com/dp/B09T8DQ1SG?tag=eloabder-20&linkCode=osi&th=1&psc=1"><img src="https://m.media-amazon.com/images/I/41gpuwrIhOL._SL500_.jpg" alt="Product Image"></a><p>Maybelline Super Stay Vinyl Ink Longwear No-Budge Liquid Lipcolor Makeup, Highly Pigmented Color and Instant Shine, Royal, Deep Wine Red Lipstick, 0.14 fl oz, 1 Count</p><p>$9.98</p><a href="https://www.amazon.com/dp/B09T8DQ1SG?tag=eloabder-20&linkCode=osi&th=1&psc=1">View Product</a></div><div class="product"><a href="https://www.amazon.com/dp/B08H4FSGDX?tag=eloabder-20&linkCode=osi&th=1&psc=1"><img src="https://m.media-amazon.com/images/I/31OAiyoloML._SL500_.jpg" alt="Product Image"></a><p>Maybelline Super Stay Matte Ink Liquid Lipstick Makeup, Long Lasting High Impact Color, Up to 16H Wear, Exhilarator, Ruby Red, 1 Count</p><p>$9.18</p><a href="https://www.amazon.com/dp/B08H4FSGDX?tag=eloabder-20&linkCode=osi&th=1&psc=1">View Product</a></div><div class="product"><a href="https://www.amazon.com/dp/B07XTTDTWR?tag=eloabder-20&linkCode=osi&th=1&psc=1"><img src="https://m.media-amazon.com/images/I/31M4QldCq3L._SL500_.jpg" alt="Product Image"></a><p>REVLON Lipstick, Super Lustrous Lipstick, Creamy Formula For Soft, Fuller-Looking Lips, Moisturized Feel in Nudes & Browns, Bare It All (755) 0.15 oz</p><p>$6.48</p><a href="https://www.amazon.com/dp/B07XTTDTWR?tag=eloabder-20&linkCode=osi&th=1&psc=1">View Product</a></div><div class="product"><a href="https://www.amazon.com/dp/B079KFP7NT?tag=eloabder-20&linkCode=osi&th=1&psc=1"><img src="https://m.media-amazon.com/images/I/41Ih8G0FSmL._SL500_.jpg" alt="Product Image"></a><p>wet n wild Silk Finish Lipstick, Hydrating Rich Buildable Lip Color, Formulated with Vitamins A,E, & Macadamia for Ultimate Hydration, Cruelty-Free & Vegan - Raging Red</p><p>$1.29</p><a href="https://www.amazon.com/dp/B079KFP7NT?tag=eloabder-20&linkCode=osi&th=1&psc=1">View Product</a></div><div class="product"><a href="https://www.amazon.com/dp/B002F3R44K?tag=eloabder-20&linkCode=osi&th=1&psc=1"><img src="https://m.media-amazon.com/images/I/41-gXIE96GL._SL500_.jpg" alt="Product Image"></a><p>Revlon Lipstick, Super Lustrous Lipstick, Creamy Formula For Soft, Fuller-Looking Lips, Moisturized Feel in Pinks, Pink In The Afternoon (415) 0.15 oz</p><p>$6.48</p><a href="https://www.amazon.com/dp/B002F3R44K?tag=eloabder-20&linkCode=osi&th=1&psc=1">View Product</a></div><div class="product"><a href="https://www.amazon.com/dp/B001LFER98?tag=eloabder-20&linkCode=osi&th=1&psc=1"><img src="https://m.media-amazon.com/images/I/41wezVKuIoL._SL500_.jpg" alt="Product Image"></a><p>REVLON Lipstick, Super Lustrous Lipstick, Creamy Formula For Soft, Fuller-Looking Lips, Moisturized Feel in Reds & Corals, Peach Me (628) 0.15 oz</p><p>$4.99</p><a href="https://www.amazon.com/dp/B001LFER98?tag=eloabder-20&linkCode=osi&th=1&psc=1">View Product</a></div><div class="product"><a href="https://www.amazon.com/dp/B0046VESH0?tag=eloabder-20&linkCode=osi&th=1&psc=1"><img src="https://m.media-amazon.com/images/I/31yAUm+1KhL._SL500_.jpg" alt="Product Image"></a><p>MAYBELLINE Super Stay 24, 2-Step Liquid Lipstick Makeup, Long Lasting Highly Pigmented Color with Moisturizing Balm, Blush On, Pink, 1 Count</p><p>$8.98</p><a href="https://www.amazon.com/dp/B0046VESH0?tag=eloabder-20&linkCode=osi&th=1&psc=1">View Product</a></div>
<div class="product"><a href="https://www.amazon.com/dp/B09SP2XHKT?tag=eloabder-20&linkCode=osi&th=1&psc=1"><img src="https://m.media-amazon.com/images/I/31KGrScgA8L._SL500_.jpg" alt="Product Image"></a><p>NYX PROFESSIONAL MAKEUP Butter Gloss, Non-Sticky Lip Gloss - Sugar Glass (Clear)</p><p>$5.97</p><a href="https://www.amazon.com/dp/B09SP2XHKT?tag=eloabder-20&linkCode=osi&th=1&psc=1">View Product</a></div><div class="product"><a href="https://www.amazon.com/dp/B08GSTZ7ZW?tag=eloabder-20&linkCode=osi&th=1&psc=1"><img src="https://m.media-amazon.com/images/I/41nPuTtXVgL._SL500_.jpg" alt="Product Image"></a><p>Ruby Kisses Broadway Vita-Lip Clear Lip Gloss - Moisturizing, Hydrating, Nourishing with Mint, Rosehip, Coconut, Mango, Argan, Honey & Shea</p><p>$7.99 ($2.12 / Ounce)</p><a href="https://www.amazon.com/dp/B08GSTZ7ZW?tag=eloabder-20&linkCode=osi&th=1&psc=1">View Product</a></div><div class="product"><a href="https://www.amazon.com/dp/B015RPE14S?tag=eloabder-20&linkCode=osi&th=1&psc=1"><img src="https://m.media-amazon.com/images/I/31FRC3fz7EL._SL500_.jpg" alt="Product Image"></a><p>L.A. Colors High Shine Shea Butter Lip Gloss, Clear, 0.14 Ounce</p><p>$1.98</p><a href="https://www.amazon.com/dp/B015RPE14S?tag=eloabder-20&linkCode=osi&th=1&psc=1">View Product</a></div><div class="product"><a href="https://www.amazon.com/dp/B00Q26VWZI?tag=eloabder-20&linkCode=osi&th=1&psc=1"><img src="https://m.media-amazon.com/images/I/31Bqig96T0L._SL500_.jpg" alt="Product Image"></a><p>Rimmel Stay Glossy Lip Gloss - Non-Sticky and Lightweight Formula for Lip Color and Shine - 130 Blushing Belgraves, .18oz</p><p>$3.97</p><a href="https://www.amazon.com/dp/B00Q26VWZI?tag=eloabder-20&linkCode=osi&th=1&psc=1">View Product</a></div><div class="product"><a href="https://www.amazon.com/dp/B081C6PXZJ?tag=eloabder-20&linkCode=osi&th=1&psc=1"><img src="https://m.media-amazon.com/images/I/51+emO79aqL._SL500_.jpg" alt="Product Image"></a><p>NICKA K NEW YORK VARIETY SET OF 5 NK Hydrating Lip Gel - Vitamin E (Clear, Rosehip Oil, Bubble Gum, Cherry, Strawberry)</p><p>$5.41</p><a href="https://www.amazon.com/dp/B081C6PXZJ?tag=eloabder-20&linkCode=osi&th=1&psc=1">View Product</a></div><div class="product"><a href="https://www.amazon.com/dp/B085S94V2K?tag=eloabder-20&linkCode=osi&th=1&psc=1"><img src="https://m.media-amazon.com/images/I/41fsuEw2mbL._SL500_.jpg" alt="Product Image"></a><p>Maybelline Lifter Gloss, Hydrating Lip Gloss with Hyaluronic Acid, Moon, Nude Pink, 0.18 Ounce</p><p>$7.71</p><a href="https://www.amazon.com/dp/B085S94V2K?tag=eloabder-20&linkCode=osi&th=1&psc=1">View Product</a></div><div class="product"><a href="https://www.amazon.com/dp/B01N1ZC8JZ?tag=eloabder-20&linkCode=osi&th=1&psc=1"><img src="https://m.media-amazon.com/images/I/41fsaqWz6SL._SL500_.jpg" alt="Product Image"></a><p>Broadway Vita-Lip Clear Lip Gloss 0.47oz/14ml (5PCS Mint & Coconut & Rosehip & Mango Butter & Argan Oil) (5 PCS SET)</p><p>$5.99</p><a href="https://www.amazon.com/dp/B01N1ZC8JZ?tag=eloabder-20&linkCode=osi&th=1&psc=1">View Product</a></div><div class="product"><a href="https://www.amazon.com/dp/B07DY2QRF6?tag=eloabder-20&linkCode=osi&th=1&psc=1"><img src="https://m.media-amazon.com/images/I/31qXrVfhvCL._SL500_.jpg" alt="Product Image"></a><p>LANEIGE Lip Glowy Balm Berry: Hydrate, Glossy, Lightweight, Moisturize & Tint with Shea Butter</p><p>$19.00 ($54.29 / Ounce)</p><a href="https://www.amazon.com/dp/B07DY2QRF6?tag=eloabder-20&linkCode=osi&th=1&psc=1">View Product</a></div><div class="product"><a href="https://www.amazon.com/dp/B0BSR85M24?tag=eloabder-20&linkCode=osi&th=1&psc=1"><img src="https://m.media-amazon.com/images/I/31eKHNoE3KL._SL500_.jpg" alt="Product Image"></a><p>e.l.f. Lip Lacquer, Nourishing, Non-Sticky Ultra-Shine Lip Gloss With Sheer Color, Infused With Vitamins A & E, Vegan & Cruelty-Free, Whisper Pink</p><p>$3.00</p><a href="https://www.amazon.com/dp/B0BSR85M24?tag=eloabder-20&linkCode=osi&th=1&psc=1">View Product</a></div><div class="product"><a href="https://www.amazon.com/dp/B09DMGWJKY?tag=eloabder-20&linkCode=osi&th=1&psc=1"><img src="https://m.media-amazon.com/images/I/41nIFmIKHRL._SL500_.jpg" alt="Product Image"></a><p>Broadway Vita-Lip Clear Lip Gloss Moisturizing Hydrating Nourishing Long Lasting High Shine Glossy Lip Care Gloss 0.47oz/14ml (10 PCS SET)</p><p>$9.99</p><a href="https://www.amazon.com/dp/B09DMGWJKY?tag=eloabder-20&linkCode=osi&th=1&psc=1">View Product</a></div>
<div class="product"><a href="https://www.amazon.com/dp/B079ZX2QBD?tag=eloabder-20&linkCode=osi&th=1&psc=1"><img src="https://m.media-amazon.com/images/I/41b133H9ouL._SL500_.jpg" alt="Product Image"></a><p>NYX PROFESSIONAL MAKEUP Slim Lip Pencil, Long-Lasting Creamy Lip Liner - Espresso</p><p>$3.99</p><a href="https://www.amazon.com/dp/B079ZX2QBD?tag=eloabder-20&linkCode=osi&th=1&psc=1">View Product</a></div><div class="product"><a href="https://www.amazon.com/dp/B01LTI19EM?tag=eloabder-20&linkCode=osi&th=1&psc=1"><img src="https://m.media-amazon.com/images/I/31dqwnDSWYL._SL500_.jpg" alt="Product Image"></a><p>Revlon Lip Liner, Colorstay Lip Makeup with Built-in-Sharpener, Longwear Rich Lip Colors, Smooth Application, 630 Nude, 0.01 oz</p><p>$6.94</p><a href="https://www.amazon.com/dp/B01LTI19EM?tag=eloabder-20&linkCode=osi&th=1&psc=1">View Product</a></div><div class="product"><a href="https://www.amazon.com/dp/B07PKW2MKF?tag=eloabder-20&linkCode=osi&th=1&psc=1"><img src="https://m.media-amazon.com/images/I/41Z7GVpsqBL._SL500_.jpg" alt="Product Image"></a><p>wet n wild Lip Liner Perfect Pout Matte Retractable Gel Lip Liner Pencil, Purple Lay Down the Mauves</p><p>$3.29</p><a href="https://www.amazon.com/dp/B07PKW2MKF?tag=eloabder-20&linkCode=osi&th=1&psc=1">View Product</a></div><div class="product"><a href="https://www.amazon.com/dp/B0CMYQBRTW?tag=eloabder-20&linkCode=osi&th=1&psc=1"><img src="https://m.media-amazon.com/images/I/21uY0T3ER3L._SL500_.jpg" alt="Product Image"></a><p>e.l.f. Cream Glide Lip Liner, Highly-Pigmented Pencil For Shaping & Sculpting Lips, Semi-Matte Finish, Vegan & Cruelty-Free, Truth or Bare</p><p>$2.00</p><a href="https://www.amazon.com/dp/B0CMYQBRTW?tag=eloabder-20&linkCode=osi&th=1&psc=1">View Product</a></div><div class="product"><a href="https://www.amazon.com/dp/B01LZ2A9H5?tag=eloabder-20&linkCode=osi&th=1&psc=1"><img src="https://m.media-amazon.com/images/I/317eibjWZ1L._SL500_.jpg" alt="Product Image"></a><p>Maybelline Color Sensational Shaping Lip Liner with Self-Sharpening Tip, Magnetic Mauve, Mauve Pink, 1 Count</p><p>$6.98</p><a href="https://www.amazon.com/dp/B01LZ2A9H5?tag=eloabder-20&linkCode=osi&th=1&psc=1">View Product</a></div><div class="product"><a href="https://www.amazon.com/dp/B0CZBMYB36?tag=eloabder-20&linkCode=osi&th=1&psc=1"><img src="https://m.media-amazon.com/images/I/313kn3zESlL._SL500_.jpg" alt="Product Image"></a><p>MAYBELLINE Lifter Liner Lip Liner Pencil with Hyaluronic Acid, On It, 1 Count</p><p>$7.98</p><a href="https://www.amazon.com/dp/B0CZBMYB36?tag=eloabder-20&linkCode=osi&th=1&psc=1">View Product</a></div><div class="product"><a href="https://www.amazon.com/dp/B013VWRYXE?tag=eloabder-20&linkCode=osi&th=1&psc=1"><img src="https://m.media-amazon.com/images/I/51DYeydMNqL._SL500_.jpg" alt="Product Image"></a><p>12pc Italia Deluxe Ultra Fine Lip Liner set of 12 color</p><p>$9.85</p><a href="https://www.amazon.com/dp/B013VWRYXE?tag=eloabder-20&linkCode=osi&th=1&psc=1">View Product</a></div><div class="product"><a href="https://www.amazon.com/dp/B08CFSS35N?tag=eloabder-20&linkCode=osi&th=1&psc=1"><img src="https://m.media-amazon.com/images/I/212BftJ6SzL._SL500_.jpg" alt="Product Image"></a><p>Rimmel Lasting Finish 8HR Soft Lip Liner Pencil - Vibrant, Blendable Formula to Lock Lipstick in Place for 8 Hours - 705 Cappuccino, .04oz</p><p>$5.99</p><a href="https://www.amazon.com/dp/B08CFSS35N?tag=eloabder-20&linkCode=osi&th=1&psc=1">View Product</a></div><div class="product"><a href="https://www.amazon.com/dp/B0BVPNQW1C?tag=eloabder-20&linkCode=osi&th=1&psc=1"><img src="https://m.media-amazon.com/images/I/31a29qwVsOL._SL500_.jpg" alt="Product Image"></a><p>Sacheu Lip Liner Stay-N - Peel Off Lip Liner Tattoo, Peel Off Lip Stain, Long Lasting Lip Stain Peel Off, Infused with Hyaluronic Acid & Vitamin E, For All Skin Types, p-INKED</p><p>$12.00</p><a href="https://www.amazon.com/dp/B0BVPNQW1C?tag=eloabder-20&linkCode=osi&th=1&psc=1">View Product</a></div><div class="product"><a href="https://www.amazon.com/dp/B005G9LPDQ?tag=eloabder-20&linkCode=osi&th=1&psc=1"><img src="https://m.media-amazon.com/images/I/31S6bAW3pDL._SL500_.jpg" alt="Product Image"></a><p>NYX PROFESSIONAL MAKEUP Mechanical Lip Liner Pencil, Nude Pink</p><p>$4.99</p><a href="https://www.amazon.com/dp/B005G9LPDQ?tag=eloabder-20&linkCode=osi&th=1&psc=1">View Product</a></div>
<div class="product"><a href="https://www.amazon.com/dp/B0C7W6GW8P?tag=eloabder-20&linkCode=osi&th=1&psc=1"><img src="https://m.media-amazon.com/images/I/31Z6RdO3GRL._SL500_.jpg" alt="Product Image"></a><p>e.l.f. Squeeze Me Lip Balm, Moisturizing Lip Balm For A Sheer Tint Of Color, Infused With Hyaluronic Acid, Vegan & Cruelty-free, Strawberry</p><p>$4.00</p><a href="https://www.amazon.com/dp/B0C7W6GW8P?tag=eloabder-20&linkCode=osi&th=1&psc=1">View Product</a></div><div class="product"><a href="https://www.amazon.com/dp/B001R1UD3K?tag=eloabder-20&linkCode=osi&th=1&psc=1"><img src="https://m.media-amazon.com/images/I/41QzfNZqHrL._SL500_.jpg" alt="Product Image"></a><p>Carmex Original Flavor Moisturizing Lip Balm Tube Value Pack,0.35 Ounce (3 Count)</p><p>$2.94</p><a href="https://www.amazon.com/dp/B001R1UD3K?tag=eloabder-20&linkCode=osi&th=1&psc=1">View Product</a></div><div class="product"><a href="https://www.amazon.com/dp/B07QYWXCCT?tag=eloabder-20&linkCode=osi&th=1&psc=1"><img src="https://m.media-amazon.com/images/I/51T+6mCUskL._SL500_.jpg" alt="Product Image"></a><p>Jack Black Intense Therapy Lip Balm, 0.25-Oz., Pack of 3 – Natural Mint & Shea Butter, SPF 25 Sun Protection, Lip Moisturizer, Hydrating Lip Balm with SPF, Long Lasting Treatment</p><p>$24.00 ($32.00 / Ounce)</p><a href="https://www.amazon.com/dp/B07QYWXCCT?tag=eloabder-20&linkCode=osi&th=1&psc=1">View Product</a></div><div class="product"><a href="https://www.amazon.com/dp/B0044B4HSM?tag=eloabder-20&linkCode=osi&th=1&psc=1"><img src="https://m.media-amazon.com/images/I/51-qb5fLclL._SL500_.jpg" alt="Product Image"></a><p>Blistex Medicated Lip Balm, 0.15 Ounce, 3 Count (Pack of 1) Prevent Dryness & Chapping, SPF 15 Sun Protection, Seals in Moisture, Hydrating Lip Balm, Easy Glide Formula for Full Coverage</p><p>$3.94</p><a href="https://www.amazon.com/dp/B0044B4HSM?tag=eloabder-20&linkCode=osi&th=1&psc=1">View Product</a></div><div class="product"><a href="https://www.amazon.com/dp/B0C1TFHMCT?tag=eloabder-20&linkCode=osi&th=1&psc=1"><img src="https://m.media-amazon.com/images/I/51aYODckhsL._SL500_.jpg" alt="Product Image"></a><p>Vaseline Lip Therapy Care Original, Fast-Acting Nourishment, Ideal for Chapped, Dry, Cracked, or Damaged Lips, Lip Balm, 0.16 Ounce (Pack of 4)</p><p>$5.00</p><a href="https://www.amazon.com/dp/B0C1TFHMCT?tag=eloabder-20&linkCode=osi&th=1&psc=1">View Product</a></div><div class="product"><a href="https://www.amazon.com/dp/B0CZXG68J4?tag=eloabder-20&linkCode=osi&th=1&psc=1"><img src="https://m.media-amazon.com/images/I/41Xkis0092L._SL500_.jpg" alt="Product Image"></a><p>CNP Honey Lip Butter (0.5 fl.oz / 15ml) - Propolis Lipcerin™, Hydrating Overnight Manuka Lip Balm & Mask, 12hrs Long-lasting Moisture, Gentle Exfoliation, Hygienic Twist Dispenser, Korean Skin Care</p><p>$13.64 ($27.28 / Fl Oz)</p><a href="https://www.amazon.com/dp/B0CZXG68J4?tag=eloabder-20&linkCode=osi&th=1&psc=1">View Product</a></div><div class="product"><a href="https://www.amazon.com/dp/B07MSG1HPK?tag=eloabder-20&linkCode=osi&th=1&psc=1"><img src="https://m.media-amazon.com/images/I/21RmonQcC5L._SL500_.jpg" alt="Product Image"></a><p>La Roche-Posay Cicaplast Lip Balm B5 | Hydrating Lip Balm with Shea Butter | Lip Treatment for Dry Cracked Lips | Moisturizing and Repairing Lip Balm | Fragrance Free</p><p>$9.99</p><a href="https://www.amazon.com/dp/B07MSG1HPK?tag=eloabder-20&linkCode=osi&th=1&psc=1">View Product</a></div>
<div class="product"><a href="https://www.amazon.com/dp/B099RYFLSW?tag=eloabder-20&linkCode=osi&th=1&psc=1"><img src="https://m.media-amazon.com/images/I/31IMjST8noL._SL500_.jpg" alt="Product Image"></a><p>ETUDE Dear Darling Water Tint Cherry Ade (21AD) | Vivid Color Lip Stain with Moisturizing Weightless & Non-sticky Finish Lip Stain | Smudge-proof & Lightweight Lip Tint | K-beauty</p><p>$6.67 ($20.84 / Fl Oz)</p><a href="https://www.amazon.com/dp/B099RYFLSW?tag=eloabder-20&linkCode=osi&th=1&psc=1">View Product</a></div><div class="product"><a href="https://www.amazon.com/dp/B0C7Q4Q9SX?tag=eloabder-20&linkCode=osi&th=1&psc=1"><img src="https://m.media-amazon.com/images/I/51SO2tY6q-L._SL500_.jpg" alt="Product Image"></a><p>6 Colors Lip Tint Stain Set, Korean Lip Gloss Plumping Mini Liquid Lipstick, Multi-use Lip and Cheek Tint,Waterproof&Long Lasting,Natural Lip Stain Non-Sticky,Vivid Color (Avocado)</p><p>$7.99 ($4.00 / Fl Oz)</p><a href="https://www.amazon.com/dp/B0C7Q4Q9SX?tag=eloabder-20&linkCode=osi&th=1&psc=1">View Product</a></div><div class="product"><a href="https://www.amazon.com/dp/B0B56TC2G5?tag=eloabder-20&linkCode=osi&th=1&psc=1"><img src="https://m.media-amazon.com/images/I/31wrei57oIL._SL500_.jpg" alt="Product Image"></a><p>essence | What a Tint! Lip & Cheek Tint | Long-Lasting Liquid Blush & Lip Stain | Non-Sticky & Kiss-Proof | Vegan & Cruelty Free</p><p>$4.99 ($31.19 / Fl Oz)</p><a href="https://www.amazon.com/dp/B0B56TC2G5?tag=eloabder-20&linkCode=osi&th=1&psc=1">View Product</a></div><div class="product"><a href="https://www.amazon.com/dp/B0163BMUFM?tag=eloabder-20&linkCode=osi&th=1&psc=1"><img src="https://m.media-amazon.com/images/I/41p6DP49DfL._SL500_.jpg" alt="Product Image"></a><p>Burt's Bees Lip Tint Balm with Long Lasting 2 in 1 Duo Tinted Balm Formula, Color Infused with Deeply Hydrating Shea Butter for a Natural Looking Buildable Finish, Fiery Red Dahlia (2-Pack)</p><p>$9.20</p><a href="https://www.amazon.com/dp/B0163BMUFM?tag=eloabder-20&linkCode=osi&th=1&psc=1">View Product</a></div><div class="product"><a href="https://www.amazon.com/dp/B07NTPQRL5?tag=eloabder-20&linkCode=osi&th=1&psc=1"><img src="https://m.media-amazon.com/images/I/21-ZJZEUADL._SL500_.jpg" alt="Product Image"></a><p>Honest Beauty Tinted Lip Balm | Antioxidant-rich Acai Extracts + Avocado Oil | EWG Certified, Vegan, Cruelty Free | Summer Melon</p><p>$7.80</p><a href="https://www.amazon.com/dp/B07NTPQRL5?tag=eloabder-20&linkCode=osi&th=1&psc=1">View Product</a></div><div class="product"><a href="https://www.amazon.com/dp/B0CMJXGCFQ?tag=eloabder-20&linkCode=osi&th=1&psc=1"><img src="https://m.media-amazon.com/images/I/31c6yEqB00L._SL500_.jpg" alt="Product Image"></a><p>e.l.f. Glow Reviver Lip Oil, Nourishing Tinted Lip Oil For A High-shine Finish, Infused With Jojoba Oil, Vegan & Cruelty-free, Jam Session</p><p>$8.00</p><a href="https://www.amazon.com/dp/B0CMJXGCFQ?tag=eloabder-20&linkCode=osi&th=1&psc=1">View Product</a></div><div class="product"><a href="https://www.amazon.com/dp/B0B9YHX8DX?tag=eloabder-20&linkCode=osi&th=1&psc=1"><img src="https://m.media-amazon.com/images/I/31A-yoM7ZqL._SL500_.jpg" alt="Product Image"></a><p>Wonderskin Wonder Blading Lip Stain Peel Off Masque - Long Lasting, Waterproof and Transfer Proof Nude Lip Tint, Matte Finish Peel Off Lip Stain (Whimsical Masque)</p><p>$22.00</p><a href="https://www.amazon.com/dp/B0B9YHX8DX?tag=eloabder-20&linkCode=osi&th=1&psc=1">View Product</a></div><div class="product"><a href="https://www.amazon.com/dp/B0C3CWWMJM?tag=eloabder-20&linkCode=osi&th=1&psc=1"><img src="https://m.media-amazon.com/images/I/51evW1YGQdL._SL500_.jpg" alt="Product Image"></a><p>Eakroo 6 Colors Lip Tint Stain Mini Liquid Lipstick, Korean Lip Gloss Moisturizing Natural, Multi-Use Lip and Cheek Tint, Non-Stick Cup, Lightweight, High Pigment, Long-Lasting, Vivid Color</p><p>$7.99 ($2.89 / Fl Oz)</p><a href="https://www.amazon.com/dp/B0C3CWWMJM?tag=eloabder-20&linkCode=osi&th=1&psc=1">View Product</a></div><div class="product"><a href="https://www.amazon.com/dp/B09LB91W1H?tag=eloabder-20&linkCode=osi&th=1&psc=1"><img src="https://m.media-amazon.com/images/I/21UsOgVkNxL._SL500_.jpg" alt="Product Image"></a><p>CoverGirl Clean Fresh Tinted Lip Balm, Vegan Formula, Hydrating, Natural Finish, Cruelty Free, Bliss You Berry, 1 Count</p><p>$5.88 ($42.00 / Ounce)</p><a href="https://www.amazon.com/dp/B09LB91W1H?tag=eloabder-20&linkCode=osi&th=1&psc=1">View Product</a></div>
<div class="product"><a href="https://www.amazon.com/dp/B0B4F8FP1V?tag=eloabder-20&linkCode=osi&th=1&psc=1"><img src="https://m.media-amazon.com/images/I/31zD0oZazrL._SL500_.jpg" alt="Product Image"></a><p>e.l.f. Cosmetics Glossy Lip Stain, Lightweight, Long-Wear Lip Stain For A Sheer Pop Of Color & Subtle Gloss Effect, Berry Queen</p><p>$6.00</p><a href="https://www.amazon.com/dp/B0B4F8FP1V?tag=eloabder-20&linkCode=osi&th=1&psc=1">View Product</a></div><div class="product"><a href="https://www.amazon.com/dp/B0B9YH9PZK?tag=eloabder-20&linkCode=osi&th=1&psc=1"><img src="https://m.media-amazon.com/images/I/31irqkpVbvL._SL500_.jpg" alt="Product Image"></a><p>Wonderskin Wonder Blading Lip Stain Peel Off Masque - Long Lasting, Waterproof and Transfer Proof Pink Lip Tint, Matte Finish Peel Off Lip Stain (First Kiss Masque)</p><p>$22.00</p><a href="https://www.amazon.com/dp/B0B9YH9PZK?tag=eloabder-20&linkCode=osi&th=1&psc=1">View Product</a></div><div class="product"><a href="https://www.amazon.com/dp/B0CLYN8F9L?tag=eloabder-20&linkCode=osi&th=1&psc=1"><img src="https://m.media-amazon.com/images/I/218WFwKw6qL._SL500_.jpg" alt="Product Image"></a><p>COVERGIRL Outlast, 05 All-Star, Lipstain, Smooth Application, Precise Pen-Like Tip, Transfer-Proof, Satin Stained Finish, Vegan Formula, 0.06oz</p><p>$8.98</p><a href="https://www.amazon.com/dp/B0CLYN8F9L?tag=eloabder-20&linkCode=osi&th=1&psc=1">View Product</a></div><div class="product"><a href="https://www.amazon.com/dp/B0CLDDVBF4?tag=eloabder-20&linkCode=osi&th=1&psc=1"><img src="https://m.media-amazon.com/images/I/318rUce3+fL._SL500_.jpg" alt="Product Image"></a><p>Sacheu Lip Liner Stay-N - Peel Off Lip Liner Tattoo, Peel Off Lip Stain, Long Lasting Lip Stain Peel Off, Infused with Hyaluronic Acid & Vitamin E, For All Skin Types, HEY-zel</p><p>$12.00 ($100.00 / Fl Oz)</p><a href="https://www.amazon.com/dp/B0CLDDVBF4?tag=eloabder-20&linkCode=osi&th=1&psc=1">View Product</a></div><div class="product"><a href="https://www.amazon.com/dp/B001CWGFYU?tag=eloabder-20&linkCode=osi&th=1&psc=1"><img src="https://m.media-amazon.com/images/I/41wMMGxFtlL._SL500_.jpg" alt="Product Image"></a><p>Palladio Lip Stain, Hydrating and Waterproof Formula, Matte Color Look, Longlasting All Day Wear Lip Color, Smudge Proof Natural Finish, Precise Chisel Tip Marker, Nude</p><p>$8.99</p><a href="https://www.amazon.com/dp/B001CWGFYU?tag=eloabder-20&linkCode=osi&th=1&psc=1">View Product</a></div><div class="product"><a href="https://www.amazon.com/dp/B0CHJ8YL6G?tag=eloabder-20&linkCode=osi&th=1&psc=1"><img src="https://m.media-amazon.com/images/I/41amIuqcaJL._SL500_.jpg" alt="Product Image"></a><p>Cilrofelr Peel Off Lip Liner Stain, Long Wear Tattoo Lip Liner with Tweezer, Peel Off Lip Stain with Matte Finish, Long Lasting, Waterproof, Transfer-proof, Highly Pigmented Color (Mauve)</p><p>$14.99 ($187.38 / Fl Oz)</p><a href="https://www.amazon.com/dp/B0CHJ8YL6G?tag=eloabder-20&linkCode=osi&th=1&psc=1">View Product</a></div><div class="product"><a href="https://www.amazon.com/dp/B0CNCSLDBB?tag=eloabder-20&linkCode=osi&th=1&psc=1"><img src="https://m.media-amazon.com/images/I/31EPLmbi1eL._SL500_.jpg" alt="Product Image"></a><p>ETUDE Fixing Tint #05 Midnight Mauve (23AD) | Long Lasting High Pigmented Liquid Lipstick | Waterproof Lightweight Matte Finish Lip Stain | Full Coverage</p><p>$12.00</p><a href="https://www.amazon.com/dp/B0CNCSLDBB?tag=eloabder-20&linkCode=osi&th=1&psc=1">View Product</a></div><div class="product"><a href="https://www.amazon.com/dp/B0CKF2WFNQ?tag=eloabder-20&linkCode=osi&th=1&psc=1"><img src="https://m.media-amazon.com/images/I/41GyA+oYguL._SL500_.jpg" alt="Product Image"></a><p>NOONI Korean Lip Oil - Applefig | Lip Stain, Gift, Long-Lasting, Moisturizing, Plumping, Revitalizing for Dry Lips, Waterproof, No Peel Off, Korean Lip Tint, Magenta Purple, 0.12 Fl Oz</p><p>$12.00 ($100.00 / Fl Oz)</p><a href="https://www.amazon.com/dp/B0CKF2WFNQ?tag=eloabder-20&linkCode=osi&th=1&psc=1">View Product</a></div>
<div class="product"><a href="https://www.amazon.com/dp/B01NAI251H?tag=eloabder-20&linkCode=osi&th=1&psc=1"><img src="https://m.media-amazon.com/images/I/51gC3z3vEIL._SL500_.jpg" alt="Product Image"></a><p>Handmade Heroes 100% Natural Lip Scrub, Vegan Conditioning Coconut Exfoliator - Gentle Exfoliant, Sugar Polish and Scrubber for Chapped Dry Lips, 1oz (Coconut Sorbet)</p><p>$6.99</p><a href="https://www.amazon.com/dp/B01NAI251H?tag=eloabder-20&linkCode=osi&th=1&psc=1">View Product</a></div><div class="product"><a href="https://www.amazon.com/dp/B0C7WQ3Z6H?tag=eloabder-20&linkCode=osi&th=1&psc=1"><img src="https://m.media-amazon.com/images/I/318wm99nh1L._SL500_.jpg" alt="Product Image"></a><p>e.l.f. Lip Exfoliator, Moisturizing Scented Lip Scrub For Exfoliating & Smoothing Lips, Infused With Jojoba Oil, Vegan & Cruelty-free, Strawberry</p><p>$5.00 ($50.00 / Ounce)</p><a href="https://www.amazon.com/dp/B0C7WQ3Z6H?tag=eloabder-20&linkCode=osi&th=1&psc=1">View Product</a></div><div class="product"><a href="https://www.amazon.com/dp/B0759HSBQC?tag=eloabder-20&linkCode=osi&th=1&psc=1"><img src="https://m.media-amazon.com/images/I/3165YiRlcNL._SL500_.jpg" alt="Product Image"></a><p>Revlon Lip Scrub Balm, Kiss Sugar Scrub Exfoliator, Lip Makeup with 24 Hour Long Lasting Hydration, Sugar Mint, 0.09 oz</p><p>$5.48</p><a href="https://www.amazon.com/dp/B0759HSBQC?tag=eloabder-20&linkCode=osi&th=1&psc=1">View Product</a></div><div class="product"><a href="https://www.amazon.com/dp/B0B15MRHM4?tag=eloabder-20&linkCode=osi&th=1&psc=1"><img src="https://m.media-amazon.com/images/I/414XRjPg6AL._SL500_.jpg" alt="Product Image"></a><p>Brooklyn Botany Lip Scrub Exfoliator 1 oz – Lip Moisturizer for Dry Lips and Chapped Lips – Gentle Lip Exfoliator for Smooth and Brighter Lips – Vanilla Flavor</p><p>$7.99</p><a href="https://www.amazon.com/dp/B0B15MRHM4?tag=eloabder-20&linkCode=osi&th=1&psc=1">View Product</a></div><div class="product"><a href="https://www.amazon.com/dp/B0CNQ72M6B?tag=eloabder-20&linkCode=osi&th=1&psc=1"><img src="https://m.media-amazon.com/images/I/310xvYvYEkL._SL500_.jpg" alt="Product Image"></a><p>W7 Sweet Dreams Lip Scrub & Overnight Lip Mask Duo - 2Pcs Set - Strawberry Flavour - Exfoliate, Condition, Soothe & Hydrate</p><p>$9.95 ($4.98 / Count)</p><a href="https://www.amazon.com/dp/B0CNQ72M6B?tag=eloabder-20&linkCode=osi&th=1&psc=1">View Product</a></div><div class="product"><a href="https://www.amazon.com/dp/B09FYYRJ4Y?tag=eloabder-20&linkCode=osi&th=1&psc=1"><img src="https://m.media-amazon.com/images/I/41HDVJYOBRL._SL500_.jpg" alt="Product Image"></a><p>Lip Scrub Treatment, Lip Scrubs Exfoliating Moisturizer Sugar Lip Surb Cruelty-Free for Repairing Dry & Chapped & Peeling and Cracked Lips, the Best Gift for Lip Care in Autumn and Winter(Orange)</p><p>$2.99 ($1.04 / Ounce)</p><a href="https://www.amazon.com/dp/B09FYYRJ4Y?tag=eloabder-20&linkCode=osi&th=1&psc=1">View Product</a></div><div class="product"><a href="https://www.amazon.com/dp/B083588MZP?tag=eloabder-20&linkCode=osi&th=1&psc=1"><img src="https://m.media-amazon.com/images/I/31qe+dPu0WL._SL500_.jpg" alt="Product Image"></a><p>Milani Rose Sugar Lip Scrub - Lip Exfoliator to Help With Lip Care and Lip Repair</p><p>$7.04 ($7.04 / Count)</p><a href="https://www.amazon.com/dp/B083588MZP?tag=eloabder-20&linkCode=osi&th=1&psc=1">View Product</a></div><div class="product"><a href="https://www.amazon.com/dp/B085NDWSZW?tag=eloabder-20&linkCode=osi&th=1&psc=1"><img src="https://m.media-amazon.com/images/I/31QVvbj+z9L._SL500_.jpg" alt="Product Image"></a><p>3 Pcs Lip Scrub Brush,Lip Scrubber Exfoliator,Silicone Lip Brush Tool Double-Sided Mini Exfoliating Brush For Men Women Lip Lightening For Dark Lips Exfoliator Scrub Brush</p><p>$3.47 ($1.16 / Count)</p><a href="https://www.amazon.com/dp/B085NDWSZW?tag=eloabder-20&linkCode=osi&th=1&psc=1">View Product</a></div><div class="product"><a href="https://www.amazon.com/dp/B0CMQ6YN87?tag=eloabder-20&linkCode=osi&th=1&psc=1"><img src="https://m.media-amazon.com/images/I/41KZ7zmBA8L._SL500_.jpg" alt="Product Image"></a><p>EJW Nourishing Lip Scrub - Infused with Coconut Oil, Olive Fruit Oil, and Jojoba Seed Oil, 1.05oz - Exfoliate, Hydrate, and Glow for Chapped Dry, Dark Lips</p><p>$7.27</p><a href="https://www.amazon.com/dp/B0CMQ6YN87?tag=eloabder-20&linkCode=osi&th=1&psc=1">View Product</a></div>
<div class="product"><a href="https://www.amazon.com/dp/B01LYWTZT2?tag=eloabder-20&linkCode=osi&th=1&psc=1"><img src="https://m.media-amazon.com/images/I/315xsyPtBfL._SL500_.jpg" alt="Product Image"></a><p>Too Faced Lip Injection Travel Size Extreme Lip Plumper, Original, 0.1 Fl Oz</p><p>$16.00 ($160.00 / Fl Oz)</p><a href="https://www.amazon.com/dp/B01LYWTZT2?tag=eloabder-20&linkCode=osi&th=1&psc=1">View Product</a></div><div class="product"><a href="https://www.amazon.com/dp/B094LT5LM4?tag=eloabder-20&linkCode=osi&th=1&psc=1"><img src="https://m.media-amazon.com/images/I/1174dCa9FqS._SL500_.jpg" alt="Product Image"></a><p>City Beauty City Lips Plumping Lip Gloss - Ultra High-Shine Gloss for Fuller, Healthier, Younger-Looking Lips | Hydrating & Smoothing Lip Treatment Lip Plumper with Hyaluronic Acid & Oligopeptides</p><p>$35.00 ($218.75 / Fl Oz)</p><a href="https://www.amazon.com/dp/B094LT5LM4?tag=eloabder-20&linkCode=osi&th=1&psc=1">View Product</a></div><div class="product"><a href="https://www.amazon.com/dp/B08XZQ4YQ2?tag=eloabder-20&linkCode=osi&th=1&psc=1"><img src="https://m.media-amazon.com/images/I/41cN7l9csUL._SL500_.jpg" alt="Product Image"></a><p>essence | What the Fake! Plumping Lip Filler | Lip Gloss for Full, Voluminous Lips | Translucent Pearly Finish | Vegan & Cruelty Free, Gluten Free, Paraben Free</p><p>$4.99 ($35.64 / Fl Oz )</p><a href="https://www.amazon.com/dp/B08XZQ4YQ2?tag=eloabder-20&linkCode=osi&th=1&psc=1">View Product</a></div><div class="product"><a href="https://www.amazon.com/dp/B0CR7GSPFP?tag=eloabder-20&linkCode=osi&th=1&psc=1"><img src="https://m.media-amazon.com/images/I/41y+VaB2iDL._SL500_.jpg" alt="Product Image"></a><p>NYX PROFESSIONAL MAKEUP Duck Plump High Pigment Plumping Lip Gloss with Spicy Ginger, Vegan Lip Makeup - Cherry Spice (Transparent Red)</p><p>$9.75</p><a href="https://www.amazon.com/dp/B0CR7GSPFP?tag=eloabder-20&linkCode=osi&th=1&psc=1">View Product</a></div><div class="product"><a href="https://www.amazon.com/dp/B0CPYMLVJJ?tag=eloabder-20&linkCode=osi&th=1&psc=1"><img src="https://m.media-amazon.com/images/I/31qGoOFwP7L._SL500_.jpg" alt="Product Image"></a><p>e.l.f. Pout Clout Lip Plumping Pen, Nourishing Lip Balm For Sheer Color & Shine, Plumps & Moisturizes, Vegan & Cruelty-Free, In The Clear</p><p>$8.00</p><a href="https://www.amazon.com/dp/B0CPYMLVJJ?tag=eloabder-20&linkCode=osi&th=1&psc=1">View Product</a></div><div class="product"><a href="https://www.amazon.com/dp/B086QRYHYT?tag=eloabder-20&linkCode=osi&th=1&psc=1"><img src="https://m.media-amazon.com/images/I/41IVWGl-frL._SL500_.jpg" alt="Product Image"></a><p>KISSIO Lip Plumper,Natural Lip Plumper for Day Use,Lip Plumping Gloss Make Lips Fuller and Moisturizing 5.5ml</p><p>$9.89</p><a href="https://www.amazon.com/dp/B086QRYHYT?tag=eloabder-20&linkCode=osi&th=1&psc=1">View Product</a></div><div class="product"><a href="https://www.amazon.com/dp/B074G382ZR?tag=eloabder-20&linkCode=osi&th=1&psc=1"><img src="https://m.media-amazon.com/images/I/31h-Mpx5OOL._SL500_.jpg" alt="Product Image"></a><p>e.l.f. Lip Plumping Gloss, Hydrating, Nourishing, Invigorating, High-Shine, Plumps, Volumizes, Cools, Soothes, Shimmer, Pink Cosmo 8 Ounce 0.09 Fl Oz</p><p>$7.00</p><a href="https://www.amazon.com/dp/B074G382ZR?tag=eloabder-20&linkCode=osi&th=1&psc=1">View Product</a></div><div class="product"><a href="https://www.amazon.com/dp/B08RRY5PF2?tag=eloabder-20&linkCode=osi&th=1&psc=1"><img src="https://m.media-amazon.com/images/I/41HjvvFXBpL._SL500_.jpg" alt="Product Image"></a><p>Physicians Formula Mineral Wear Diamond Lip Plumper Gloss, Dermatologist Tested, Light Pink Princess Cut</p><p>$7.28</p><a href="https://www.amazon.com/dp/B08RRY5PF2?tag=eloabder-20&linkCode=osi&th=1&psc=1">View Product</a></div>
<div class="product"><a href="https://www.amazon.com/dp/B017PCGAXQ?tag=eloabder-20&linkCode=osi&th=1&psc=1"><img src="https://m.media-amazon.com/images/I/31-daQlUgGL._SL500_.jpg" alt="Product Image"></a><p>Garnier Micellar Water For Waterproof Makeup, Hydrating Facial Cleanser & Makeup Remover, Suitable for Sensitive Skin, Vegan, Cruelty Free, 13.5 Fl Oz (400mL), 1 Count</p><p>$8.97 ($0.66 / Fl Oz)</p><a href="https://www.amazon.com/dp/B017PCGAXQ?tag=eloabder-20&linkCode=osi&th=1&psc=1">View Product</a></div><div class="product"><a href="https://www.amazon.com/dp/B017PCGABI?tag=eloabder-20&linkCode=osi&th=1&psc=1"><img src="https://m.media-amazon.com/images/I/3106WC85aAL._SL500_.jpg" alt="Product Image"></a><p>Garnier Micellar Water, Hydrating Facial Cleanser & Makeup Remover, Suitable for Sensitive Skin, Vegan, Cruelty Free, 13.5 Fl Oz (400mL), 1 Count</p><p>$8.97 ($0.66 / Fl Oz)</p><a href="https://www.amazon.com/dp/B017PCGABI?tag=eloabder-20&linkCode=osi&th=1&psc=1">View Product</a></div><div class="product"><a href="https://www.amazon.com/dp/B00U2VQZDS?tag=eloabder-20&linkCode=osi&th=1&psc=1"><img src="https://m.media-amazon.com/images/I/41VzZfHAKpL._SL500_.jpg" alt="Product Image"></a><p>Neutrogena Makeup Remover Wipes, Ultra-Soft Cleansing Facial Towelettes for Waterproof Makeup, Alcohol-Free, Plant-Based, Twin Pack, 25 Count (Pack of 2)</p><p>$8.97 ($0.18 / Count)</p><a href="https://www.amazon.com/dp/B00U2VQZDS?tag=eloabder-20&linkCode=osi&th=1&psc=1">View Product</a></div><div class="product"><a href="https://www.amazon.com/dp/B07T9JV956?tag=eloabder-20&linkCode=osi&th=1&psc=1"><img src="https://m.media-amazon.com/images/I/310x+0QrxsL._SL500_.jpg" alt="Product Image"></a><p>Neutrogena Gentle Oil-Free Eye Makeup Remover & Cleanser for Sensitive Eyes, Non-Greasy Makeup Remover, Removes Waterproof Mascara, Dermatologist & Ophthalmologist Tested, 8.0 fl. oz</p><p>$9.39 ($1.17 / Fl Oz)</p><a href="https://www.amazon.com/dp/B07T9JV956?tag=eloabder-20&linkCode=osi&th=1&psc=1">View Product</a></div><div class="product"><a href="https://www.amazon.com/dp/B01M31HY3S?tag=eloabder-20&linkCode=osi&th=1&psc=1"><img src="https://m.media-amazon.com/images/I/319i79e7f4L._SL500_.jpg" alt="Product Image"></a><p>Cetaphil Gentle Waterproof Makeup Remover, Mother's Day Gifts, Oil-Free Formula Suitable for Sensitive Skin, 6.0 Fluid Ounce</p><p>$9.87 ($1.64 / Fl Oz)</p><a href="https://www.amazon.com/dp/B01M31HY3S?tag=eloabder-20&linkCode=osi&th=1&psc=1">View Product</a></div><div class="product"><a href="https://www.amazon.com/dp/B07SS6LFRG?tag=eloabder-20&linkCode=osi&th=1&psc=1"><img src="https://m.media-amazon.com/images/I/31Mwa89HfCL._SL500_.jpg" alt="Product Image"></a><p>Amazon Basics Eye Makeup Remover, Removes Waterproof Mascara, Dermatologist Tested, Fragrance Free, 5.5 Fl Oz (Pack of 1)</p><p>$5.99 ($1.09 / Fl Oz)</p><a href="https://www.amazon.com/dp/B07SS6LFRG?tag=eloabder-20&linkCode=osi&th=1&psc=1">View Product</a></div><div class="product"><a href="https://www.amazon.com/dp/B08TQTT8LK?tag=eloabder-20&linkCode=osi&th=1&psc=1"><img src="https://m.media-amazon.com/images/I/31R-Y-dhjEL._SL500_.jpg" alt="Product Image"></a><p>e.l.f. Holy Hydration! Makeup Melting Cleansing Balm, Face Cleanser & Makeup Remover, Infused with Hyaluronic Acid to Hydrate Skin, 2 Oz</p><p>$11.00 ($5.50 / Ounce)</p><a href="https://www.amazon.com/dp/B08TQTT8LK?tag=eloabder-20&linkCode=osi&th=1&psc=1">View Product</a></div><div class="product"><a href="https://www.amazon.com/dp/B08Q3CQM7X?tag=eloabder-20&linkCode=osi&th=1&psc=1"><img src="https://m.media-amazon.com/images/I/31edyzkByfL._SL500_.jpg" alt="Product Image"></a><p>JUNO & Co. Clean 10 Cleansing Balm 10 Ingredients Makeup Remover 85g / 3.0oz</p><p>$14.99 ($5.00 / Ounce)</p><a href="https://www.amazon.com/dp/B08Q3CQM7X?tag=eloabder-20&linkCode=osi&th=1&psc=1">View Product</a></div><div class="product"><a href="https://www.amazon.com/dp/B0B1PP1XCM?tag=eloabder-20&linkCode=osi&th=1&psc=1"><img src="https://m.media-amazon.com/images/I/31kOCqV2+BL._SL500_.jpg" alt="Product Image"></a><p>CeraVe Cleansing Balm for Sensitive Skin | Hydrating Makeup Remover with Ceramides and Plant-based Jojoba Oil for Face | Non-Comedogenic Fragrance Free Non-Greasy |1.3 Ounces</p><p>$9.97 ($7.67 / Ounce)</p><a href="https://www.amazon.com/dp/B0B1PP1XCM?tag=eloabder-20&linkCode=osi&th=1&psc=1">View Product</a></div><div class="product"><a href="https://www.amazon.com/dp/B0BX65V1BZ?tag=eloabder-20&linkCode=osi&th=1&psc=1"><img src="https://m.media-amazon.com/images/I/31t6WiWvdDL._SL500_.jpg" alt="Product Image"></a><p>Prime Prometics PrimeSkin Beauty Water – Deeply Hydrating Pro-Age Make-Up Remover for Mature Women – Clean, One Swipe – for All Skin Types – pH balanced, Hypoallergenic</p><p>$27.00 ($5.29 / Fl Oz)</p><a href="https://www.amazon.com/dp/B0BX65V1BZ?tag=eloabder-20&linkCode=osi&th=1&psc=1">View Product</a></div>
<div class="product"><a href="https://www.amazon.com/dp/B0B642XWV8?tag=eloabder-20&linkCode=osi&th=1&psc=1"><img src="https://m.media-amazon.com/images/I/31PQPhUWqyL._SL500_.jpg" alt="Product Image"></a><p>Cetaphil Face and Body Wipes, Gentle Skin Cleansing Cloths, Mother's Day Gifts, 25 Count (Pack of 2), for Dry, Sensitive Skin, Flip Top Closure, Hypoallergenic, Fragrance Free</p><p>$13.69 ($0.27 / Count)</p><a href="https://www.amazon.com/dp/B0B642XWV8?tag=eloabder-20&linkCode=osi&th=1&psc=1">View Product</a></div><div class="product"><a href="https://www.amazon.com/dp/B0B644ZQLV?tag=eloabder-20&linkCode=osi&th=1&psc=1"><img src="https://m.media-amazon.com/images/I/41E5FGVZrnL._SL500_.jpg" alt="Product Image"></a><p>Cetaphil Face and Body Wipes, Gentle Skin Cleansing Cloths, 25 Count (Pack of 3), for Dry, Sensitive Skin, Flip Top Closure, Great for the Gym, Hypoallergenic, Fragrance Free</p><p>$20.91 ($0.28 / Count)</p><a href="https://www.amazon.com/dp/B0B644ZQLV?tag=eloabder-20&linkCode=osi&th=1&psc=1">View Product</a></div><div class="product"><a href="https://www.amazon.com/dp/B0958JYLZN?tag=eloabder-20&linkCode=osi&th=1&psc=1"><img src="https://m.media-amazon.com/images/I/312T32wjaYL._SL500_.jpg" alt="Product Image"></a><p>The Honest Company Hydrate + Cleanse Naturally Scented Wipes | Cleansing Multi-Tasking Wipes | 99% Water, Plant-Based, Hypoallergenic | Aloe + Cucumber, 60 Count</p><p>$5.97 ($9.95 / 100 Count)</p><a href="https://www.amazon.com/dp/B0958JYLZN?tag=eloabder-20&linkCode=osi&th=1&psc=1">View Product</a></div><div class="product"><a href="https://www.amazon.com/dp/B0BR3GVFL4?tag=eloabder-20&linkCode=osi&th=1&psc=1"><img src="https://m.media-amazon.com/images/I/41E2x2jaumL._SL500_.jpg" alt="Product Image"></a><p>Amazon Basics Hydrating Makeup Remover Wipes, 150 wipes (Pack of 6)</p><p>$17.79 ($0.12 / Count)</p><a href="https://www.amazon.com/dp/B0BR3GVFL4?tag=eloabder-20&linkCode=osi&th=1&psc=1">View Product</a></div><div class="product"><a href="https://www.amazon.com/dp/B093T3LQPP?tag=eloabder-20&linkCode=osi&th=1&psc=1"><img src="https://m.media-amazon.com/images/I/51mLU+qr6tL._SL500_.jpg" alt="Product Image"></a><p>Burt's Bees Rose Water Face Wipes, for All Skin Types, Hydrating Micellar Makeup Remover & Facial Cleansing Towelettes, 30 Ct (3-Pack)</p><p>$16.47 ($0.18 / Count)</p><a href="https://www.amazon.com/dp/B093T3LQPP?tag=eloabder-20&linkCode=osi&th=1&psc=1">View Product</a></div><div class="product"><a href="https://www.amazon.com/dp/B09LXWPB1V?tag=eloabder-20&linkCode=osi&th=1&psc=1"><img src="https://m.media-amazon.com/images/I/4117i-jJMKL._SL500_.jpg" alt="Product Image"></a><p>CeraVe Hydrating Facial Cleansing Makeup Remover Wipes| Plant Based Face Biodegradable in Home Compost| Wash Cloth| Suitable for Sensitive Skin| Fragrance-free Non-comedogenic| 25 Count</p><p>$9.97 ($0.40 / Count)</p><a href="https://www.amazon.com/dp/B09LXWPB1V?tag=eloabder-20&linkCode=osi&th=1&psc=1">View Product</a></div><div class="product"><a href="https://www.amazon.com/dp/B00NUJQG7Y?tag=eloabder-20&linkCode=osi&th=1&psc=1"><img src="https://m.media-amazon.com/images/I/51apu8FIluL._SL500_.jpg" alt="Product Image"></a><p>Burt's Bees Aloe Vera Face Wipes, for Sensitive Skin, Soothing Makeup Remover & Facial Cleansing Towelettes, 30 Ct. (3-Pack)</p><p>$16.41 ($0.18 / Count)</p><a href="https://www.amazon.com/dp/B00NUJQG7Y?tag=eloabder-20&linkCode=osi&th=1&psc=1">View Product</a></div>
<div class="product"><a href="https://www.amazon.com/dp/B08KQMXZFB?tag=eloabder-20&linkCode=osi&th=1&psc=1"><img src="https://m.media-amazon.com/images/I/31HvJEoHtwL._SL500_.jpg" alt="Product Image"></a><p>Garnier Micellar Water with Vitamin C, Facial Cleanser & Makeup Remover, Brightening & Hydrating, For All Skin Types, Vegan, Cruelty Free, 13.5 Fl Oz (400mL), 1 Count</p><p>$8.97 ($0.66 / Fl Oz)</p><a href="https://www.amazon.com/dp/B08KQMXZFB?tag=eloabder-20&linkCode=osi&th=1&psc=1">View Product</a></div><div class="product"><a href="https://www.amazon.com/dp/B0036SFTK4?tag=eloabder-20&linkCode=osi&th=1&psc=1"><img src="https://m.media-amazon.com/images/I/31+tj+uVB+L._SL500_.jpg" alt="Product Image"></a><p>Bioderma Sensibio H2O Micellar Water, Makeup Remover, Gentle for Skin, Fragrance-Free & Alcohol-Free, No Rinse Skincare With Micellar Technology for Normal To Sensitive Skin Types</p><p>$12.99 ($1.55 / Fl Oz)</p><a href="https://www.amazon.com/dp/B0036SFTK4?tag=eloabder-20&linkCode=osi&th=1&psc=1">View Product</a></div><div class="product"><a href="https://www.amazon.com/dp/B07TB2MKJJ?tag=eloabder-20&linkCode=osi&th=1&psc=1"><img src="https://m.media-amazon.com/images/I/41SyeAmsnOL._SL500_.jpg" alt="Product Image"></a><p>Garnier Micellar Water with Rose Water and Glycerin, Hydrating Facial Cleanser & Makeup Remover, For All Skin Types, Vegan, Cruelty Free, 13.5 Fl Oz (400mL), 1 Count</p><p>$8.97 ($0.66 / Fl Oz)</p><a href="https://www.amazon.com/dp/B07TB2MKJJ?tag=eloabder-20&linkCode=osi&th=1&psc=1">View Product</a></div><div class="product"><a href="https://www.amazon.com/dp/B01MQ495N0?tag=eloabder-20&linkCode=osi&th=1&psc=1"><img src="https://m.media-amazon.com/images/I/31wWu56DBJL._SL500_.jpg" alt="Product Image"></a><p>Garnier Micellar Water for Oily Skin, Facial Cleanser & Makeup Remover, Mattifying, For All Skin Types, Vegan, Cruelty Free, 13.5 Fl Oz (400mL), 1 Count</p><p>$8.97 ($0.66 / Fl Oz)</p><a href="https://www.amazon.com/dp/B01MQ495N0?tag=eloabder-20&linkCode=osi&th=1&psc=1">View Product</a></div><div class="product"><a href="https://www.amazon.com/dp/B0B59TJN3R?tag=eloabder-20&linkCode=osi&th=1&psc=1"><img src="https://m.media-amazon.com/images/I/410aYbZluvL._SL500_.jpg" alt="Product Image"></a><p>Garnier Micellar Water with Hyaluronic Acid, Facial Cleanser & Makeup Remover, Hydrating and Plumping, For All Skin Types, Vegan, Cruelty Free, 13.5 Fl Oz (400mL), 2 Count</p><p>$17.94 ($0.66 / Fl Oz)</p><a href="https://www.amazon.com/dp/B0B59TJN3R?tag=eloabder-20&linkCode=osi&th=1&psc=1">View Product</a></div><div class="product"><a href="https://www.amazon.com/dp/B07VHZPBZ3?tag=eloabder-20&linkCode=osi&th=1&psc=1"><img src="https://m.media-amazon.com/images/I/41Ow8cEJaFL._SL500_.jpg" alt="Product Image"></a><p>CeraVe Micellar Water | New & Improved Formula | Hydrating Facial Cleanser & Eye Makeup Remover | Fragrance Free & Non-Irritating | 10 Fl. Oz</p><p>$10.74 ($1.07 / Ounce)</p><a href="https://www.amazon.com/dp/B07VHZPBZ3?tag=eloabder-20&linkCode=osi&th=1&psc=1">View Product</a></div><div class="product"><a href="https://www.amazon.com/dp/B005EZSUS0?tag=eloabder-20&linkCode=osi&th=1&psc=1"><img src="https://m.media-amazon.com/images/I/31Cwqaks+tL._SL500_.jpg" alt="Product Image"></a><p>La Roche-Posay Micellar Cleansing Water for Sensitive Skin, Micellar Water Makeup Remover, Cleanses and Hydrates Skin, Gentle Face Toner, Oil Free</p><p>$18.99 ($1.40 / Fl Oz)</p><a href="https://www.amazon.com/dp/B005EZSUS0?tag=eloabder-20&linkCode=osi&th=1&psc=1">View Product</a></div><div class="product"><a href="https://www.amazon.com/dp/B0CY25DD2N?tag=eloabder-20&linkCode=osi&th=1&psc=1"><img src="https://m.media-amazon.com/images/I/41jb6YrZnRL._SL500_.jpg" alt="Product Image"></a><p>ma:nyo Pure Cleansing Water Sensitive (16.9 fl oz/500ml) - Triple+ Micellar Technology, Makeup Removal Cleanser, Gentle Face Cleanser for all skin types, Cleanses and Hydrates Skin</p><p>$18.99 ($1.12 / Fl Oz)</p><a href="https://www.amazon.com/dp/B0CY25DD2N?tag=eloabder-20&linkCode=osi&th=1&psc=1">View Product</a></div>
<div class="product"><a href="https://www.amazon.com/dp/B09LKXR62L?tag=eloabder-20&linkCode=osi&th=1&psc=1"><img src="https://m.media-amazon.com/images/I/31D6ydy59dL._SL500_.jpg" alt="Product Image"></a><p>CeraVe Hydrating Toner for Face Non-Alcoholic with Hyaluronic Acid, Niacinamide, and Ceramides for Sensitive Dry Skin, Fragrance-Free Non Comedogenic, Full Size, 6.8 Fl Oz</p><p>$9.86 ($1.45 / Ounce)</p><a href="https://www.amazon.com/dp/B09LKXR62L?tag=eloabder-20&linkCode=osi&th=1&psc=1">View Product</a></div><div class="product"><a href="https://www.amazon.com/dp/B08CMS8P67?tag=eloabder-20&linkCode=osi&th=1&psc=1"><img src="https://m.media-amazon.com/images/I/31LVyuSsJEL._SL500_.jpg" alt="Product Image"></a><p>Anua Heartleaf 77 Soothing Toner I pH 5.5 Trouble Care, Calming Skin, Refreshing, Hydrating, Purifying, Cruelty Free, Vegan,(250ml / 8.45 fl.oz.)</p><p>$19.69 ($2.33 / Fl Oz)</p><a href="https://www.amazon.com/dp/B08CMS8P67?tag=eloabder-20&linkCode=osi&th=1&psc=1">View Product</a></div><div class="product"><a href="https://www.amazon.com/dp/B001BR97A0?tag=eloabder-20&linkCode=osi&th=1&psc=1"><img src="https://m.media-amazon.com/images/I/41ooiOilk5L._SL500_.jpg" alt="Product Image"></a><p>THAYERS Alcohol-Free, Hydrating Cucumber Witch Hazel Facial Toner with Aloe Vera Formula, Vegan, Dermatologist Tested and Recommended, 12 Oz</p><p>$10.53 ($0.88 / Fl Oz)</p><a href="https://www.amazon.com/dp/B001BR97A0?tag=eloabder-20&linkCode=osi&th=1&psc=1">View Product</a></div><div class="product"><a href="https://www.amazon.com/dp/B0CG1H8YRS?tag=eloabder-20&linkCode=osi&th=1&psc=1"><img src="https://m.media-amazon.com/images/I/31OZES5j9LL._SL500_.jpg" alt="Product Image"></a><p>TIRTIR Milk Skin Rice Toner | Deep Moisturizing, Instant Glow, 2% Niacinamide, Rice Bran Extract, Ceramide, Panthenol, Cruelty-Free, Fungal Acne Friendly, Vegan, 5.07 fl.oz.</p><p>$24.99 ($4.93 / Fl Oz)</p><a href="https://www.amazon.com/dp/B0CG1H8YRS?tag=eloabder-20&linkCode=osi&th=1&psc=1">View Product</a></div><div class="product"><a href="https://www.amazon.com/dp/B008EPPIQ4?tag=eloabder-20&linkCode=osi&th=1&psc=1"><img src="https://m.media-amazon.com/images/I/31-lQL0AkZL._SL500_.jpg" alt="Product Image"></a><p>Paula's Choice Skin Balancing Pore-Reducing Toner for Combination and Oily Skin, Minimizes Large Pores, 6.4 Fluid Ounce Bottle</p><p>$26.00 ($4.06 / Fl Oz)</p><a href="https://www.amazon.com/dp/B008EPPIQ4?tag=eloabder-20&linkCode=osi&th=1&psc=1">View Product</a></div><div class="product"><a href="https://www.amazon.com/dp/B0BNC5ZF3T?tag=eloabder-20&linkCode=osi&th=1&psc=1"><img src="https://m.media-amazon.com/images/I/31ZMbyd3gbL._SL500_.jpg" alt="Product Image"></a><p>Neutrogena Alcohol-Free Gentle Daily Fragrance-Free Face Toner to Tone & Refresh Skin, Toner Gently Removes Impurities & Reconditions Skin, Hypoallergenic, 8 fl. oz</p><p>$6.08 ($0.76 / Fl Oz)</p><a href="https://www.amazon.com/dp/B0BNC5ZF3T?tag=eloabder-20&linkCode=osi&th=1&psc=1">View Product</a></div><div class="product"><a href="https://www.amazon.com/dp/B00LO2RO7K?tag=eloabder-20&linkCode=osi&th=1&psc=1"><img src="https://m.media-amazon.com/images/I/31Wb52+KYzL._SL500_.jpg" alt="Product Image"></a><p>La Roche-Posay Effaclar Clarifying Solution Acne Toner with Salicylic Acid and Glycolic Acid, Pore Refining Oily Skin Toner, Gentle Exfoliant to Unclog Pores and Remove Dead Skin Cells</p><p>$16.99 ($2.51 / Fl Oz)</p><a href="https://www.amazon.com/dp/B00LO2RO7K?tag=eloabder-20&linkCode=osi&th=1&psc=1">View Product</a></div><div class="product"><a href="https://www.amazon.com/dp/B000GCQ04C?tag=eloabder-20&linkCode=osi&th=1&psc=1"><img src="https://m.media-amazon.com/images/I/31Jk+E96wIL._SL500_.jpg" alt="Product Image"></a><p>Dickinson's Original Witch Hazel Pore Perfecting Toner, 100% Natural, 16 Ounce Fragrance free</p><p>$4.94 ($0.31 / Fl Oz)</p><a href="https://www.amazon.com/dp/B000GCQ04C?tag=eloabder-20&linkCode=osi&th=1&psc=1">View Product</a></div><div class="product"><a href="https://www.amazon.com/dp/B073P6BPF5?tag=eloabder-20&linkCode=osi&th=1&psc=1"><img src="https://m.media-amazon.com/images/I/31hqlVDLizL._SL500_.jpg" alt="Product Image"></a><p>COSRX AHA/BHA Clarifying Treatment Toner, 5.07 fl.oz / 150ml | Exfoliating Facial Spray | Korean Skin Care, Hydrating, Mild Exfoliation, Vegan, Animal Testing Free, Paraben Free</p><p>$10.75 ($2.11 / Fl Oz)</p><a href="https://www.amazon.com/dp/B073P6BPF5?tag=eloabder-20&linkCode=osi&th=1&psc=1">View Product</a></div>
<div class="product"><a href="https://www.amazon.com/dp/B01N34XW93?tag=eloabder-20&linkCode=osi&th=1&psc=1"><img src="https://m.media-amazon.com/images/I/31OMOTCxlmL._SL500_.jpg" alt="Product Image"></a><p>La Roche-Posay Toleriane Purifying Foaming Facial Cleanser, Oil Free Face Wash for Oily Skin and for Sensitive Skin with Niacinamide, Pore Cleanser Won’t Dry Out Skin, Unscented</p><p>$17.99 ($1.33 / Fl Oz)</p><a href="https://www.amazon.com/dp/B01N34XW93?tag=eloabder-20&linkCode=osi&th=1&psc=1">View Product</a></div><div class="product"><a href="https://www.amazon.com/dp/B01MSSDEPK?tag=eloabder-20&linkCode=osi&th=1&psc=1"><img src="https://m.media-amazon.com/images/I/41YuSwjJUIL._SL500_.jpg" alt="Product Image"></a><p>CeraVe Hydrating Facial Cleanser | Moisturizing Face Wash For Dry Skin | Hyaluronic Acid + Ceramides + Glycerin | Hydrating Cleanser For Normal To Dry Skin | National Eczema Assosiation Certified</p><p>$15.48 ($0.97 / Fl Oz)</p><a href="https://www.amazon.com/dp/B01MSSDEPK?tag=eloabder-20&linkCode=osi&th=1&psc=1">View Product</a></div><div class="product"><a href="https://www.amazon.com/dp/B01N1LL62W?tag=eloabder-20&linkCode=osi&th=1&psc=1"><img src="https://m.media-amazon.com/images/I/41kwN8dWWzL._SL500_.jpg" alt="Product Image"></a><p>CeraVe Foaming Facial Cleanser | Daily Face Wash for Oily Skin with Hyaluronic Acid, Ceramides, and Niacinamide| Fragrance Free | 16 Fluid Ounce</p><p>$15.19 ($0.95 / Fl Oz)</p><a href="https://www.amazon.com/dp/B01N1LL62W?tag=eloabder-20&linkCode=osi&th=1&psc=1">View Product</a></div><div class="product"><a href="https://www.amazon.com/dp/B01N7T7JKJ?tag=eloabder-20&linkCode=osi&th=1&psc=1"><img src="https://m.media-amazon.com/images/I/31VXK3y1KYL._SL500_.jpg" alt="Product Image"></a><p>La Roche-Posay Toleriane Hydrating Gentle Face Cleanser, Daily Facial Cleanser with Niacinamide and Ceramides for Sensitive Skin, Moisturizing Face Wash for Normal to Dry Skin, Fragrance Free</p><p>$17.99 ($1.33 / Fl Oz)</p><a href="https://www.amazon.com/dp/B01N7T7JKJ?tag=eloabder-20&linkCode=osi&th=1&psc=1">View Product</a></div><div class="product"><a href="https://www.amazon.com/dp/B0719GRD5R?tag=eloabder-20&linkCode=osi&th=1&psc=1"><img src="https://m.media-amazon.com/images/I/41YE7bBHNCL._SL500_.jpg" alt="Product Image"></a><p>Clean & Clear Deep Action Exfoliating Cleanser with Pro-Vitamin B5, Gentle Exfoliating Daily Face Scrub Cleans Deep Down to the Pore for Soft, Smooth, Hydrated Skin, Oil Free Face Wash, 7 FL OZ</p><p>$5.32 ($0.76 / Fl Oz)</p><a href="https://www.amazon.com/dp/B0719GRD5R?tag=eloabder-20&linkCode=osi&th=1&psc=1">View Product</a></div><div class="product"><a href="https://www.amazon.com/dp/B08CQ9T6KN?tag=eloabder-20&linkCode=osi&th=1&psc=1"><img src="https://m.media-amazon.com/images/I/31IpigAgxZL._SL500_.jpg" alt="Product Image"></a><p>CeraVe SA Cleanser | Salicylic Acid Cleanser with Hyaluronic Acid, Niacinamide & Ceramides| BHA Exfoliant for Face | Fragrance Free Non-Comedogenic | 16 Ounce</p><p>$15.48 ($0.97 / Fl Oz)</p><a href="https://www.amazon.com/dp/B08CQ9T6KN?tag=eloabder-20&linkCode=osi&th=1&psc=1">View Product</a></div><div class="product"><a href="https://www.amazon.com/dp/B09Y4HHY1P?tag=eloabder-20&linkCode=osi&th=1&psc=1"><img src="https://m.media-amazon.com/images/I/41Crw80Q3yL._SL500_.jpg" alt="Product Image"></a><p>Cetaphil Face Wash, Daily Facial Cleanser for Sensitive, Combination to Oily Skin, NEW 16 oz, Fragrance Free, Gentle Foaming, Soap Free, Hypoallergenic (Packaging May Vary)</p><p>$11.97 ($0.75 / Fl Oz)</p><a href="https://www.amazon.com/dp/B09Y4HHY1P?tag=eloabder-20&linkCode=osi&th=1&psc=1">View Product</a></div><div class="product"><a href="https://www.amazon.com/dp/B099MSZX25?tag=eloabder-20&linkCode=osi&th=1&psc=1"><img src="https://m.media-amazon.com/images/I/41VHDzUYE6L._SL500_.jpg" alt="Product Image"></a><p>Cetaphil Face Wash, Daily Facial Cleanser for Sensitive, Combination to Oily Skin, Mother's Day Gifts, NEW 20 oz, Gentle Foaming, Soap Free, Hypoallergenic</p><p>$13.97 ($0.70 / Fl Oz)</p><a href="https://www.amazon.com/dp/B099MSZX25?tag=eloabder-20&linkCode=osi&th=1&psc=1">View Product</a></div><div class="product"><a href="https://www.amazon.com/dp/B00LO1DNXU?tag=eloabder-20&linkCode=osi&th=1&psc=1"><img src="https://m.media-amazon.com/images/I/31blEnDdwIL._SL500_.jpg" alt="Product Image"></a><p>La Roche-Posay Effaclar Medicated Gel Cleanser | 2% Salicylic Acid Cleanser + LHA + Glycerin | Foaming Acne Face Wash | Helps Clear & Prevent Acne Breakouts | Oil Free Acne Wash | Targets Excess Oil</p><p>$16.99 ($2.51 / Fl Oz)</p><a href="https://www.amazon.com/dp/B00LO1DNXU?tag=eloabder-20&linkCode=osi&th=1&psc=1">View Product</a></div><div class="product"><a href="https://www.amazon.com/dp/B00FFJ4W0U?tag=eloabder-20&linkCode=osi&th=1&psc=1"><img src="https://m.media-amazon.com/images/I/31NIZChUu9L._SL500_.jpg" alt="Product Image"></a><p>Clean & Clear Morning Burst Hydrating Facial Cleanser with BHA, Cucumber and Aloe Extracts, Oil-Free Face Wash Gently Removes Oil and Pore Clogging Impurities, 8 FL OZ</p><p>$4.97 ($0.62 / Fl Oz)</p><a href="https://www.amazon.com/dp/B00FFJ4W0U?tag=eloabder-20&linkCode=osi&th=1&psc=1">View Product</a></div>
<div class="product"><a href="https://www.amazon.com/dp/B00QY1XZ4W?tag=eloabder-20&linkCode=osi&th=1&psc=1"><img src="https://m.media-amazon.com/images/I/319pG+OQZxL._SL500_.jpg" alt="Product Image"></a><p>Vanicream Gentle Facial Cleanser with Pump Dispenser - 8 fl oz - Formulated Without Common Irritants for Those with Sensitive Skin</p><p>$8.86 ($1.11 / Fl Oz)</p><a href="https://www.amazon.com/dp/B00QY1XZ4W?tag=eloabder-20&linkCode=osi&th=1&psc=1">View Product</a></div><div class="product"><a href="https://www.amazon.com/dp/B00UT47WZ8?tag=eloabder-20&linkCode=osi&th=1&psc=1"><img src="https://m.media-amazon.com/images/I/31LuYFIOBXL._SL500_.jpg" alt="Product Image"></a><p>Neutrogena Deep Clean Daily Facial Cleanser with Beta Hydroxy Acid for Normal to Oily Skin, Alcohol-Free, Oil-Free & Non-Comedogenic, 6.7 fl. oz</p><p>$6.49 ($0.97 / Fl Oz)</p><a href="https://www.amazon.com/dp/B00UT47WZ8?tag=eloabder-20&linkCode=osi&th=1&psc=1">View Product</a></div><div class="product"><a href="https://www.amazon.com/dp/B0BVV8BNYJ?tag=eloabder-20&linkCode=osi&th=1&psc=1"><img src="https://m.media-amazon.com/images/I/31tSZvBReoL._SL500_.jpg" alt="Product Image"></a><p>ANUA Heartleaf Quercetinol Pore Deep Cleansing Foam, Facial Cleanser, for Double Cleansing, BHA, Hyaluronic Acid, Glycerin, Face Wash, Blackhead Remover, Korean Skincare (150ml/5.07 fl.oz.)</p><p>$13.00 ($2.56 / Fl Oz)</p><a href="https://www.amazon.com/dp/B0BVV8BNYJ?tag=eloabder-20&linkCode=osi&th=1&psc=1">View Product</a></div><div class="product"><a href="https://www.amazon.com/dp/B004HLSZYQ?tag=eloabder-20&linkCode=osi&th=1&psc=1"><img src="https://m.media-amazon.com/images/I/31KXj2UGrOL._SL500_.jpg" alt="Product Image"></a><p>EltaMD Foaming Facial Cleanser, Gentle Foaming Face Wash and Makeup Remover, Oil Free Face Wash, 7 oz Pump</p><p>$35.00 ($5.00 / Fl Oz)</p><a href="https://www.amazon.com/dp/B004HLSZYQ?tag=eloabder-20&linkCode=osi&th=1&psc=1">View Product</a></div>
<div class="product"><a href="https://www.amazon.com/dp/B07C5SS6YD?tag=eloabder-20&linkCode=osi&th=1&psc=1"><img src="https://m.media-amazon.com/images/I/31tzIszvgAL._SL500_.jpg" alt="Product Image"></a><p>Paula's Choice Skin Perfecting 2% BHA Liquid Salicylic Acid Exfoliant, Gentle Facial Exfoliator for Blackheads, Large Pores, Wrinkles & Fine Lines, Travel Size, 1 Fluid Ounce</p><p>$14.00</p><a href="https://www.amazon.com/dp/B07C5SS6YD?tag=eloabder-20&linkCode=osi&th=1&psc=1">View Product</a></div><div class="product"><a href="https://www.amazon.com/dp/B07VW3YSWH?tag=eloabder-20&linkCode=osi&th=1&psc=1"><img src="https://m.media-amazon.com/images/I/410j9ZFktHL._SL500_.jpg" alt="Product Image"></a><p>Tree Hut Vitamin C Shea Sugar Scrub, 18 oz, Ultra Hydrating and Exfoliating Scrub for Nourishing Essential Body Care</p><p>$8.94 ($0.50 / Ounce)</p><a href="https://www.amazon.com/dp/B07VW3YSWH?tag=eloabder-20&linkCode=osi&th=1&psc=1">View Product</a></div><div class="product"><a href="https://www.amazon.com/dp/B08YN28CS4?tag=eloabder-20&linkCode=osi&th=1&psc=1"><img src="https://m.media-amazon.com/images/I/41WIWNeKrxL._SL500_.jpg" alt="Product Image"></a><p>Seraphic Skincare (Original) Premium Exfoliating Mitt for Body (1pc) – 100% Vegan Viscose Traditional Body Scrub Glove Kessa Korean Washcloth – Body Exfoliator for Self-Tan Removal & Keratosis Pilaris</p><p>$8.99 ($8.99 / Count)</p><a href="https://www.amazon.com/dp/B08YN28CS4?tag=eloabder-20&linkCode=osi&th=1&psc=1">View Product</a></div><div class="product"><a href="https://www.amazon.com/dp/B001VMJSCW?tag=eloabder-20&linkCode=osi&th=1&psc=1"><img src="https://m.media-amazon.com/images/I/31N7x4-aJAL._SL500_.jpg" alt="Product Image"></a><p>Dermalogica Daily Microfoliant, Face Exfoliator Scrub Powder with Salicylic Acid and Papaya Enzyme, Achieve Brighter, Smoother Skin Daily, 0.45 Oz</p><p>$19.00 ($42.22 / Ounce)</p><a href="https://www.amazon.com/dp/B001VMJSCW?tag=eloabder-20&linkCode=osi&th=1&psc=1">View Product</a></div><div class="product"><a href="https://www.amazon.com/dp/B076KYPY23?tag=eloabder-20&linkCode=osi&th=1&psc=1"><img src="https://m.media-amazon.com/images/I/31F7Ozgy+WL._SL500_.jpg" alt="Product Image"></a><p>DRMTLGY Microdermabrasion Facial Scrub and Face Mask. Non-Abrasive Face Exfoliator Improves Acne Scars, Blackheads, Pore Size, and Skin Texture. 2 oz</p><p>$20.00 ($10.00 / Ounce)</p><a href="https://www.amazon.com/dp/B076KYPY23?tag=eloabder-20&linkCode=osi&th=1&psc=1">View Product</a></div><div class="product"><a href="https://www.amazon.com/dp/B018H32LHQ?tag=eloabder-20&linkCode=osi&th=1&psc=1"><img src="https://m.media-amazon.com/images/I/41NfDFms3KL._SL500_.jpg" alt="Product Image"></a><p>Era Organics Microdermabrasion Facial Scrub & Face Exfoliator - Spa Quality Exfoliating Mask with Manuka Honey Walnut Moisturizing Exfoliant for Dry Skin, Blackheads Wrinkles (2 oz)</p><p>$16.99 ($8.50 / Ounce)</p><a href="https://www.amazon.com/dp/B018H32LHQ?tag=eloabder-20&linkCode=osi&th=1&psc=1">View Product</a></div><div class="product"><a href="https://www.amazon.com/dp/B0BNWXFH3P?tag=eloabder-20&linkCode=osi&th=1&psc=1"><img src="https://m.media-amazon.com/images/I/51HkdST1FCL._SL500_.jpg" alt="Product Image"></a><p>Dermasuri Deep Exfoliating Glove for Shower - Exfoliating Mitt Body Scrubber - Skin Exfoliator & Dead Skin Remover - Keratosis Pilaris Scrub - Spray Tan Remover - Korean Skincare for Body (2 Pack)</p><p>$19.99 ($10.00 / Count)</p><a href="https://www.amazon.com/dp/B0BNWXFH3P?tag=eloabder-20&linkCode=osi&th=1&psc=1">View Product</a></div><div class="product"><a href="https://www.amazon.com/dp/B09Q88TVGJ?tag=eloabder-20&linkCode=osi&th=1&psc=1"><img src="https://m.media-amazon.com/images/I/31jQFJt0t7L._SL500_.jpg" alt="Product Image"></a><p>tingl Face and Body Exfoliator Pads - Anti Aging Acne Treatment with Glycolic Acid, Lactic Acid, and Salicylic Acid - Pore Minimizer, Oil Cleanser, Blackhead Remover and Skin Exfoliator in One</p><p>$38.00 ($38.00 / Count)</p><a href="https://www.amazon.com/dp/B09Q88TVGJ?tag=eloabder-20&linkCode=osi&th=1&psc=1">View Product</a></div><div class="product"><a href="https://www.amazon.com/dp/B08T4FLJQZ?tag=eloabder-20&linkCode=osi&th=1&psc=1"><img src="https://m.media-amazon.com/images/I/317LIpGPZiL._SL500_.jpg" alt="Product Image"></a><p>Dove Scrub Brown Sugar & Coconut Butter For Silky Smooth Skin Body Scrub Exfoliates & Restores Skin's Natural Nutrients 10.5 oz</p><p>$6.97 ($0.66 / Ounce)</p><a href="https://www.amazon.com/dp/B08T4FLJQZ?tag=eloabder-20&linkCode=osi&th=1&psc=1">View Product</a></div>
<div class="product"><a href="https://www.amazon.com/dp/B07XG6BKCV?tag=eloabder-20&linkCode=osi&th=1&psc=1"><img src="https://m.media-amazon.com/images/I/31gg8aKaOeL._SL500_.jpg" alt="Product Image"></a><p>First Aid Beauty KP Bump Eraser Body Scrub Exfoliant for Keratosis Pilaris with 10% AHA – 8 oz</p><p>$30.00 ($3.75 / Ounce)</p><a href="https://www.amazon.com/dp/B07XG6BKCV?tag=eloabder-20&linkCode=osi&th=1&psc=1">View Product</a></div><div class="product"><a href="https://www.amazon.com/dp/B08Y5X8GJ9?tag=eloabder-20&linkCode=osi&th=1&psc=1"><img src="https://m.media-amazon.com/images/I/51MmIF4H+2L._SL500_.jpg" alt="Product Image"></a><p>Tree Hut Watermelon Shea Sugar Exfoliating & Hydrating Body Scrub, 18oz</p><p>$8.49 ($0.47 / Ounce)</p><a href="https://www.amazon.com/dp/B08Y5X8GJ9?tag=eloabder-20&linkCode=osi&th=1&psc=1">View Product</a></div><div class="product"><a href="https://www.amazon.com/dp/B003Z4OD24?tag=eloabder-20&linkCode=osi&th=1&psc=1"><img src="https://m.media-amazon.com/images/I/31C3rfE0XfL._SL500_.jpg" alt="Product Image"></a><p>Acure Brightening Facial Scrub for a Youthful, Brighter, Radiant Complexion | With Sea Kelp & French Green Clay, 4 Fl Oz</p><p>$11.83 ($2.96 / Fl Oz)</p><a href="https://www.amazon.com/dp/B003Z4OD24?tag=eloabder-20&linkCode=osi&th=1&psc=1">View Product</a></div><div class="product"><a href="https://www.amazon.com/dp/B07TH9YNL7?tag=eloabder-20&linkCode=osi&th=1&psc=1"><img src="https://m.media-amazon.com/images/I/4152M3OTu9L._SL500_.jpg" alt="Product Image"></a><p>Brooklyn Botany Dead Sea Salt and Coconut Milk Body Scrub - Moisturizing and Exfoliating Body, Face, Hand, Foot Scrub - Fights Stretch Marks, Fine Lines, Wrinkles - Great Gifts for Women & Men - 10 oz</p><p>$8.99 ($0.86 / Ounce)</p><a href="https://www.amazon.com/dp/B07TH9YNL7?tag=eloabder-20&linkCode=osi&th=1&psc=1">View Product</a></div><div class="product"><a href="https://www.amazon.com/dp/B07Q9C3YTQ?tag=eloabder-20&linkCode=osi&th=1&psc=1"><img src="https://m.media-amazon.com/images/I/31L0XCMqHoL._SL500_.jpg" alt="Product Image"></a><p>SheaMoisture Body Scrub for Dull Skin Illuminating Coconut and Hibiscus Cruelty-Free Skin Care 12 oz</p><p>$8.94 ($0.74 / Ounce)</p><a href="https://www.amazon.com/dp/B07Q9C3YTQ?tag=eloabder-20&linkCode=osi&th=1&psc=1">View Product</a></div><div class="product"><a href="https://www.amazon.com/dp/B09X6CVS53?tag=eloabder-20&linkCode=osi&th=1&psc=1"><img src="https://m.media-amazon.com/images/I/51a7ibTDAQL._SL500_.jpg" alt="Product Image"></a><p>Exfoliating Body Scrub Turmeric Body Scrub and Skin Exfoliator with Collagen and Coconut Oil Gently Exfoliate Face Body Hand and Foot Scrub Moisturizing Body SkinCare products by M3 Naturals</p><p>$25.81 ($2.15 / Ounce)</p><a href="https://www.amazon.com/dp/B09X6CVS53?tag=eloabder-20&linkCode=osi&th=1&psc=1">View Product</a></div><div class="product"><a href="https://www.amazon.com/dp/B08TM4QBDT?tag=eloabder-20&linkCode=osi&th=1&psc=1"><img src="https://m.media-amazon.com/images/I/51ToKkQ3fMS._SL500_.jpg" alt="Product Image"></a><p>First Botany, Himalayan Salt Body Scrub with Collagen & Stem Cells, Natural Exfoliating Salt Scrub Body & Face Souffle helps with Moisturizing Skin, Acne, Cellulite, Dead Skin Scars, Wrinkles, 11 oz</p><p>$13.89 ($1.26 / Ounce)</p><a href="https://www.amazon.com/dp/B08TM4QBDT?tag=eloabder-20&linkCode=osi&th=1&psc=1">View Product</a></div>
<div class="product"><a href="https://www.amazon.com/dp/B0B2RM68G2?tag=eloabder-20&linkCode=osi&th=1&psc=1"><img src="https://m.media-amazon.com/images/I/41VafG53fjL._SL500_.jpg" alt="Product Image"></a><p>BIODANCE Bio-Collagen Real Deep Mask, Hydrating Overnight Hydrogel Mask, Pore Minimizing, Elasticity Improvement, 34g x4ea</p><p>$19.00 ($4.75 / Count)</p><a href="https://www.amazon.com/dp/B0B2RM68G2?tag=eloabder-20&linkCode=osi&th=1&psc=1">View Product</a></div><div class="product"><a href="https://www.amazon.com/dp/B0722LVW3B?tag=eloabder-20&linkCode=osi&th=1&psc=1"><img src="https://m.media-amazon.com/images/I/51Vm0lozSIL._SL500_.jpg" alt="Product Image"></a><p>DERMAL 24 Combo Pack A Collagen Essence Korean Face Mask - Hydrating & Soothing Facial Mask with Panthenol - Hypoallergenic Self Care Sheet Mask for All Skin Types - Natural Home Spa Treatment Mask</p><p>$16.99 ($0.71 / Count)</p><a href="https://www.amazon.com/dp/B0722LVW3B?tag=eloabder-20&linkCode=osi&th=1&psc=1">View Product</a></div><div class="product"><a href="https://www.amazon.com/dp/B08YRD11VS?tag=eloabder-20&linkCode=osi&th=1&psc=1"><img src="https://m.media-amazon.com/images/I/41QL8zBoz0S._SL500_.jpg" alt="Product Image"></a><p>Vitamin C Face Mask with Kaolin Clay and Turmeric for Dark Spots, Dull Skin, Skincare Facial Mask for Controlling Oil and Refining Pores 5.29 Oz</p><p>$14.99 ($2.83 / Ounce)</p><a href="https://www.amazon.com/dp/B08YRD11VS?tag=eloabder-20&linkCode=osi&th=1&psc=1">View Product</a></div><div class="product"><a href="https://www.amazon.com/dp/B06VV8FBDQ?tag=eloabder-20&linkCode=osi&th=1&psc=1"><img src="https://m.media-amazon.com/images/I/41GEI9zFceL._SL500_.jpg" alt="Product Image"></a><p>LA PURE Korean Face Mask - 10ct Snail Mucin Hydrating Face Masks Anti Wrinkle Anti Aging Deep Moisturizing Natural Snail Mucin Mask Sheet Mask Paraben Free Facial Skin Care Products Korean Skin Care</p><p>$24.95 ($2.50 / Count)</p><a href="https://www.amazon.com/dp/B06VV8FBDQ?tag=eloabder-20&linkCode=osi&th=1&psc=1">View Product</a></div><div class="product"><a href="https://www.amazon.com/dp/B09XWVH7XX?tag=eloabder-20&linkCode=osi&th=1&psc=1"><img src="https://m.media-amazon.com/images/I/413x5TISr1L._SL500_.jpg" alt="Product Image"></a><p>Mediheal Best Korean Watermide Essential Face Mask - 10 Hydrating and Moisturizing Sheet Masks With Water 3x Complex For All Skin Types</p><p>$19.90 ($1.99 / Count)</p><a href="https://www.amazon.com/dp/B09XWVH7XX?tag=eloabder-20&linkCode=osi&th=1&psc=1">View Product</a></div><div class="product"><a href="https://www.amazon.com/dp/B07K6V8P2R?tag=eloabder-20&linkCode=osi&th=1&psc=1"><img src="https://m.media-amazon.com/images/I/41FtxFr0Z-L._SL500_.jpg" alt="Product Image"></a><p>Ebanel 15 Pack Collagen Peptide Hydrating Face Masks, Instant Brightening Firming Anti Aging Face Sheet Masks, Moisturizing Spa Face Masks Skincare with Hyaluronic Acid, Vitamin C, Chamomile, Aloe</p><p>$18.99 ($1.81 / Ounce)</p><a href="https://www.amazon.com/dp/B07K6V8P2R?tag=eloabder-20&linkCode=osi&th=1&psc=1">View Product</a></div><div class="product"><a href="https://www.amazon.com/dp/B0CYGT3CR4?tag=eloabder-20&linkCode=osi&th=1&psc=1"><img src="https://m.media-amazon.com/images/I/51LbfzrqiUL._SL500_.jpg" alt="Product Image"></a><p>KONEUK 14 Pack Sheet Face Masks Skincare for All Skin Types, Hydrating Face Masks Suitable for Sensitive Skin, Bulk Facial Mask Set for Women Skin Care, Face Mask Gifts Set for Face Spa</p><p>$8.99 ($0.64 / Count)</p><a href="https://www.amazon.com/dp/B0CYGT3CR4?tag=eloabder-20&linkCode=osi&th=1&psc=1">View Product</a></div><div class="product"><a href="https://www.amazon.com/dp/B07L8XY5B7?tag=eloabder-20&linkCode=osi&th=1&psc=1"><img src="https://m.media-amazon.com/images/I/41v5eqhBSIL._SL500_.jpg" alt="Product Image"></a><p>BRO MASK: Korean Face Mask for Men | 2 Pc. Hydrating Anti Aging Sheet Masks Contains Vitamin C, Vitamin E, Hyaluronic Acid, Hydrolyzed Collagen for Face Care & Acne Treatment by Jaxon Lane (4 Pack)</p><p>$28.00 ($7.00 / Count)</p><a href="https://www.amazon.com/dp/B07L8XY5B7?tag=eloabder-20&linkCode=osi&th=1&psc=1">View Product</a></div><div class="product"><a href="https://www.amazon.com/dp/B01KSIO76G?tag=eloabder-20&linkCode=osi&th=1&psc=1"><img src="https://m.media-amazon.com/images/I/21n0DJ3XOiL._SL500_.jpg" alt="Product Image"></a><p>Kiehl's Rare Earth Deep Pore Cleansing Mask, Pore-Minimizing Face Mask for Clogged Pores, Detoxifies & Refines Skin, Absorbs Excess Oil, with Amazonian White Clay & Aloe Vera - 0.95 fl oz</p><p>$26.00 ($27.37 / Ounce)</p><a href="https://www.amazon.com/dp/B01KSIO76G?tag=eloabder-20&linkCode=osi&th=1&psc=1">View Product</a></div>
<div class="product"><a href="https://www.amazon.com/dp/B08JSL9W6K?tag=eloabder-20&linkCode=osi&th=1&psc=1"><img src="https://m.media-amazon.com/images/I/410lOOpCRwL._SL500_.jpg" alt="Product Image"></a><p>COSRX Snail Mucin Sheet Mask 10 EA, Snail Essence Leave-on Face Masks for Dry, Sensitive Skin, Snail Secretion Filtrate, Not Tested on Animals, No Parabens, No Sulfates, Korean Skincare</p><p>$18.75 ($1.88 / Count)</p><a href="https://www.amazon.com/dp/B08JSL9W6K?tag=eloabder-20&linkCode=osi&th=1&psc=1">View Product</a></div><div class="product"><a href="https://www.amazon.com/dp/B07FPJHPX1?tag=eloabder-20&linkCode=osi&th=1&psc=1"><img src="https://m.media-amazon.com/images/I/51uNOnTpxTL._SL500_.jpg" alt="Product Image"></a><p>Celavi Essence Facial Sheet Face Mask Variety Set Classic Authentic Korean Moisturizing Skincare (12-Packs)</p><p>$9.40 ($0.78 / Count)</p><a href="https://www.amazon.com/dp/B07FPJHPX1?tag=eloabder-20&linkCode=osi&th=1&psc=1">View Product</a></div><div class="product"><a href="https://www.amazon.com/dp/B083X5R6VR?tag=eloabder-20&linkCode=osi&th=1&psc=1"><img src="https://m.media-amazon.com/images/I/31NleokJYmL._SL500_.jpg" alt="Product Image"></a><p>VT COSMETICS Daily Soothing Mask 30ea, Facial Sheet Mask for Moist & Hydrating, 30 Day Supply, Cica Face Mask</p><p>$18.50 ($0.62 / Count)</p><a href="https://www.amazon.com/dp/B083X5R6VR?tag=eloabder-20&linkCode=osi&th=1&psc=1">View Product</a></div><div class="product"><a href="https://www.amazon.com/dp/B0B57TX64F?tag=eloabder-20&linkCode=osi&th=1&psc=1"><img src="https://m.media-amazon.com/images/I/41+ywvmpRoL._SL500_.jpg" alt="Product Image"></a><p>Mediheal Best Korean Sheet Mask - Watermide Essential Face Mask 4 Sheets For All Skin Types Korean Best Sheet Mask Hydrating Moisturizing with Water 3x Complex</p><p>$7.90 ($1.98 / Count)</p><a href="https://www.amazon.com/dp/B0B57TX64F?tag=eloabder-20&linkCode=osi&th=1&psc=1">View Product</a></div><div class="product"><a href="https://www.amazon.com/dp/B0BPLLXT7Y?tag=eloabder-20&linkCode=osi&th=1&psc=1"><img src="https://m.media-amazon.com/images/I/41vG52wcgaL._SL500_.jpg" alt="Product Image"></a><p>NEXTBEAU [PACK OF 10] Solution Sheet Mask Pack 5types x 2pc Aloe, Niacinamide, Collagen, Hemp seed, Hyaluronic Acid</p><p>$8.99 ($0.90 / Count)</p><a href="https://www.amazon.com/dp/B0BPLLXT7Y?tag=eloabder-20&linkCode=osi&th=1&psc=1">View Product</a></div><div class="product"><a href="https://www.amazon.com/dp/B00BAM7F8C?tag=eloabder-20&linkCode=osi&th=1&psc=1"><img src="https://m.media-amazon.com/images/I/51jsS9SDHeL._SL500_.jpg" alt="Product Image"></a><p>DERMAL 16 Combo Pack A Collagen Essencce Korean Face Mask - Hydrating & Soothing Facial Mask with Panthenol - Hypoallergenic Self Care Sheet Mask for All Skin Types - Natural Home Spa Treatment Masks</p><p>$11.99</p><a href="https://www.amazon.com/dp/B00BAM7F8C?tag=eloabder-20&linkCode=osi&th=1&psc=1">View Product</a></div><div class="product"><a href="https://www.amazon.com/dp/B076H45H68?tag=eloabder-20&linkCode=osi&th=1&psc=1"><img src="https://m.media-amazon.com/images/I/41JP+9JeO5L._SL500_.jpg" alt="Product Image"></a><p>Neutrogena Hydro Boost Moisturizing & Hydrating 100% Hydrogel Sheet Face Mask for Dry Skin with Hyaluronic Acid, Gentle & Non-Comedogenic, 1 Ounce (Pack of 12)</p><p>$34.44 ($2.87 / Ounce)</p><a href="https://www.amazon.com/dp/B076H45H68?tag=eloabder-20&linkCode=osi&th=1&psc=1">View Product</a></div><div class="product"><a href="https://www.amazon.com/dp/B078YB11V4?tag=eloabder-20&linkCode=osi&th=1&psc=1"><img src="https://m.media-amazon.com/images/I/51shUi8PVmL._SL500_.jpg" alt="Product Image"></a><p>TONYMOLY I'm Real Radiance Sheet Mask 5 Count, Hydrates and Moisturizes Face</p><p>$12.00 ($2.40 / Count)</p><a href="https://www.amazon.com/dp/B078YB11V4?tag=eloabder-20&linkCode=osi&th=1&psc=1">View Product</a></div>
<div class="product"><a href="https://www.amazon.com/dp/B081FK6L1G?tag=eloabder-20&linkCode=osi&th=1&psc=1"><img src="https://m.media-amazon.com/images/I/51gWAvQb9aL._SL500_.jpg" alt="Product Image"></a><p>Aztec Secret– Indian Healing Clay 1 lb – Deep Pore Cleansing Facial & Body Mask – The Original 100% Natural Calcium Bentonite Clay – New Version 2</p><p>$14.95 ($0.93 / Ounce)</p><a href="https://www.amazon.com/dp/B081FK6L1G?tag=eloabder-20&linkCode=osi&th=1&psc=1">View Product</a></div><div class="product"><a href="https://www.amazon.com/dp/B0CQZ3W88P?tag=eloabder-20&linkCode=osi&th=1&psc=1"><img src="https://m.media-amazon.com/images/I/41I90W9bHuL._SL500_.jpg" alt="Product Image"></a><p>innisfree Super Volcanic Pore Clay Mask, Korean Pore Clearing Clay Mask with Volcanic Clusters and AHA</p><p>$16.00 ($4.73 / Ounce)</p><a href="https://www.amazon.com/dp/B0CQZ3W88P?tag=eloabder-20&linkCode=osi&th=1&psc=1">View Product</a></div><div class="product"><a href="https://www.amazon.com/dp/B07SDQDMZ4?tag=eloabder-20&linkCode=osi&th=1&psc=1"><img src="https://m.media-amazon.com/images/I/41vC+ro0S-L._SL500_.jpg" alt="Product Image"></a><p>Cetaphil Clay Mask Pro, Dermacontrol Purifying Clay Exfoliating Face Mask For Nourishment with Bentonite Clay for Blackheads and Pores, Designed for Oily, Sensitive Skin, 3 oz</p><p>$15.99 ($5.33 / Ounce)</p><a href="https://www.amazon.com/dp/B07SDQDMZ4?tag=eloabder-20&linkCode=osi&th=1&psc=1">View Product</a></div><div class="product"><a href="https://www.amazon.com/dp/B0CHN72MCJ?tag=eloabder-20&linkCode=osi&th=1&psc=1"><img src="https://m.media-amazon.com/images/I/41OPjUXZYlL._SL500_.jpg" alt="Product Image"></a><p>Aztec Secret Essential Indian Clay Mask Kit by Etana – 100% Natural Calcium Bentonite for Deep Pore Cleansing - Facial, Hair & Body Detox Set Wtih Accessories</p><p>$21.95 ($1.37 / Ounce)</p><a href="https://www.amazon.com/dp/B0CHN72MCJ?tag=eloabder-20&linkCode=osi&th=1&psc=1">View Product</a></div><div class="product"><a href="https://www.amazon.com/dp/B0CPDBW579?tag=eloabder-20&linkCode=osi&th=1&psc=1"><img src="https://m.media-amazon.com/images/I/31tDriIWYmL._SL500_.jpg" alt="Product Image"></a><p>FULLY Green Tomato Clay Mask Cleanser, Pore Purifying with 49% Green Tomato Extract, Sebum & Clogged Pore Care, Exfoliation, Fragrance-Free, Vegan & Dermatologically Tested, 4.05 fl.oz</p><p>$20.00 ($4.94 / Fl Oz)</p><a href="https://www.amazon.com/dp/B0CPDBW579?tag=eloabder-20&linkCode=osi&th=1&psc=1">View Product</a></div><div class="product"><a href="https://www.amazon.com/dp/B007CY2C76?tag=eloabder-20&linkCode=osi&th=1&psc=1"><img src="https://m.media-amazon.com/images/I/31-131ZWvEL._SL500_.jpg" alt="Product Image"></a><p>Freeman Dead Sea Minerals Anti-Stress Clay Facial Mask, Hydrating & Clarifying, Clears Pores, Face Mask With Lavender & Bergamot For Radiant Skin, For All Skin Types, 6 fl. oz./175 mL Tube, 1 Count</p><p>$3.86 ($0.64 / Ounce)</p><a href="https://www.amazon.com/dp/B007CY2C76?tag=eloabder-20&linkCode=osi&th=1&psc=1">View Product</a></div><div class="product"><a href="https://www.amazon.com/dp/B08HCVWG7B?tag=eloabder-20&linkCode=osi&th=1&psc=1"><img src="https://m.media-amazon.com/images/I/51nz+uBxoSL._SL500_.jpg" alt="Product Image"></a><p>Gleamin Vitamin C Clay Mask - 10-Minutes for Dark Spots, Turmeric Face Mask Skin Care, Deep Cleansing Pores - Facial Improves Uneven Tone, Post-Blemish, Visibly Brighten, Scarring and Texture - 2.5 Oz</p><p>$41.00 ($16.40 / Ounce)</p><a href="https://www.amazon.com/dp/B08HCVWG7B?tag=eloabder-20&linkCode=osi&th=1&psc=1">View Product</a></div>
<div class="product"><a href="https://www.amazon.com/dp/B000ZEA6WS?tag=eloabder-20&linkCode=osi&th=1&psc=1"><img src="https://m.media-amazon.com/images/I/31rFp2ip1IL._SL500_.jpg" alt="Product Image"></a><p>Freeman Renewing Cucumber Peel-Off Gel Facial Mask, Face Mask Refreshes Skin, Aloe Soothes & Moisturizes, Get Rejuvenated Skin, For Normal & Combination Skin, 6 fl. oz./175 mL Tube, 1 Count</p><p>$3.86 ($0.64 / Fl Oz)</p><a href="https://www.amazon.com/dp/B000ZEA6WS?tag=eloabder-20&linkCode=osi&th=1&psc=1">View Product</a></div><div class="product"><a href="https://www.amazon.com/dp/B08RYC42CZ?tag=eloabder-20&linkCode=osi&th=1&psc=1"><img src="https://m.media-amazon.com/images/I/31ApUlGl6zL._SL500_.jpg" alt="Product Image"></a><p>Aprilskin Calendula Peel Off Pore Minimizing Facial Mask | Vegan | Blackhead Remover, Exfoliating, Deep Cleansing | PHA BHA | Korean Skin Care | K Beauty | 3.52 oz</p><p>$16.90 ($4.80 / Fl Oz)</p><a href="https://www.amazon.com/dp/B08RYC42CZ?tag=eloabder-20&linkCode=osi&th=1&psc=1">View Product</a></div><div class="product"><a href="https://www.amazon.com/dp/B07DLDKCS1?tag=eloabder-20&linkCode=osi&th=1&psc=1"><img src="https://m.media-amazon.com/images/I/41Mx5AMIGyL._SL500_.jpg" alt="Product Image"></a><p>AZURE 24K Gold Firming Peel Off Face Mask- Anti Aging, Lifting, Illuminating & Revitalizing - Removes Blackheads, Dirt & Oils - With Hyaluronic Acid and Collagen - Skin Care Made in Korea - 150mL</p><p>$9.99 ($1.96 / Fl Oz)</p><a href="https://www.amazon.com/dp/B07DLDKCS1?tag=eloabder-20&linkCode=osi&th=1&psc=1">View Product</a></div><div class="product"><a href="https://www.amazon.com/dp/B07R16LBDL?tag=eloabder-20&linkCode=osi&th=1&psc=1"><img src="https://m.media-amazon.com/images/I/41yu6tuykaL._SL500_.jpg" alt="Product Image"></a><p>SUNATORIA Blackhead Remover Mask - Activated Charcoal Peel Off Face Mask - for All Skin Types - Deep Pore Cleaner Nose Blackhead Remover Pore Release - Black Head Remover for Face</p><p>$9.95 ($4.88 / Fl Oz)</p><a href="https://www.amazon.com/dp/B07R16LBDL?tag=eloabder-20&linkCode=osi&th=1&psc=1">View Product</a></div><div class="product"><a href="https://www.amazon.com/dp/B071KRTXX8?tag=eloabder-20&linkCode=osi&th=1&psc=1"><img src="https://m.media-amazon.com/images/I/51GSgsJO94L._SL500_.jpg" alt="Product Image"></a><p>SHILLS Charcoal Face Mask, Peel Off Mask, Charcoal Mask, Peel Off Mask, Deep Cleansing, Purifying, Activated Charcoal Mask with Brush</p><p>$9.94</p><a href="https://www.amazon.com/dp/B071KRTXX8?tag=eloabder-20&linkCode=osi&th=1&psc=1">View Product</a></div><div class="product"><a href="https://www.amazon.com/dp/B00E5NALCK?tag=eloabder-20&linkCode=osi&th=1&psc=1"><img src="https://m.media-amazon.com/images/I/31Is3s5+U7L._SL500_.jpg" alt="Product Image"></a><p>Freeman Cleansing Pomegranate Peel-Off Gel Facial Mask, Shrinks Pores, Purifies Skin, Made With 8 Different Antioxidants, Protects Skin, Cruelty-Free Skincare, 6 fl. oz./175 mL Tubes, 1 Count</p><p>$4.29 ($0.72 / Fl Oz)</p><a href="https://www.amazon.com/dp/B00E5NALCK?tag=eloabder-20&linkCode=osi&th=1&psc=1">View Product</a></div><div class="product"><a href="https://www.amazon.com/dp/B0CRTPJ5N3?tag=eloabder-20&linkCode=osi&th=1&psc=1"><img src="https://m.media-amazon.com/images/I/51zTZyHPVWL._SL500_.jpg" alt="Product Image"></a><p>Rednow Gold Foil Peel-Off Mask,Gold Peel Off Face Mask Anti-Wrinkle,98.4% Golden Peel Off Mask,Anti-Aging Gold Face Mask for Moisturizing,Removes Blackheads,Reduces Fine Lines,Cleans Pores(2PCS)</p><p>$14.99 ($7.50 / Fl Oz)</p><a href="https://www.amazon.com/dp/B0CRTPJ5N3?tag=eloabder-20&linkCode=osi&th=1&psc=1">View Product</a></div>
<div class="product"><a href="https://www.amazon.com/dp/B01NCM25K7?tag=eloabder-20&linkCode=osi&th=1&psc=1"><img src="https://m.media-amazon.com/images/I/416P4kSw1VL._SL500_.jpg" alt="Product Image"></a><p>New York Biology Dead Sea Mud Mask for Face and Body - Spa Quality Pore Reducer for Acne, Blackheads & Oily Skin, Natural Skincare for Women, Men - Tightens Skin for A Healthier Complexion - 8.8 oz</p><p>$16.95 ($1.93 / Ounce)</p><a href="https://www.amazon.com/dp/B01NCM25K7?tag=eloabder-20&linkCode=osi&th=1&psc=1">View Product</a></div><div class="product"><a href="https://www.amazon.com/dp/B00UREAGU8?tag=eloabder-20&linkCode=osi&th=1&psc=1"><img src="https://m.media-amazon.com/images/I/510FCuOHsNL._SL500_.jpg" alt="Product Image"></a><p>MAJESTIC PURE Dead Sea Mud Mask for Face and Body - Natural Skin Care for Women and Men - Best Facial Cleansing Clay for Blackhead, Whitehead, Acne and Pores - 8.8 fl. Oz</p><p>$9.99 ($1.14 / Fl Oz)</p><a href="https://www.amazon.com/dp/B00UREAGU8?tag=eloabder-20&linkCode=osi&th=1&psc=1">View Product</a></div><div class="product"><a href="https://www.amazon.com/dp/B0BNP68BMG?tag=eloabder-20&linkCode=osi&th=1&psc=1"><img src="https://m.media-amazon.com/images/I/41WoBVjFkyL._SL500_.jpg" alt="Product Image"></a><p>Aromasong 100% Pure Dead Sea Mud Mask for Face - Cleansing Natural Skin Care for Women and Men to Help Reduce Acne and Pores</p><p>$9.97 ($1.25 / Ounce)</p><a href="https://www.amazon.com/dp/B0BNP68BMG?tag=eloabder-20&linkCode=osi&th=1&psc=1">View Product</a></div><div class="product"><a href="https://www.amazon.com/dp/B08XY82146?tag=eloabder-20&linkCode=osi&th=1&psc=1"><img src="https://m.media-amazon.com/images/I/41Fcc-QZoiL._SL500_.jpg" alt="Product Image"></a><p>Borghese Advanced Fango Active Purifying Mud Mask, Detoxify & Clarify with Natural Minerals, For Face and Body, 7.5 Oz</p><p>$53.00 ($7.07 / Fl Oz)</p><a href="https://www.amazon.com/dp/B08XY82146?tag=eloabder-20&linkCode=osi&th=1&psc=1">View Product</a></div><div class="product"><a href="https://www.amazon.com/dp/B086V843R8?tag=eloabder-20&linkCode=osi&th=1&psc=1"><img src="https://m.media-amazon.com/images/I/410evC+SQHL._SL500_.jpg" alt="Product Image"></a><p>ANAI RUI Turmeric Clay Mask - Green Tea Clay Mask - Dead Sea Minerals Mud Mask, Spa Facial Mask Set, Face Mask Gift Set 2.5 oz each</p><p>$22.99</p><a href="https://www.amazon.com/dp/B086V843R8?tag=eloabder-20&linkCode=osi&th=1&psc=1">View Product</a></div><div class="product"><a href="https://www.amazon.com/dp/B0BZVQJMN2?tag=eloabder-20&linkCode=osi&th=1&psc=1"><img src="https://m.media-amazon.com/images/I/414evHf2H+L._SL500_.jpg" alt="Product Image"></a><p>20 Pods Clay Mask Set, Face Mask Skin Care，Green Tea, Turmeric, Dead Sea Mud, Rose, 24K Gold, Eggplant, Avocado, Mud Mask Deep Pore Cleansing Acne Blackhead Removal, Men & Women Facial Mask .</p><p>$17.97</p><a href="https://www.amazon.com/dp/B0BZVQJMN2?tag=eloabder-20&linkCode=osi&th=1&psc=1">View Product</a></div><div class="product"><a href="https://www.amazon.com/dp/B0D1G7XF9X?tag=eloabder-20&linkCode=osi&th=1&psc=1"><img src="https://m.media-amazon.com/images/I/31KAhEPTT2L._SL500_.jpg" alt="Product Image"></a><p>Medicube Zero Pore Blackhead Mud Facial Mask - Skin Cooling & Pore Tightening - 3 Minute Quick Dry Formula with AHA, BHA, PHA, and Pore-Purifying Clay - Korean Face Mask 3.52 oz</p><p>$17.90 ($5.09 / Ounce)</p><a href="https://www.amazon.com/dp/B0D1G7XF9X?tag=eloabder-20&linkCode=osi&th=1&psc=1">View Product</a></div><div class="product"><a href="https://www.amazon.com/dp/B0B538QDNY?tag=eloabder-20&linkCode=osi&th=1&psc=1"><img src="https://m.media-amazon.com/images/I/51MTBYPFdwL._SL500_.jpg" alt="Product Image"></a><p>4 Pcs Clay Facial Mask Set - Turmeric, Vitamin C, Green Tea, Dead Sea Mud, and Rose Clay for Deep Cleansing, Moisturizing, and Refining Pores - 240g</p><p>$19.99 ($2.36 / Ounce)</p><a href="https://www.amazon.com/dp/B0B538QDNY?tag=eloabder-20&linkCode=osi&th=1&psc=1">View Product</a></div><div class="product"><a href="https://www.amazon.com/dp/B09MN94BZW?tag=eloabder-20&linkCode=osi&th=1&psc=1"><img src="https://m.media-amazon.com/images/I/41dNAUrUGKL._SL500_.jpg" alt="Product Image"></a><p>Pure Clay Mud Mask, Clay Mask Pores for Face and Skin, Detox Clay Face Masks Skincare, Exfoliating Facial Treatment, Cleans & Purify Pores For Clear & Glowing Skin, Face Mask for Oily Skin & Normal</p><p>$5.99 ($0.70 / Ounce)</p><a href="https://www.amazon.com/dp/B09MN94BZW?tag=eloabder-20&linkCode=osi&th=1&psc=1">View Product</a></div>
<div class="product"><a href="https://www.amazon.com/dp/B08SHHLS4H?tag=eloabder-20&linkCode=osi&th=1&psc=1"><img src="https://m.media-amazon.com/images/I/51mcEX1fQQL._SL500_.jpg" alt="Product Image"></a><p>2PCS Gel Eye Mask Reusable Hot Cold Therapy Gel Bead Eye Mask for Puffiness/Dark Circles/Eye Bags/Dry Eyes/Headaches/Migraines/Stress Relief, Cooling Eye Mask Hot/Cold Compress Eye Mask (Blue)</p><p>$11.99 ($11.99 / Count)</p><a href="https://www.amazon.com/dp/B08SHHLS4H?tag=eloabder-20&linkCode=osi&th=1&psc=1">View Product</a></div><div class="product"><a href="https://www.amazon.com/dp/B0C8NR3Q5M?tag=eloabder-20&linkCode=osi&th=1&psc=1"><img src="https://m.media-amazon.com/images/I/51A6iv-SfEL._SL500_.jpg" alt="Product Image"></a><p>BeeVines Gel Eye Mask, 2 Pack Cooling Ice Masks for Puffy Eyes for Men & Women, Cold & Warm Compress for Post Surgery, Puffiness, Allergies, Sinuses & Migraines Treatment</p><p>$9.99 ($5.00 / Count)</p><a href="https://www.amazon.com/dp/B0C8NR3Q5M?tag=eloabder-20&linkCode=osi&th=1&psc=1">View Product</a></div><div class="product"><a href="https://www.amazon.com/dp/B07HD61PYN?tag=eloabder-20&linkCode=osi&th=1&psc=1"><img src="https://m.media-amazon.com/images/I/51NrypqKlOL._SL500_.jpg" alt="Product Image"></a><p>Cold Face Eye Mask Ice Pack Reduce Face Puff, Dark Circles, Gel Beads Hot Heat Cold Compress Pack, Face SPA for Woman Sleeping, Pressure, Headaches, Skin Care, Post Laser Care[Blue]</p><p>$9.99 ($9.99 / Count)</p><a href="https://www.amazon.com/dp/B07HD61PYN?tag=eloabder-20&linkCode=osi&th=1&psc=1">View Product</a></div><div class="product"><a href="https://www.amazon.com/dp/B075M9ZLB2?tag=eloabder-20&linkCode=osi&th=1&psc=1"><img src="https://m.media-amazon.com/images/I/51keceyL42L._SL500_.jpg" alt="Product Image"></a><p>Cooling Eye Mask - Reusable Gel Eye Mask Cold Pack - Our Ice Eye Mask Soothes Puffy Eyes & Dark Circles - Relieve Your Headaches & Sinus Pain with Cold Eye Mask & Eye Gel Mask Therapy - Halos</p><p>$9.99</p><a href="https://www.amazon.com/dp/B075M9ZLB2?tag=eloabder-20&linkCode=osi&th=1&psc=1">View Product</a></div><div class="product"><a href="https://www.amazon.com/dp/B0B9YLR2D6?tag=eloabder-20&linkCode=osi&th=1&psc=1"><img src="https://m.media-amazon.com/images/I/41byYk5cDeL._SL500_.jpg" alt="Product Image"></a><p>Lancity Jelly Mask Peel Off Face Masks SkinCare, Natural Gel Powder for Facial Mask, Professional hydrojelly Mask, Moisturizing & Hydrating 23 Fl Oz (Hyaluronic Acid)</p><p>$21.99 ($0.73 / Ounce)</p><a href="https://www.amazon.com/dp/B0B9YLR2D6?tag=eloabder-20&linkCode=osi&th=1&psc=1">View Product</a></div><div class="product"><a href="https://www.amazon.com/dp/B06XG249X4?tag=eloabder-20&linkCode=osi&th=1&psc=1"><img src="https://m.media-amazon.com/images/I/51YWeyoyTxL._SL500_.jpg" alt="Product Image"></a><p>Advanced Clinicals Hyaluronic Acid Gel Facial Mask Skin Care Treatment, Brightening, Hydrating Anti Aging Face Mask & Moisturizer Helps Transform Dry Skin W/Collagen, Chamomile, & Aloe Vera, 5 Fl Oz</p><p>$13.99 ($2.80 / Fl Oz)</p><a href="https://www.amazon.com/dp/B06XG249X4?tag=eloabder-20&linkCode=osi&th=1&psc=1">View Product</a></div><div class="product"><a href="https://www.amazon.com/dp/B0080FIRGQ?tag=eloabder-20&linkCode=osi&th=1&psc=1"><img src="https://m.media-amazon.com/images/I/41nFEw5jATS._SL500_.jpg" alt="Product Image"></a><p>Peter Thomas Roth | Cucumber Gel Mask | Extreme De-Tox Hydrator, Cooling and Hydrating Facial Mask, Helps Soothe the Look of Dry and Irritated Skin, 5 fl oz (Pack of 1)</p><p>$44.29 ($8.86 / Fl Oz)</p><a href="https://www.amazon.com/dp/B0080FIRGQ?tag=eloabder-20&linkCode=osi&th=1&psc=1">View Product</a></div>
<div class="product"><a href="https://www.amazon.com/dp/B014E2D6BY?tag=eloabder-20&linkCode=osi&th=1&psc=1"><img src="https://m.media-amazon.com/images/I/51V2D2PS2tL._SL500_.jpg" alt="Product Image"></a><p>grace & stella Under Eye Mask (Gold, 24 Pairs) Reduce Dark Circles, Puffy Eyes, Undereye Bags, Wrinkles - Gel Under Eye Patches - Gifts for Women - Birthday Gifts for Women - Vegan Cruelty Free</p><p>$21.95 ($0.91 / Count)</p><a href="https://www.amazon.com/dp/B014E2D6BY?tag=eloabder-20&linkCode=osi&th=1&psc=1">View Product</a></div><div class="product"><a href="https://www.amazon.com/dp/B0CPT8W3RV?tag=eloabder-20&linkCode=osi&th=1&psc=1"><img src="https://m.media-amazon.com/images/I/4184Q3-F9HL._SL500_.jpg" alt="Product Image"></a><p>grace & stella Purple Eye Treatment Gels - Dermatologist Tested - Under Eye Masks With Retinol - Restoring Under Eye Patches for Puffy Eyes and Dark Circles - Vegan, Cruelty-Free, 24 Pairs</p><p>$23.95 ($1.00 / Count)</p><a href="https://www.amazon.com/dp/B0CPT8W3RV?tag=eloabder-20&linkCode=osi&th=1&psc=1">View Product</a></div><div class="product"><a href="https://www.amazon.com/dp/B08DG3C22G?tag=eloabder-20&linkCode=osi&th=1&psc=1"><img src="https://m.media-amazon.com/images/I/51NCnFVfYTL._SL500_.jpg" alt="Product Image"></a><p>Celor Under Eye Patches for Puffy Eyes and Dark Circles - Eye Masks with Amino Acids & Collagen, Eye Care for Wrinkles - Birthday Gift for Women - Skincare Self Care - USA Tested (20 Pairs)</p><p>$9.99 ($0.50 / Count)</p><a href="https://www.amazon.com/dp/B08DG3C22G?tag=eloabder-20&linkCode=osi&th=1&psc=1">View Product</a></div><div class="product"><a href="https://www.amazon.com/dp/B0CQ2VBK8M?tag=eloabder-20&linkCode=osi&th=1&psc=1"><img src="https://m.media-amazon.com/images/I/61yjNxVwmgL._SL500_.jpg" alt="Product Image"></a><p>Under Eye Patches for Dark Circles and Puffy Eyes (30 Pairs), Marine Collagen Eye Gel Pads for Puffiness with Vitamin C, Hyaluronic Acid, and Pearl Extract, Eye Mask for Dark Circles and Puffiness</p><p>$19.95 ($0.66 / Count)</p><a href="https://www.amazon.com/dp/B0CQ2VBK8M?tag=eloabder-20&linkCode=osi&th=1&psc=1">View Product</a></div><div class="product"><a href="https://www.amazon.com/dp/B0CJJZYR9Y?tag=eloabder-20&linkCode=osi&th=1&psc=1"><img src="https://m.media-amazon.com/images/I/41Wxw8DLNVL._SL500_.jpg" alt="Product Image"></a><p>DRMTLGY Brightening Eye Masks (30 Pairs) - Caffeine Eye Masks for Dark Circles and Puffiness with Hyaluronic Acid, Eye Patches for Puffy Eyes</p><p>$44.00 ($0.73 / Count)</p><a href="https://www.amazon.com/dp/B0CJJZYR9Y?tag=eloabder-20&linkCode=osi&th=1&psc=1">View Product</a></div><div class="product"><a href="https://www.amazon.com/dp/B0CZ8JBDHQ?tag=eloabder-20&linkCode=osi&th=1&psc=1"><img src="https://m.media-amazon.com/images/I/41jK7RZj1NL._SL500_.jpg" alt="Product Image"></a><p>YOYORY Under Eye Patches Masks - for Dark Circles, Puffy Eyes, Fine Lines, Wrinkles, Eye Bags Treatment with Collagen and Hyaluronic Acid, Moisturizing and Hydrating (60 Pcs)…</p><p>$19.99 ($0.33 / Fl Oz)</p><a href="https://www.amazon.com/dp/B0CZ8JBDHQ?tag=eloabder-20&linkCode=osi&th=1&psc=1">View Product</a></div><div class="product"><a href="https://www.amazon.com/dp/B0C4NWGVTF?tag=eloabder-20&linkCode=osi&th=1&psc=1"><img src="https://m.media-amazon.com/images/I/51lAmpjfDsL._SL500_.jpg" alt="Product Image"></a><p>Taimand Under Eye Patches (30 Pairs), 24K Gold Under Eye Mask for Puffy Eyes, Dark Circles,Bags and Wrinkles with Collagen,Relieves Pressure and Reduces Wrinkles,Revitalises and Refreshes Your Skin</p><p>$7.99 ($0.27 / Count)</p><a href="https://www.amazon.com/dp/B0C4NWGVTF?tag=eloabder-20&linkCode=osi&th=1&psc=1">View Product</a></div><div class="product"><a href="https://www.amazon.com/dp/B0BDD7D34M?tag=eloabder-20&linkCode=osi&th=1&psc=1"><img src="https://m.media-amazon.com/images/I/51O5AVRXcUL._SL500_.jpg" alt="Product Image"></a><p>Maskiss 24k Gold Under Eye Patches (25 Pairs), eye mask, Collagen Skin Care Products, Eye Patches for Puffy Eyes, eye masks for dark circles and puffiness</p><p>$14.99 ($0.60 / Count)</p><a href="https://www.amazon.com/dp/B0BDD7D34M?tag=eloabder-20&linkCode=osi&th=1&psc=1">View Product</a></div><div class="product"><a href="https://www.amazon.com/dp/B0B1MFMS7W?tag=eloabder-20&linkCode=osi&th=1&psc=1"><img src="https://m.media-amazon.com/images/I/41BGKrFfFxL._SL500_.jpg" alt="Product Image"></a><p>CorneaCare Rest: Self Heating Warm Compress for Eyes | Heated Eye Mask for Fast Relief of Dry Eyes | No Microwave Needed | Eye Treatment Products for Dry Eye Relief | 30 Count | FSA & HSA Eligible</p><p>$35.00 ($1.17 / Count)</p><a href="https://www.amazon.com/dp/B0B1MFMS7W?tag=eloabder-20&linkCode=osi&th=1&psc=1">View Product</a></div><div class="product"><a href="https://www.amazon.com/dp/B0CTF8XSFX?tag=eloabder-20&linkCode=osi&th=1&psc=1"><img src="https://m.media-amazon.com/images/I/519z+NIvFHL._SL500_.jpg" alt="Product Image"></a><p>Under Eye Patches for Puffy Eyes Treatment 30 Pairs, 24K Gold Under Eye Masks for Dark Circles and Puffiness, Eye Gel Pads w/Collagen, Sodium Hyaluronate, Rose Essence for Eye Bags Treatment</p><p>$6.99 ($0.23 / Count)</p><a href="https://www.amazon.com/dp/B0CTF8XSFX?tag=eloabder-20&linkCode=osi&th=1&psc=1">View Product</a></div>
<div class="product"><a href="https://www.amazon.com/dp/B00JJPMXDO?tag=eloabder-20&linkCode=osi&th=1&psc=1"><img src="https://m.media-amazon.com/images/I/41xUbY21ojL._SL500_.jpg" alt="Product Image"></a><p>CeraVe Eye Repair Cream | Under Eye Cream For Puffiness And Bags Under Eyes | Hyaluronic Acid + Niacinamide + Marine Botanical Complex | Hydrating Eye Cream | Oil Free & Opthalmologist Tested</p><p>$10.70 ($21.40 / Ounce)</p><a href="https://www.amazon.com/dp/B00JJPMXDO?tag=eloabder-20&linkCode=osi&th=1&psc=1">View Product</a></div><div class="product"><a href="https://www.amazon.com/dp/B0B3GCCRVH?tag=eloabder-20&linkCode=osi&th=1&psc=1"><img src="https://m.media-amazon.com/images/I/41EdCdrw-AL._SL500_.jpg" alt="Product Image"></a><p>CeraVe Skin Renewing Eye Cream For Wrinkles | Under Eye Cream With Peptides + Caffeine + Niacinamide | Anti Aging Eye Cream For Wrinkles & Crows Feet | Paraben Free & Opthalmologist Tested</p><p>$18.49 ($36.98 / Ounce)</p><a href="https://www.amazon.com/dp/B0B3GCCRVH?tag=eloabder-20&linkCode=osi&th=1&psc=1">View Product</a></div><div class="product"><a href="https://www.amazon.com/dp/B00005333I?tag=eloabder-20&linkCode=osi&th=1&psc=1"><img src="https://m.media-amazon.com/images/I/31webfO63dL._SL500_.jpg" alt="Product Image"></a><p>L'Oreal Paris Dermo-Expertise Eye Defense Eye Cream with Caffeine and Hyaluronic Acid 0.5 oz</p><p>$12.27 ($24.54 / Ounce)</p><a href="https://www.amazon.com/dp/B00005333I?tag=eloabder-20&linkCode=osi&th=1&psc=1">View Product</a></div><div class="product"><a href="https://www.amazon.com/dp/B0CZJ8N83D?tag=eloabder-20&linkCode=osi&th=1&psc=1"><img src="https://m.media-amazon.com/images/I/31fQO3OHiML._SL500_.jpg" alt="Product Image"></a><p>PRIME PROMETICS PrimeEyes Hydrate Under Eye Cream for Mature Women – Hydrating Eye Cream for Dark Circles and Wrinkle Repair – Soft, Glowing & Healthy Under Eyes</p><p>$62.00</p><a href="https://www.amazon.com/dp/B0CZJ8N83D?tag=eloabder-20&linkCode=osi&th=1&psc=1">View Product</a></div><div class="product"><a href="https://www.amazon.com/dp/B0009RFB76?tag=eloabder-20&linkCode=osi&th=1&psc=1"><img src="https://m.media-amazon.com/images/I/31M2iQDNDOL._SL500_.jpg" alt="Product Image"></a><p>RoC Retinol Correxion Under Eye Cream for Dark Circles & Puffiness, Daily Wrinkle Cream, Anti Aging Line Smoothing Skin Care Treatment for Women and Men, 0.5 oz (Packaging May Vary)</p><p>$19.02 ($38.04 / Fl Oz)</p><a href="https://www.amazon.com/dp/B0009RFB76?tag=eloabder-20&linkCode=osi&th=1&psc=1">View Product</a></div><div class="product"><a href="https://www.amazon.com/dp/B0D3TG6MN3?tag=eloabder-20&linkCode=osi&th=1&psc=1"><img src="https://m.media-amazon.com/images/I/21-DQIJf5xL._SL500_.jpg" alt="Product Image"></a><p>Dr.Melaxin Eyephalt Eyebag Cream for Puffiness, Dark Circles & Fine Lines, Wrinkle, EGF Anti-Aging Under Eye Moisturizer with Niacinamide&Ceramide 0.33 fl.oz.</p><p>$59.00 ($178.79 / Fl Oz)</p><a href="https://www.amazon.com/dp/B0D3TG6MN3?tag=eloabder-20&linkCode=osi&th=1&psc=1">View Product</a></div><div class="product"><a href="https://www.amazon.com/dp/B07CKJRJXB?tag=eloabder-20&linkCode=osi&th=1&psc=1"><img src="https://m.media-amazon.com/images/I/31pJCzbhXrL._SL500_.jpg" alt="Product Image"></a><p>No7 Lift & Luminate Triple Action Eye Cream - Anti-Aging Under Eye Cream for Dark Circles, Puffiness & Wrinkles - Formulated with Vitamin C to Brighten and Refresh Tired Eyes (0.5 Fl Oz)</p><p>$15.93</p><a href="https://www.amazon.com/dp/B07CKJRJXB?tag=eloabder-20&linkCode=osi&th=1&psc=1">View Product</a></div><div class="product"><a href="https://www.amazon.com/dp/B07ZRF416W?tag=eloabder-20&linkCode=osi&th=1&psc=1"><img src="https://m.media-amazon.com/images/I/31cH7vzfBxL._SL500_.jpg" alt="Product Image"></a><p>COSRX Snail Peptide Eye Cream with 73.7% Snail Mucin and Niacinamide - Brightening Korean Night Cream for Fine Lines and Dark Circles</p><p>$13.89 ($16.34 / Fl Oz)</p><a href="https://www.amazon.com/dp/B07ZRF416W?tag=eloabder-20&linkCode=osi&th=1&psc=1">View Product</a></div>
<div class="product"><a href="https://www.amazon.com/dp/B01N9SPQHQ?tag=eloabder-20&linkCode=osi&th=1&psc=1"><img src="https://m.media-amazon.com/images/I/41NHgWAaYAL._SL500_.jpg" alt="Product Image"></a><p>La Roche-Posay Toleriane Double Repair Face Moisturizer, Daily Moisturizer Face Cream with Ceramide and Niacinamide for All Skin Types, Oil Free, Fragrance Free</p><p>$23.99 ($7.10 / Fl Oz)</p><a href="https://www.amazon.com/dp/B01N9SPQHQ?tag=eloabder-20&linkCode=osi&th=1&psc=1">View Product</a></div><div class="product"><a href="https://www.amazon.com/dp/B08BW46XXK?tag=eloabder-20&linkCode=osi&th=1&psc=1"><img src="https://m.media-amazon.com/images/I/41oCJ4BF8oL._SL500_.jpg" alt="Product Image"></a><p>Vanicream Daily Facial Moisturizer With Ceramides and Hyaluronic Acid - Formulated Without Common Irritants for Those with Sensitive Skin, 3 fl oz (Pack of 1)</p><p>$12.97 ($4.32 / Fl Oz)</p><a href="https://www.amazon.com/dp/B08BW46XXK?tag=eloabder-20&linkCode=osi&th=1&psc=1">View Product</a></div><div class="product"><a href="https://www.amazon.com/dp/B00TTD9BRC?tag=eloabder-20&linkCode=osi&th=1&psc=1"><img src="https://m.media-amazon.com/images/I/41Kc6H7fboL._SL500_.jpg" alt="Product Image"></a><p>CeraVe Moisturizing Cream | Body and Face Moisturizer for Dry Skin | Body Cream with Hyaluronic Acid and Ceramides | Daily Moisturizer | Oil-Free | Fragrance Free | Non-Comedogenic | 19 Ounce</p><p>$17.78 ($0.94 / Ounce)</p><a href="https://www.amazon.com/dp/B00TTD9BRC?tag=eloabder-20&linkCode=osi&th=1&psc=1">View Product</a></div><div class="product"><a href="https://www.amazon.com/dp/B000YJ2SLG?tag=eloabder-20&linkCode=osi&th=1&psc=1"><img src="https://m.media-amazon.com/images/I/31J9bWXnQ+L._SL500_.jpg" alt="Product Image"></a><p>CeraVe Daily Moisturizing Lotion for Dry Skin | Body Lotion & Face Moisturizer with Hyaluronic Acid and Ceramides | Daily Moisturizer | Fragrance Free | Oil-Free | 12 Ounce</p><p>$13.68 ($1.14 / Fl Oz)</p><a href="https://www.amazon.com/dp/B000YJ2SLG?tag=eloabder-20&linkCode=osi&th=1&psc=1">View Product</a></div><div class="product"><a href="https://www.amazon.com/dp/B01LEJ5MSK?tag=eloabder-20&linkCode=osi&th=1&psc=1"><img src="https://m.media-amazon.com/images/I/418xEMrk6LL._SL500_.jpg" alt="Product Image"></a><p>COSRX Snail Mucin 92% Repair Cream, Daily Face Gel Moisturizer for Dry Skin, Acne-prone, Sensitive Skin, Not Tested on Animals, No Parabens, Korean Skincare (3.52 Fl Oz (Pack of 1))</p><p>$13.99 ($3.97 / Fl Oz)</p><a href="https://www.amazon.com/dp/B01LEJ5MSK?tag=eloabder-20&linkCode=osi&th=1&psc=1">View Product</a></div><div class="product"><a href="https://www.amazon.com/dp/B0BBSP2JNQ?tag=eloabder-20&linkCode=osi&th=1&psc=1"><img src="https://m.media-amazon.com/images/I/51qb7tiAJgL._SL500_.jpg" alt="Product Image"></a><p>SimplyVital Face Moisturizer Collagen Cream - Anti Aging Neck and Décolleté - Made in USA Day & Night Face Cream - Moisturizing, Lifting & Recovery – 1.7oz</p><p>$22.89 ($13.46 / Fl Oz)</p><a href="https://www.amazon.com/dp/B0BBSP2JNQ?tag=eloabder-20&linkCode=osi&th=1&psc=1">View Product</a></div><div class="product"><a href="https://www.amazon.com/dp/B01NCWV3KM?tag=eloabder-20&linkCode=osi&th=1&psc=1"><img src="https://m.media-amazon.com/images/I/41Q1ESUhSeL._SL500_.jpg" alt="Product Image"></a><p>La Roche-Posay Toleriane Double Repair UV SPF Moisturizer for Face, Daily Facial Moisturizer with Sunscreen SPF 30, Niacinamide and Glycerin, Oil Free, Moisturizing Sun Protection</p><p>$24.99 ($10.00 / Fl Oz)</p><a href="https://www.amazon.com/dp/B01NCWV3KM?tag=eloabder-20&linkCode=osi&th=1&psc=1">View Product</a></div><div class="product"><a href="https://www.amazon.com/dp/B00F97FHAW?tag=eloabder-20&linkCode=osi&th=1&psc=1"><img src="https://m.media-amazon.com/images/I/41K+11aLxaL._SL500_.jpg" alt="Product Image"></a><p>CeraVe AM Facial Moisturizing Lotion with SPF 30 | Oil-Free Face Moisturizer with SPF | Formulated with Hyaluronic Acid, Niacinamide & Ceramides | Non-Comedogenic | Broad Spectrum Sunscreen | 3 Ounce</p><p>$14.99 ($5.00 / Fl Oz)</p><a href="https://www.amazon.com/dp/B00F97FHAW?tag=eloabder-20&linkCode=osi&th=1&psc=1">View Product</a></div><div class="product"><a href="https://www.amazon.com/dp/B00NR1YQHM?tag=eloabder-20&linkCode=osi&th=1&psc=1"><img src="https://m.media-amazon.com/images/I/41yzZFTW63L._SL500_.jpg" alt="Product Image"></a><p>Neutrogena Hydro Boost Face Moisturizer with Hyaluronic Acid for Dry Skin, Oil-Free and Non-Comedogenic Water Gel Face Lotion, 1.7 oz</p><p>$13.00 ($7.65 / Ounce)</p><a href="https://www.amazon.com/dp/B00NR1YQHM?tag=eloabder-20&linkCode=osi&th=1&psc=1">View Product</a></div><div class="product"><a href="https://www.amazon.com/dp/B08127SC4G?tag=eloabder-20&linkCode=osi&th=1&psc=1"><img src="https://m.media-amazon.com/images/I/31lAajvgToL._SL500_.jpg" alt="Product Image"></a><p>e.l.f. SKIN Holy Hydration! Face Cream, Moisturizer For Nourishing & Plumping Skin, Infused With Hyaluronic Acid, Vegan & Cruelty-Free, 1.8 Oz</p><p>$13.00 ($7.39 / Ounce)</p><a href="https://www.amazon.com/dp/B08127SC4G?tag=eloabder-20&linkCode=osi&th=1&psc=1">View Product</a></div>
<div class="product"><a href="https://www.amazon.com/dp/B00SNPCSUY?tag=eloabder-20&linkCode=osi&th=1&psc=1"><img src="https://m.media-amazon.com/images/I/411crd4ECqL._SL500_.jpg" alt="Product Image"></a><p>CeraVe Skin Renewing Night Cream | Niacinamide, Peptide Complex, and Hyaluronic Acid Moisturizer for Face | 1.7 Ounce, Packaging may Vary</p><p>$17.44 ($10.26 / Ounce)</p><a href="https://www.amazon.com/dp/B00SNPCSUY?tag=eloabder-20&linkCode=osi&th=1&psc=1">View Product</a></div><div class="product"><a href="https://www.amazon.com/dp/B00HNSSPDG?tag=eloabder-20&linkCode=osi&th=1&psc=1"><img src="https://m.media-amazon.com/images/I/41zARcUorbL._SL500_.jpg" alt="Product Image"></a><p>Neutrogena Triple Age Repair Anti-Aging Night Cream with Vitamin C; Fights Wrinkles & Evens Tone, Firming Anti-Wrinkle Face & Neck Cream; Glycerin & Shea Butter, 1.7 oz</p><p>$20.44 ($12.02 / Ounce)</p><a href="https://www.amazon.com/dp/B00HNSSPDG?tag=eloabder-20&linkCode=osi&th=1&psc=1">View Product</a></div><div class="product"><a href="https://www.amazon.com/dp/B01M4R7CC5?tag=eloabder-20&linkCode=osi&th=1&psc=1"><img src="https://m.media-amazon.com/images/I/414vBUMc1QL._SL500_.jpg" alt="Product Image"></a><p>Night Cream by Olay Regenerist Night Recovery Anti-Aging Face Moisturizer 1.7 oz</p><p>$21.34 ($12.55 / Ounce)</p><a href="https://www.amazon.com/dp/B01M4R7CC5?tag=eloabder-20&linkCode=osi&th=1&psc=1">View Product</a></div><div class="product"><a href="https://www.amazon.com/dp/B00365DABC?tag=eloabder-20&linkCode=osi&th=1&psc=1"><img src="https://m.media-amazon.com/images/I/41rqUy3OtML._SL500_.jpg" alt="Product Image"></a><p>CeraVe PM Facial Moisturizing Lotion | Night Cream with Hyaluronic Acid and Niacinamide | Ultra-Lightweight, Oil-Free Moisturizer for Face | 3 Ounce</p><p>$15.99 ($5.33 / Ounce)</p><a href="https://www.amazon.com/dp/B00365DABC?tag=eloabder-20&linkCode=osi&th=1&psc=1">View Product</a></div><div class="product"><a href="https://www.amazon.com/dp/B0877PX27D?tag=eloabder-20&linkCode=osi&th=1&psc=1"><img src="https://m.media-amazon.com/images/I/41UsZNavFeL._SL500_.jpg" alt="Product Image"></a><p>Eucerin Q10 Anti-Wrinkle Night Cream + Pro-Retinol, Facial Cream for Sensitive Skin, 1.7 Oz Jar</p><p>$12.49 ($7.35 / Ounce)</p><a href="https://www.amazon.com/dp/B0877PX27D?tag=eloabder-20&linkCode=osi&th=1&psc=1">View Product</a></div><div class="product"><a href="https://www.amazon.com/dp/B09843F4WG?tag=eloabder-20&linkCode=osi&th=1&psc=1"><img src="https://m.media-amazon.com/images/I/41rbHY+4UCL._SL500_.jpg" alt="Product Image"></a><p>L'Oreal Paris Age Perfect Collagen Expert Anti-Aging, Anti-Wrinkle Night Moisturizer 2.5 oz</p><p>$14.06 ($5.62 / Ounce)</p><a href="https://www.amazon.com/dp/B09843F4WG?tag=eloabder-20&linkCode=osi&th=1&psc=1">View Product</a></div><div class="product"><a href="https://www.amazon.com/dp/B00D440TZU?tag=eloabder-20&linkCode=osi&th=1&psc=1"><img src="https://m.media-amazon.com/images/I/41th+Ofm0oL._SL500_.jpg" alt="Product Image"></a><p>RoC Multi Correxion 5 in 1 Restoring/Anti Aging Facial Night Cream with Hexinol, 1.7 Ounces (Packaging May Vary)</p><p>$24.47 ($14.39 / Ounce)</p><a href="https://www.amazon.com/dp/B00D440TZU?tag=eloabder-20&linkCode=osi&th=1&psc=1">View Product</a></div><div class="product"><a href="https://www.amazon.com/dp/B0C15N3473?tag=eloabder-20&linkCode=osi&th=1&psc=1"><img src="https://m.media-amazon.com/images/I/415J39xM8eL._SL500_.jpg" alt="Product Image"></a><p>Cetaphil Healthy Renew Skin Tightening Night Cream 1.7 Oz, Wrinkle Repair Cream for Face with Peptides, Retinol Alternative Cream For Sensitive Skin, Fragrance Free</p><p>$16.64 ($9.79 / Fl Oz)</p><a href="https://www.amazon.com/dp/B0C15N3473?tag=eloabder-20&linkCode=osi&th=1&psc=1">View Product</a></div><div class="product"><a href="https://www.amazon.com/dp/B09W4TZVPZ?tag=eloabder-20&linkCode=osi&th=1&psc=1"><img src="https://m.media-amazon.com/images/I/411CiT2MjTL._SL500_.jpg" alt="Product Image"></a><p>Eight Saints Skin Care Up the Anti Night Cream Face Moisturizer to Reduce Fine Lines and Wrinkles, Natural and Organic Anti Aging Cream For Face & Neck with Niacinamide and Hyaluronic Acid, 2 Ounces</p><p>$34.00 ($17.00 / Ounce)</p><a href="https://www.amazon.com/dp/B09W4TZVPZ?tag=eloabder-20&linkCode=osi&th=1&psc=1">View Product</a></div><div class="product"><a href="https://www.amazon.com/dp/B0B64GY9MC?tag=eloabder-20&linkCode=osi&th=1&psc=1"><img src="https://m.media-amazon.com/images/I/416zsLeSx8L._SL500_.jpg" alt="Product Image"></a><p>L'Oreal Paris Age Perfect Anti-Aging Midnight Cream, Reduce Wrinkles & Firm 1.7oz + Serum Sample</p><p>$27.77 ($16.34 / Ounce)</p><a href="https://www.amazon.com/dp/B0B64GY9MC?tag=eloabder-20&linkCode=osi&th=1&psc=1">View Product</a></div>
<div class="product"><a href="https://www.amazon.com/dp/B002JDUMFO?tag=eloabder-20&linkCode=osi&th=1&psc=1"><img src="https://m.media-amazon.com/images/I/41h3+tOcptL._SL500_.jpg" alt="Product Image"></a><p>L’Oréal Paris Collagen Daily Face Moisturizer, Reduce Wrinkles, Face Cream 1.7 oz</p><p>$7.14 ($4.20 / Ounce)</p><a href="https://www.amazon.com/dp/B002JDUMFO?tag=eloabder-20&linkCode=osi&th=1&psc=1">View Product</a></div><div class="product"><a href="https://www.amazon.com/dp/B07D61XRFT?tag=eloabder-20&linkCode=osi&th=1&psc=1"><img src="https://m.media-amazon.com/images/I/41jMcJ9ZkDL._SL500_.jpg" alt="Product Image"></a><p>L'Oreal Paris Skincare Age Perfect Hydra-Nutrition Anti-Aging Day Cream with Manuka Honey Extract, 1.7 Ounce</p><p>$14.99 ($8.82 / Ounce)</p><a href="https://www.amazon.com/dp/B07D61XRFT?tag=eloabder-20&linkCode=osi&th=1&psc=1">View Product</a></div><div class="product"><a href="https://www.amazon.com/dp/B00OYBAMKY?tag=eloabder-20&linkCode=osi&th=1&psc=1"><img src="https://m.media-amazon.com/images/I/31F5FUo3BnL._SL500_.jpg" alt="Product Image"></a><p>Grown Alchemist Hydra-Repair Day Cream. Face Moisturizer that Primes and Hydrates Skin (100ml).</p><p>$65.00 ($19.23 / Fl Oz)</p><a href="https://www.amazon.com/dp/B00OYBAMKY?tag=eloabder-20&linkCode=osi&th=1&psc=1">View Product</a></div><div class="product"><a href="https://www.amazon.com/dp/B0C9VXS6VY?tag=eloabder-20&linkCode=osi&th=1&psc=1"><img src="https://m.media-amazon.com/images/I/41jZJbsswdL._SL500_.jpg" alt="Product Image"></a><p>La Vie Protective Anti-Aging Face Cream – Day Cream with Hyaluronic Acid, Shea Butter & Vitamins – Firming Face Cream with SPF & Aloe Vera – 1.7Fl Oz</p><p>$21.50 ($12.65 / Fl Oz)</p><a href="https://www.amazon.com/dp/B0C9VXS6VY?tag=eloabder-20&linkCode=osi&th=1&psc=1">View Product</a></div><div class="product"><a href="https://www.amazon.com/dp/B0CWVN2PKH?tag=eloabder-20&linkCode=osi&th=1&psc=1"><img src="https://m.media-amazon.com/images/I/41qIK3gKbEL._SL500_.jpg" alt="Product Image"></a><p>EnaSkin Retinol Cream for Wrinkles: Face Collagen Cream for Tightening Skin - Anti Aging Facial Moisturizer Day and Night for Women and Men 1.7 Fl OZ</p><p>$19.89 ($11.70 / Fl Oz)</p><a href="https://www.amazon.com/dp/B0CWVN2PKH?tag=eloabder-20&linkCode=osi&th=1&psc=1">View Product</a></div>
<div class="product"><a href="https://www.amazon.com/dp/B0CKPQJ13T?tag=eloabder-20&linkCode=osi&th=1&psc=1"><img src="https://m.media-amazon.com/images/I/31h2CQ5KWBL._SL500_.jpg" alt="Product Image"></a><p>Niacinamide Serum for Face, Anti Aging Serum, Hydrating Serum for Moisturize Skin, Oil Control, Pores Reducer, Reduces Skin Dullness and Delay Aging, Niacinamide Face Serum for all Skin Type</p><p>$9.99 ($9.99 / Fl Oz)</p><a href="https://www.amazon.com/dp/B0CKPQJ13T?tag=eloabder-20&linkCode=osi&th=1&psc=1">View Product</a></div><div class="product"><a href="https://www.amazon.com/dp/B072K1LNNY?tag=eloabder-20&linkCode=osi&th=1&psc=1"><img src="https://m.media-amazon.com/images/I/51frH2pII1L._SL500_.jpg" alt="Product Image"></a><p>SeoulCeuticals Korean Skin Care 20% Vitamin C Hyaluronic Acid Serum + CE Ferulic Acid - Potent Anti Aging, Anti Wrinkle Korean Beauty 1oz</p><p>$19.98</p><a href="https://www.amazon.com/dp/B072K1LNNY?tag=eloabder-20&linkCode=osi&th=1&psc=1">View Product</a></div><div class="product"><a href="https://www.amazon.com/dp/B01M4MCUAF?tag=eloabder-20&linkCode=osi&th=1&psc=1"><img src="https://m.media-amazon.com/images/I/41aQhk7cn+L._SL500_.jpg" alt="Product Image"></a><p>TruSkin Vitamin C Serum – Anti Aging Facial Serum with Vitamin C, Hyaluronic Acid, Vitamin E & More – Brightening Serum for Dark Spots, Even Skin Tone, Eye Area, Fine Lines & Wrinkles, 1 Fl Oz</p><p>$21.97</p><a href="https://www.amazon.com/dp/B01M4MCUAF?tag=eloabder-20&linkCode=osi&th=1&psc=1">View Product</a></div><div class="product"><a href="https://www.amazon.com/dp/B08L8B5JR2?tag=eloabder-20&linkCode=osi&th=1&psc=1"><img src="https://m.media-amazon.com/images/I/51Ee0RzYONL._SL500_.jpg" alt="Product Image"></a><p>Vibriance Super C Serum for Mature Skin, Made in USA, All-In-One Formula Hydrates, Firms, Lifts, Smooths, Targets Age Spots, Wrinkles, Vitamin C Serum; 1 fl oz</p><p>$32.90</p><a href="https://www.amazon.com/dp/B08L8B5JR2?tag=eloabder-20&linkCode=osi&th=1&psc=1">View Product</a></div><div class="product"><a href="https://www.amazon.com/dp/B07P5TMHD9?tag=eloabder-20&linkCode=osi&th=1&psc=1"><img src="https://m.media-amazon.com/images/I/51xr2lw0Y7L._SL500_.jpg" alt="Product Image"></a><p>Vitamin C Face Serum - Dark Spot Remover Facial Serum, Vit C Serum with Hyaluronic Acid, Ferulic Acid, & Vit E - Anti Aging and Skin Brightening Serum, Pure Vitamin C Serum Skin Care</p><p>$9.98</p><a href="https://www.amazon.com/dp/B07P5TMHD9?tag=eloabder-20&linkCode=osi&th=1&psc=1">View Product</a></div><div class="product"><a href="https://www.amazon.com/dp/B09TPXJP8R?tag=eloabder-20&linkCode=osi&th=1&psc=1"><img src="https://m.media-amazon.com/images/I/41wFAnopZkL._SL500_.jpg" alt="Product Image"></a><p>Vichy LiftActiv Vitamin C Serum, Brightening and Anti Aging Serum for Face with 15% Pure Vitamin C, Skin Firming and Antioxidant Facial Serum for Brightness and Moisturizing</p><p>$34.99 ($52.22 / Fl Oz)</p><a href="https://www.amazon.com/dp/B09TPXJP8R?tag=eloabder-20&linkCode=osi&th=1&psc=1">View Product</a></div><div class="product"><a href="https://www.amazon.com/dp/B075VX4QVM?tag=eloabder-20&linkCode=osi&th=1&psc=1"><img src="https://m.media-amazon.com/images/I/31uFKKKGUhL._SL500_.jpg" alt="Product Image"></a><p>La Roche-Posay Hyalu B5 Pure Hyaluronic Acid Serum for Face | Vitamin B5 + Hyaluronic Acid + Madecassoside | Hydrating Serum Visibly Plumps Skin | Sensitive Skin Safe | Anti Aging Serum | Oil-Free</p><p>$39.99</p><a href="https://www.amazon.com/dp/B075VX4QVM?tag=eloabder-20&linkCode=osi&th=1&psc=1">View Product</a></div><div class="product"><a href="https://www.amazon.com/dp/B0CLLV2T1P?tag=eloabder-20&linkCode=osi&th=1&psc=1"><img src="https://m.media-amazon.com/images/I/31ZBa-zgbjL._SL500_.jpg" alt="Product Image"></a><p>Anua 10% Niacinamide+ 4% Tranexamic Acid Serum, Ceramide, Hyaluronic Acid, Vitamin B12 natural color, for Sensitive skin, Korean Glass Skin, Fragrance-Free (30ml /1.01 fl.oz.)</p><p>$19.00 ($18.81 / Fl Oz)</p><a href="https://www.amazon.com/dp/B0CLLV2T1P?tag=eloabder-20&linkCode=osi&th=1&psc=1">View Product</a></div><div class="product"><a href="https://www.amazon.com/dp/B07VWSN95S?tag=eloabder-20&linkCode=osi&th=1&psc=1"><img src="https://m.media-amazon.com/images/I/411Y0nzh9zL._SL500_.jpg" alt="Product Image"></a><p>CeraVe Retinol Serum for Post-Acne Marks and Skin Texture | Pore Refining, Resurfacing, Brightening Facial Serum with Retinol and Niacinamide | Fragrance Free, Paraben Free & Non-Comedogenic| 1 Oz</p><p>$18.68</p><a href="https://www.amazon.com/dp/B07VWSN95S?tag=eloabder-20&linkCode=osi&th=1&psc=1">View Product</a></div>
<div class="product"><a href="https://www.amazon.com/dp/B00J1FNW28?tag=eloabder-20&linkCode=osi&th=1&psc=1"><img src="https://m.media-amazon.com/images/I/414w8iNQRqL._SL500_.jpg" alt="Product Image"></a><p>Palmer's Cocoa Butter Formula Moisturizing Skin Therapy Oil for Face with Vitamin E, C & 10 Pure Facial Oil Blend, Rosehip Fragrance, 1 Ounce</p><p>$10.97 ($10.97 / Fl Oz)</p><a href="https://www.amazon.com/dp/B00J1FNW28?tag=eloabder-20&linkCode=osi&th=1&psc=1">View Product</a></div><div class="product"><a href="https://www.amazon.com/dp/B01N3340K7?tag=eloabder-20&linkCode=osi&th=1&psc=1"><img src="https://m.media-amazon.com/images/I/41QYm09uWiL._SL500_.jpg" alt="Product Image"></a><p>Kate Blanc Cosmetics Rosehip Oil for Face & Skin. Rosehip Seed Face Oil for Facial & Gua Sha Massage (1oz, Organic, Pure, Cold Pressed)</p><p>$8.99</p><a href="https://www.amazon.com/dp/B01N3340K7?tag=eloabder-20&linkCode=osi&th=1&psc=1">View Product</a></div><div class="product"><a href="https://www.amazon.com/dp/B01GYHLW4U?tag=eloabder-20&linkCode=osi&th=1&psc=1"><img src="https://m.media-amazon.com/images/I/31oeUKDfrOL._SL500_.jpg" alt="Product Image"></a><p>KORA Organics Noni Glow Hydrating Face Oil with Antioxidants, Nourish & Illuminate, Certified Organic, Cruelty Free, 0.34 fl oz</p><p>$29.00 ($85.29 / Fl Oz)</p><a href="https://www.amazon.com/dp/B01GYHLW4U?tag=eloabder-20&linkCode=osi&th=1&psc=1">View Product</a></div><div class="product"><a href="https://www.amazon.com/dp/B09Q2XYMLM?tag=eloabder-20&linkCode=osi&th=1&psc=1"><img src="https://m.media-amazon.com/images/I/41LM+-HnjiL._SL500_.jpg" alt="Product Image"></a><p>Good Molecules Squalane Oil - Moisturizer for Face, Skin, and Hair, Plumping, Firming, Anti-Aging - Skincare for Face to Hydrate and Calm the Skin</p><p>$8.00 ($18.18 / Fl Oz)</p><a href="https://www.amazon.com/dp/B09Q2XYMLM?tag=eloabder-20&linkCode=osi&th=1&psc=1">View Product</a></div><div class="product"><a href="https://www.amazon.com/dp/B0CNG6YPB8?tag=eloabder-20&linkCode=osi&th=1&psc=1"><img src="https://m.media-amazon.com/images/I/41gbDKoodrL._SL500_.jpg" alt="Product Image"></a><p>Black Seed Oil, Rosehip Oil, Castor Oil Organic Cold Pressed for Face Anti-Aging Miracle Facial Moisturizer Serum Natural Skincare Fortifying Hydrates Skin Moisturizing Beauty Glow Oil 1 Fl Oz/30mL</p><p>$16.99 ($16.99 / Fl Oz)</p><a href="https://www.amazon.com/dp/B0CNG6YPB8?tag=eloabder-20&linkCode=osi&th=1&psc=1">View Product</a></div><div class="product"><a href="https://www.amazon.com/dp/B000VPPUEA?tag=eloabder-20&linkCode=osi&th=1&psc=1"><img src="https://m.media-amazon.com/images/I/31e4JzjWhkL._SL500_.jpg" alt="Product Image"></a><p>Bio-Oil Skincare Body Oil, Vitamin E, Serum for Scars & Stretchmarks, Face & Body Moisturizer, 2 oz, All Skin Types</p><p>$11.04 ($5.52 / Fl Oz)</p><a href="https://www.amazon.com/dp/B000VPPUEA?tag=eloabder-20&linkCode=osi&th=1&psc=1">View Product</a></div><div class="product"><a href="https://www.amazon.com/dp/B001UE60E0?tag=eloabder-20&linkCode=osi&th=1&psc=1"><img src="https://m.media-amazon.com/images/I/31cFL31-1pL._SL500_.jpg" alt="Product Image"></a><p>DHC Deep Cleansing Oil, Facial Cleansing Oil, Makeup Remover, Cleanses without Clogging Pores, Residue-Free, Fragrance and Colorant Free, All Skin Types, 6.7 fl. oz.</p><p>$21.99 ($3.28 / Fl Oz)</p><a href="https://www.amazon.com/dp/B001UE60E0?tag=eloabder-20&linkCode=osi&th=1&psc=1">View Product</a></div><div class="product"><a href="https://www.amazon.com/dp/B0BN2PX8V3?tag=eloabder-20&linkCode=osi&th=1&psc=1"><img src="https://m.media-amazon.com/images/I/31vN6RNetML._SL500_.jpg" alt="Product Image"></a><p>ANUA Heartleaf Pore Control Cleansing Oil, Oil Cleanser for Face, Makeup Blackhead Remover, Korean Skin Care 6.76 fl oz(200ml) (original)</p><p>$17.69 ($2.64 / Fl Oz)</p><a href="https://www.amazon.com/dp/B0BN2PX8V3?tag=eloabder-20&linkCode=osi&th=1&psc=1">View Product</a></div><div class="product"><a href="https://www.amazon.com/dp/B07H2GP6VX?tag=eloabder-20&linkCode=osi&th=1&psc=1"><img src="https://m.media-amazon.com/images/I/41OxX+xF61L._SL500_.jpg" alt="Product Image"></a><p>Skin Glow Serum for Face Care - Gua Sha Oil for Glowing Skin with Turmeric Oil for Face Dark Spots Fine Lines & Wrinkles - Hydrating Face Oil for Women's Vegan Organic Skin Care (30mL)</p><p>$29.70 ($29.70 / Fl Oz)</p><a href="https://www.amazon.com/dp/B07H2GP6VX?tag=eloabder-20&linkCode=osi&th=1&psc=1">View Product</a></div><div class="product"><a href="https://www.amazon.com/dp/B098553XRB?tag=eloabder-20&linkCode=osi&th=1&psc=1"><img src="https://m.media-amazon.com/images/I/31jJT07RSqL._SL500_.jpg" alt="Product Image"></a><p>Derma E Vitamin C Glow Face Oil, Facial Oil Nourishes, Brightens and Illuminates for a Radiant Glow, Moisturizing Face Oil with Turmeric, Seabuckthorn and Red Raspberry, 1 Fl Oz</p><p>$13.05</p><a href="https://www.amazon.com/dp/B098553XRB?tag=eloabder-20&linkCode=osi&th=1&psc=1">View Product</a></div>
<div class="product"><a href="https://www.amazon.com/dp/B005IHT94S?tag=eloabder-20&linkCode=osi&th=1&psc=1"><img src="https://m.media-amazon.com/images/I/31YAXVCRMAL._SL500_.jpg" alt="Product Image"></a><p>Neutrogena Ultra Sheer Dry-Touch Water Resistant and Non-Greasy Sunscreen Lotion with Broad Spectrum SPF 70, 3 Fl Oz (Pack of 1)</p><p>$9.88 ($3.29 / Fl Oz)</p><a href="https://www.amazon.com/dp/B005IHT94S?tag=eloabder-20&linkCode=osi&th=1&psc=1">View Product</a></div><div class="product"><a href="https://www.amazon.com/dp/B078BC1NJ6?tag=eloabder-20&linkCode=osi&th=1&psc=1"><img src="https://m.media-amazon.com/images/I/51V4LMN2zEL._SL500_.jpg" alt="Product Image"></a><p>Coppertone Sport Sunscreen Spray SPF 50, Water Resistant Spray Sunscreen, Broad Spectrum SPF 50 Sunscreen, Bulk Sunscreen Pack, 5.5 Oz Bottle, Pack of 3</p><p>$20.63 ($1.25 / Ounce)</p><a href="https://www.amazon.com/dp/B078BC1NJ6?tag=eloabder-20&linkCode=osi&th=1&psc=1">View Product</a></div><div class="product"><a href="https://www.amazon.com/dp/B01MQXX9US?tag=eloabder-20&linkCode=osi&th=1&psc=1"><img src="https://m.media-amazon.com/images/I/41Zi7BP15NL._SL500_.jpg" alt="Product Image"></a><p>Banana Boat Sport Ultra SPF 50 Sunscreen Spray Twin Pack | Banana Boat Sunscreen Spray SPF 50, Spray On Sunscreen, Water Resistant Sunscreen, Oxybenzone Free Sunscreen Pack, 6oz each</p><p>$13.97 ($1.16 / Ounce)</p><a href="https://www.amazon.com/dp/B01MQXX9US?tag=eloabder-20&linkCode=osi&th=1&psc=1">View Product</a></div><div class="product"><a href="https://www.amazon.com/dp/B002MSN3QQ?tag=eloabder-20&linkCode=osi&th=1&psc=1"><img src="https://m.media-amazon.com/images/I/3100avaA74L._SL500_.jpg" alt="Product Image"></a><p>EltaMD UV Clear Face Sunscreen, Oil Free Sunscreen with Zinc Oxide, Dermatologist Recommended Sunscreen, 1.7 oz Pump</p><p>$43.00 ($25.29 / Ounce)</p><a href="https://www.amazon.com/dp/B002MSN3QQ?tag=eloabder-20&linkCode=osi&th=1&psc=1">View Product</a></div><div class="product"><a href="https://www.amazon.com/dp/B00AEN4QZ8?tag=eloabder-20&linkCode=osi&th=1&psc=1"><img src="https://m.media-amazon.com/images/I/31QMrCJPoeL._SL500_.jpg" alt="Product Image"></a><p>Neutrogena Beach Defense Water-Resistant Face & Body SPF 70 Sunscreen Lotion with Broad Spectrum UVA/UVB Protection, Oil-Free Fast-Absorbing Sunscreen Lotion, Oxybenzone-Free, 6.7 oz</p><p>$9.60 ($1.43 / Fl Oz)</p><a href="https://www.amazon.com/dp/B00AEN4QZ8?tag=eloabder-20&linkCode=osi&th=1&psc=1">View Product</a></div><div class="product"><a href="https://www.amazon.com/dp/B076GZX3KL?tag=eloabder-20&linkCode=osi&th=1&psc=1"><img src="https://m.media-amazon.com/images/I/41BQoEZMuTL._SL500_.jpg" alt="Product Image"></a><p>Neutrogena Sunscreen Spray, Ultra Sheer ® Body Mist, Broad Spectrum SPF 70, Non-Greasy Water Resistant Body Sunscreen Mist, Non-Comedogenic, 5 oz (Pack of 3)</p><p>$22.60 ($1.51 / Ounce)</p><a href="https://www.amazon.com/dp/B076GZX3KL?tag=eloabder-20&linkCode=osi&th=1&psc=1">View Product</a></div><div class="product"><a href="https://www.amazon.com/dp/B004D2DR0Q?tag=eloabder-20&linkCode=osi&th=1&psc=1"><img src="https://m.media-amazon.com/images/I/41QwzCWNnFL._SL500_.jpg" alt="Product Image"></a><p>Neutrogena Ultra Sheer Dry-Touch Water Resistant and Non-Greasy Sunscreen Lotion with Broad Spectrum SPF 45, TSA-Compliant travel Size, 3 Fl Oz, Pack of 2, 6 Fl Oz</p><p>$13.99 ($2.33 / Fl Oz)</p><a href="https://www.amazon.com/dp/B004D2DR0Q?tag=eloabder-20&linkCode=osi&th=1&psc=1">View Product</a></div><div class="product"><a href="https://www.amazon.com/dp/B07YGVSGMW?tag=eloabder-20&linkCode=osi&th=1&psc=1"><img src="https://m.media-amazon.com/images/I/416T611PGUL._SL500_.jpg" alt="Product Image"></a><p>La Roche-Posay Anthelios Melt-In Milk Sunscreen SPF 100 | Sunscreen For Body & Face | Broad Spectrum SPF + Antioxidants | Oil Free Sunscreen Lotion | For Sun Sensitive Skin | Oxybenzone Free</p><p>$26.99 ($9.00 / Fl Oz)</p><a href="https://www.amazon.com/dp/B07YGVSGMW?tag=eloabder-20&linkCode=osi&th=1&psc=1">View Product</a></div><div class="product"><a href="https://www.amazon.com/dp/B002CML1VG?tag=eloabder-20&linkCode=osi&th=1&psc=1"><img src="https://m.media-amazon.com/images/I/41ufC4L5QQL._SL500_.jpg" alt="Product Image"></a><p>La Roche-Posay Anthelios Melt-In Milk Sunscreen SPF 60 | Sunscreen For Body & Face | Broad Spectrum SPF + Antioxidants | Oil Free Sunscreen Lotion | Lightweight & Fast Absorbing | Oxybenzone Free</p><p>$37.99 ($7.60 / Fl Oz)</p><a href="https://www.amazon.com/dp/B002CML1VG?tag=eloabder-20&linkCode=osi&th=1&psc=1">View Product</a></div>
<div class="product"><a href="https://www.amazon.com/dp/B004CDV7EY?tag=eloabder-20&linkCode=osi&th=1&psc=1"><img src="https://m.media-amazon.com/images/I/41tTwTi8GdL._SL500_.jpg" alt="Product Image"></a><p>Banana Boat Sport Ultra SPF 50 Sunscreen Lotion, 12oz | Banana Boat Sunscreen SPF 50 Lotion, Oxybenzone Free Sunscreen, Sunblock Lotion Sunscreen, Family Size Sunscreen, 12oz</p><p>$10.97 ($0.91 / Fl Oz)</p><a href="https://www.amazon.com/dp/B004CDV7EY?tag=eloabder-20&linkCode=osi&th=1&psc=1">View Product</a></div><div class="product"><a href="https://www.amazon.com/dp/B001P92FMG?tag=eloabder-20&linkCode=osi&th=1&psc=1"><img src="https://m.media-amazon.com/images/I/41G20SiwQqL._SL500_.jpg" alt="Product Image"></a><p>Neutrogena Sport Face Sunscreen, Broad Spectrum Sunblock SPF 70+, Water Resistant Sunscreen For Face, Sweat Resistant Oil Free Sunscreen Lotion, 2.5 FL OZ</p><p>$10.30 ($4.12 / Fl Oz)</p><a href="https://www.amazon.com/dp/B001P92FMG?tag=eloabder-20&linkCode=osi&th=1&psc=1">View Product</a></div><div class="product"><a href="https://www.amazon.com/dp/B01MY051NZ?tag=eloabder-20&linkCode=osi&th=1&psc=1"><img src="https://m.media-amazon.com/images/I/316sFsnyZ6L._SL500_.jpg" alt="Product Image"></a><p>Hawaiian Tropic Everyday Active Lotion Sunscreen SPF 50, 8oz | Hawaiian Tropic Sunscreen SPF 50, Sunblock, Broad Spectrum Sunscreen, Oxybenzone Free Sunscreen, Water Resistant Sunscreen, 8oz</p><p>$10.97 ($1.37 / Fl Oz)</p><a href="https://www.amazon.com/dp/B01MY051NZ?tag=eloabder-20&linkCode=osi&th=1&psc=1">View Product</a></div><div class="product"><a href="https://www.amazon.com/dp/B074WBHHYY?tag=eloabder-20&linkCode=osi&th=1&psc=1"><img src="https://m.media-amazon.com/images/I/41uIcq6eNrL._SL500_.jpg" alt="Product Image"></a><p>Coppertone Sport Sunscreen Spray SPF 50, Water Resistant Spray Sunscreen, Broad Spectrum SPF 50 Sunscreen, Bulk Sunscreen Pack, 5.5 Oz Bottle, Pack of 2</p><p>$14.49 ($1.32 / Ounce)</p><a href="https://www.amazon.com/dp/B074WBHHYY?tag=eloabder-20&linkCode=osi&th=1&psc=1">View Product</a></div><div class="product"><a href="https://www.amazon.com/dp/B077D7L95C?tag=eloabder-20&linkCode=osi&th=1&psc=1"><img src="https://m.media-amazon.com/images/I/4124cUh+pGL._SL500_.jpg" alt="Product Image"></a><p>Banana Boat Kids Sport Sunscreen Spray SPF 50, Twin Pack | Kids Sunscreen Spray, Kids Sunblock Spray, Oxybenzone Free Sunscreen for Kids, Spray Sunscreen SPF 50, 6oz each</p><p>$13.97 ($1.16 / Ounce)</p><a href="https://www.amazon.com/dp/B077D7L95C?tag=eloabder-20&linkCode=osi&th=1&psc=1">View Product</a></div>
<div class="product"><a href="https://www.amazon.com/dp/B08Q2R18HH?tag=eloabder-20&linkCode=osi&th=1&psc=1"><img src="https://m.media-amazon.com/images/I/51uR35zoH+L._SL500_.jpg" alt="Product Image"></a><p>Hawaiian Tropic Lime Coolada After Sun Lotion, 16oz | After Sun Care, Daily Moisturizing Lotion, After Sun Aloe, Cocoa Butter Lotion, Shea Butter Lotion, After Sun Skin Care, 16oz each Twin Pack</p><p>$14.99 ($0.47 / Fl Oz)</p><a href="https://www.amazon.com/dp/B08Q2R18HH?tag=eloabder-20&linkCode=osi&th=1&psc=1">View Product</a></div><div class="product"><a href="https://www.amazon.com/dp/B08Q2QK7F1?tag=eloabder-20&linkCode=osi&th=1&psc=1"><img src="https://m.media-amazon.com/images/I/41I370DTitL._SL500_.jpg" alt="Product Image"></a><p>Hawaiian Tropic Silk Hydration After Sun Lotion 6 Fl Oz (Pack of 2)</p><p>$19.98 ($1.66 / Fl Oz)</p><a href="https://www.amazon.com/dp/B08Q2QK7F1?tag=eloabder-20&linkCode=osi&th=1&psc=1">View Product</a></div><div class="product"><a href="https://www.amazon.com/dp/B004YAUZKM?tag=eloabder-20&linkCode=osi&th=1&psc=1"><img src="https://m.media-amazon.com/images/I/31QrLmSRyrL._SL500_.jpg" alt="Product Image"></a><p>Sun Bum Cool Down Aloe Vera Lotion - Vegan After Sun Care with Cocoa Butter to Soothe and Hydrate Sunburn- 8 oz</p><p>$12.99 ($1.62 / Fl Oz)</p><a href="https://www.amazon.com/dp/B004YAUZKM?tag=eloabder-20&linkCode=osi&th=1&psc=1">View Product</a></div><div class="product"><a href="https://www.amazon.com/dp/B07BH4DD2M?tag=eloabder-20&linkCode=osi&th=1&psc=1"><img src="https://m.media-amazon.com/images/I/41+JG2VHifL._SL500_.jpg" alt="Product Image"></a><p>Hawaiian Tropic After Sun Body Butter with Coconut Oil, 8oz | After Sun Lotion, Moisturizing Body Lotion, After Sun Moisturizer, Coconut Body Butter, After Sun Care, After Sun Skin Care, 8oz</p><p>$12.49 ($1.56 / Fl Oz)</p><a href="https://www.amazon.com/dp/B07BH4DD2M?tag=eloabder-20&linkCode=osi&th=1&psc=1">View Product</a></div><div class="product"><a href="https://www.amazon.com/dp/B091YZ5L12?tag=eloabder-20&linkCode=osi&th=1&psc=1"><img src="https://m.media-amazon.com/images/I/31otykDIBaL._SL500_.jpg" alt="Product Image"></a><p>B.TAN After Sun Lotion | Ooooh Aftersun Delight - Aloe Vera & Hyaluronic Acid, Sun Burn Skin Relief, Moisturizing Body Cream, 16 Fl oz</p><p>$12.99 ($0.81 / Fl Oz)</p><a href="https://www.amazon.com/dp/B091YZ5L12?tag=eloabder-20&linkCode=osi&th=1&psc=1">View Product</a></div><div class="product"><a href="https://www.amazon.com/dp/B0013L55U0?tag=eloabder-20&linkCode=osi&th=1&psc=1"><img src="https://m.media-amazon.com/images/I/41BErPueiSL._SL500_.jpg" alt="Product Image"></a><p>Burt's Bees After Sun Lotion with Hydrating Aloe Vera & Coconut Oil - Summer Essentials, Sunburn Relief, Natural After Sun Soother, 6 oz</p><p>$12.96 ($2.16 / Fl Oz)</p><a href="https://www.amazon.com/dp/B0013L55U0?tag=eloabder-20&linkCode=osi&th=1&psc=1">View Product</a></div><div class="product"><a href="https://www.amazon.com/dp/B01N6SVTBN?tag=eloabder-20&linkCode=osi&th=1&psc=1"><img src="https://m.media-amazon.com/images/I/51sE2A31qgL._SL500_.jpg" alt="Product Image"></a><p>Sunburnt Advanced After-Sun Lotion, 6 Ounce</p><p>$9.79 ($1.63 / Ounce)</p><a href="https://www.amazon.com/dp/B01N6SVTBN?tag=eloabder-20&linkCode=osi&th=1&psc=1">View Product</a></div><div class="product"><a href="https://www.amazon.com/dp/B098CTZYJX?tag=eloabder-20&linkCode=osi&th=1&psc=1"><img src="https://m.media-amazon.com/images/I/31hNQRVEp2L._SL500_.jpg" alt="Product Image"></a><p>Coola Organic Radical Recovery After Sun Body Lotion, Includes Aloe Vera, Agave and Lavender Oil for Sunburn Relief, 5 Fl Oz</p><p>$32.00 ($6.40 / Fl Oz)</p><a href="https://www.amazon.com/dp/B098CTZYJX?tag=eloabder-20&linkCode=osi&th=1&psc=1">View Product</a></div>
<div class="product"><a href="https://www.amazon.com/dp/B0CTBF3WLS?tag=eloabder-20&linkCode=osi&th=1&psc=1"><img src="https://m.media-amazon.com/images/I/41nFaIDnL9L._SL500_.jpg" alt="Product Image"></a><p>b.tan UV Tanning Bed Lotion | I Want The Darkest Tan Possible - x4000 Tan Intensifiers, Indoor & Outdoor Tan Accelerator, Best Browning Lotion, 12 Fl Oz</p><p>$14.99 ($1.25 / Fl Oz)</p><a href="https://www.amazon.com/dp/B0CTBF3WLS?tag=eloabder-20&linkCode=osi&th=1&psc=1">View Product</a></div><div class="product"><a href="https://www.amazon.com/dp/B001UTK76C?tag=eloabder-20&linkCode=osi&th=1&psc=1"><img src="https://m.media-amazon.com/images/I/31JM3ZgxMjL._SL500_.jpg" alt="Product Image"></a><p>Jergens Natural Glow +FIRMING Self Tanner, Sunless Tanning Lotion for Fair to Medium Skin Tone, Anti Cellulite Firming Body Lotion for Natural-Looking Tan, 7.5 Ounce</p><p>$10.47 ($1.40 / Fl Oz)</p><a href="https://www.amazon.com/dp/B001UTK76C?tag=eloabder-20&linkCode=osi&th=1&psc=1">View Product</a></div><div class="product"><a href="https://www.amazon.com/dp/B07XGS1NW9?tag=eloabder-20&linkCode=osi&th=1&psc=1"><img src="https://m.media-amazon.com/images/I/411h-bfoKfL._SL500_.jpg" alt="Product Image"></a><p>European Gold Flash Black 4000X Indoor Tanning Lotion with Time-Release DHA Bronzers, 12 oz</p><p>$13.99 ($1.17 / Fl Oz)</p><a href="https://www.amazon.com/dp/B07XGS1NW9?tag=eloabder-20&linkCode=osi&th=1&psc=1">View Product</a></div><div class="product"><a href="https://www.amazon.com/dp/B0058E3XJI?tag=eloabder-20&linkCode=osi&th=1&psc=1"><img src="https://m.media-amazon.com/images/I/41KNj0nprcL._SL500_.jpg" alt="Product Image"></a><p>Millennium Tanning Solid Black 100X Indoor Tanning Lotion for Tanning Beds (13.5 Fluid Ounces)</p><p>$29.99 ($2.22 / Fl Oz)</p><a href="https://www.amazon.com/dp/B0058E3XJI?tag=eloabder-20&linkCode=osi&th=1&psc=1">View Product</a></div><div class="product"><a href="https://www.amazon.com/dp/B003GX5SSC?tag=eloabder-20&linkCode=osi&th=1&psc=1"><img src="https://m.media-amazon.com/images/I/314WWYZVTGL._SL500_.jpg" alt="Product Image"></a><p>Australian Gold Dark Tanning Accelerator Lotion With Bronzer, 8 Ounce, New Package Same Formula, B003GX5SSC</p><p>$8.99 ($1.12 / Fl Oz)</p><a href="https://www.amazon.com/dp/B003GX5SSC?tag=eloabder-20&linkCode=osi&th=1&psc=1">View Product</a></div><div class="product"><a href="https://www.amazon.com/dp/B009YKK78C?tag=eloabder-20&linkCode=osi&th=1&psc=1"><img src="https://m.media-amazon.com/images/I/51VhZauUFYS._SL500_.jpg" alt="Product Image"></a><p>Ed Hardy Coconut Kisses Golden Tanning Lotion Cruelty Free, Gluten Free, Mineral Oil Free, DHA Free for All skin type,13.5 oz</p><p>$25.95 ($1.92 / Fl Oz)</p><a href="https://www.amazon.com/dp/B009YKK78C?tag=eloabder-20&linkCode=osi&th=1&psc=1">View Product</a></div><div class="product"><a href="https://www.amazon.com/dp/B09J1LZCWH?tag=eloabder-20&linkCode=osi&th=1&psc=1"><img src="https://m.media-amazon.com/images/I/41RzUs3u55L._SL500_.jpg" alt="Product Image"></a><p>Tanning Lotion Self Tanner - With Natural and Organic Ingredients Non Toxic Sunless Browning Lotion - Best Gradual Tan Lotion for Men and Women, Fair to Medium</p><p>$35.99 ($4.80 / Fl Oz)</p><a href="https://www.amazon.com/dp/B09J1LZCWH?tag=eloabder-20&linkCode=osi&th=1&psc=1">View Product</a></div><div class="product"><a href="https://www.amazon.com/dp/B00T7MZQ3S?tag=eloabder-20&linkCode=osi&th=1&psc=1"><img src="https://m.media-amazon.com/images/I/41yGeo8I0IL._SL500_.jpg" alt="Product Image"></a><p>Australian Gold Rapid Tanning Intensifier Lotion, 8.5 Fl Oz | With Tea Tree Oil and Aloe Vera | Vitamin E</p><p>$7.37 ($0.87 / Fl Oz)</p><a href="https://www.amazon.com/dp/B00T7MZQ3S?tag=eloabder-20&linkCode=osi&th=1&psc=1">View Product</a></div><div class="product"><a href="https://www.amazon.com/dp/B08MVJ5Y8Y?tag=eloabder-20&linkCode=osi&th=1&psc=1"><img src="https://m.media-amazon.com/images/I/51Mugq3kI+L._SL500_.jpg" alt="Product Image"></a><p>Tanning Paradise Black Coconut Love Tanning Lotion | Coconut Oil | Age-Defying | Tattoo Protecting Formula | Ultra Hydrating Dark Tanning Lotion, 13.5oz</p><p>$27.99 ($2.07 / Fl Oz)</p><a href="https://www.amazon.com/dp/B08MVJ5Y8Y?tag=eloabder-20&linkCode=osi&th=1&psc=1">View Product</a></div>
<div class="product"><a href="https://www.amazon.com/dp/B08FZZ4HPM?tag=eloabder-20&linkCode=osi&th=1&psc=1"><img src="https://m.media-amazon.com/images/I/31mReI9Wc6L._SL500_.jpg" alt="Product Image"></a><p>b.tan Ultra Dark Self Tanner | Too Tan - Fast, 1 Hour Express Sunless Tanning Mousse, No Gimmicks, No Fake Tan Smell, No Added Nasties, Vegan, Cruelty & Paraben Free, 6.7 Fl Oz</p><p>$9.97 ($1.49 / Fl Oz)</p><a href="https://www.amazon.com/dp/B08FZZ4HPM?tag=eloabder-20&linkCode=osi&th=1&psc=1">View Product</a></div><div class="product"><a href="https://www.amazon.com/dp/B0888B6TBN?tag=eloabder-20&linkCode=osi&th=1&psc=1"><img src="https://m.media-amazon.com/images/I/41K4-e3Kj9L._SL500_.jpg" alt="Product Image"></a><p>b.tan Darker Self Tanner Kit | Fall In Love at First Tan Bundle - Darker Self Tan Mousse with Self Tanning Mitt Applicator, Violet Base, 1 Hour Sunless Fast Tanner, No Fake Tan Smell, No Added Nasties, Vegan, Cruelty Free, 6.7 Fl Oz</p><p>$14.99 ($2.24 / Fl Oz)</p><a href="https://www.amazon.com/dp/B0888B6TBN?tag=eloabder-20&linkCode=osi&th=1&psc=1">View Product</a></div><div class="product"><a href="https://www.amazon.com/dp/B013WVAHJ2?tag=eloabder-20&linkCode=osi&th=1&psc=1"><img src="https://m.media-amazon.com/images/I/21yYdk2vOnL._SL500_.jpg" alt="Product Image"></a><p>Bondi Sands Self Tanning Foam | Lightweight, Self-Tanner Foam Enriched with Aloe Vera and Coconut Provides an Even, Streak-Free Tan | 6.76 oz/200 mL</p><p>$24.00 ($3.55 / Fl Oz )</p><a href="https://www.amazon.com/dp/B013WVAHJ2?tag=eloabder-20&linkCode=osi&th=1&psc=1">View Product</a></div><div class="product"><a href="https://www.amazon.com/dp/B09551QSJ3?tag=eloabder-20&linkCode=osi&th=1&psc=1"><img src="https://m.media-amazon.com/images/I/41tFLINqKrL._SL500_.jpg" alt="Product Image"></a><p>Self Tanner Mousse - USA Made with Natural & Organic Ingredients, Self Tanning Mousse for Dark Fake Tan, Sunless Tanner, Clear & Non Toxic Tanning Foam for Streak Free Finish, No Nasty Smell</p><p>$34.99 ($4.67 / Fl Oz)</p><a href="https://www.amazon.com/dp/B09551QSJ3?tag=eloabder-20&linkCode=osi&th=1&psc=1">View Product</a></div><div class="product"><a href="https://www.amazon.com/dp/B07Z53DKH3?tag=eloabder-20&linkCode=osi&th=1&psc=1"><img src="https://m.media-amazon.com/images/I/31WXxRTQ9rL._SL500_.jpg" alt="Product Image"></a><p>Coco & Eve Sunny Honey Bali Bronzing Foam (Ultra Dark). Natural Sunless Self Tanner Mousse. Anti Cellulite, Anti Aging, Organic Sunless Self Tanning Lotion</p><p>$38.00 ($5.59 / Fl Oz)</p><a href="https://www.amazon.com/dp/B07Z53DKH3?tag=eloabder-20&linkCode=osi&th=1&psc=1">View Product</a></div><div class="product"><a href="https://www.amazon.com/dp/B00GLS5DHU?tag=eloabder-20&linkCode=osi&th=1&psc=1"><img src="https://m.media-amazon.com/images/I/31EOp3BgHcL._SL500_.jpg" alt="Product Image"></a><p>Jergens Natural Glow 3-Day Self Tanner for Fair to Medium Skin Tone, Sunless Tanning Daily Moisturizer, for Streak-free and Natural-Looking Color, 10 Ounce</p><p>$14.49 ($1.45 / Fl Oz)</p><a href="https://www.amazon.com/dp/B00GLS5DHU?tag=eloabder-20&linkCode=osi&th=1&psc=1">View Product</a></div><div class="product"><a href="https://www.amazon.com/dp/B08G1LQGLN?tag=eloabder-20&linkCode=osi&th=1&psc=1"><img src="https://m.media-amazon.com/images/I/411EXWnc3cS._SL500_.jpg" alt="Product Image"></a><p>Coco & Eve Self Tanner Mousse Kit - All Natural Sunless Tanning (Dark) | Instant Lotion with Bronzer Mitt Applicator Sunny Honey Bali Bronzing</p><p>$41.00 ($6.12 / Fl Oz)</p><a href="https://www.amazon.com/dp/B08G1LQGLN?tag=eloabder-20&linkCode=osi&th=1&psc=1">View Product</a></div><div class="product"><a href="https://www.amazon.com/dp/B00KSS3MJ0?tag=eloabder-20&linkCode=osi&th=1&psc=1"><img src="https://m.media-amazon.com/images/I/31pZi3ANSfL._SL500_.jpg" alt="Product Image"></a><p>St.Tropez Self Tan Express Mousse, Fast Acting Fake Tan, Develops in 1-3 Hours, Streak-Free Finish, Vegan, Natural & Cruelty Free, 6.7 Fl Oz</p><p>$46.00 ($6.87 / Fl Oz)</p><a href="https://www.amazon.com/dp/B00KSS3MJ0?tag=eloabder-20&linkCode=osi&th=1&psc=1">View Product</a></div>
<div class="product"><a href="https://www.amazon.com/dp/B08KT2Z93D?tag=eloabder-20&linkCode=osi&th=1&psc=1"><img src="https://m.media-amazon.com/images/I/31IObY4C0xL._SL500_.jpg" alt="Product Image"></a><p>eos Shea Better Body Lotion- Vanilla Cashmere, 24-Hour Moisture Skin Care, Lightweight & Non-Greasy, Made with Natural Shea, Vegan, 16 fl oz</p><p>$8.98 ($0.56 / Fl Oz)</p><a href="https://www.amazon.com/dp/B08KT2Z93D?tag=eloabder-20&linkCode=osi&th=1&psc=1">View Product</a></div><div class="product"><a href="https://www.amazon.com/dp/B076G2XGY3?tag=eloabder-20&linkCode=osi&th=1&psc=1"><img src="https://m.media-amazon.com/images/I/41jIXvha20L._SL500_.jpg" alt="Product Image"></a><p>NIVEA Essentially Enriched Body Lotion for Dry Skin, Pack of 2, 16.9 Fl Oz Pump Bottles</p><p>$10.98 ($0.32 / Fl Oz)</p><a href="https://www.amazon.com/dp/B076G2XGY3?tag=eloabder-20&linkCode=osi&th=1&psc=1">View Product</a></div><div class="product"><a href="https://www.amazon.com/dp/B00DG8EZKO?tag=eloabder-20&linkCode=osi&th=1&psc=1"><img src="https://m.media-amazon.com/images/I/31DT3ghuyXL._SL500_.jpg" alt="Product Image"></a><p>NIVEA Intense Healing Body Lotion for Dry Skin, 72-Hour Moisturizing Lotion with Deep Nourishing Serum and Provitamin B5, 16.9 Fl Oz Pump Bottle</p><p>$6.24 ($0.37 / Fl Oz)</p><a href="https://www.amazon.com/dp/B00DG8EZKO?tag=eloabder-20&linkCode=osi&th=1&psc=1">View Product</a></div><div class="product"><a href="https://www.amazon.com/dp/B07RK4HST7?tag=eloabder-20&linkCode=osi&th=1&psc=1"><img src="https://m.media-amazon.com/images/I/412DGoW35mL._SL500_.jpg" alt="Product Image"></a><p>CeraVe Daily Moisturizing Lotion for Dry Skin | Body Lotion & Face Moisturizer with Hyaluronic Acid and Ceramides | Daily Moisturizer | Fragrance Free | Oil-Free | 19 Ounce</p><p>$18.50 ($0.97 / Fl Oz)</p><a href="https://www.amazon.com/dp/B07RK4HST7?tag=eloabder-20&linkCode=osi&th=1&psc=1">View Product</a></div><div class="product"><a href="https://www.amazon.com/dp/B0034F9K36?tag=eloabder-20&linkCode=osi&th=1&psc=1"><img src="https://m.media-amazon.com/images/I/319i3EFVPvL._SL500_.jpg" alt="Product Image"></a><p>Jergens Ultra Healing Dry Skin Moisturizer, Body and Hand Lotion for Dry Skin, for Quick Absorption into Extra Dry Skin, with HYDRALUCENCE blend, Vitamins C, E, and B5, 32 Ounce</p><p>$10.47 ($0.33 / Fl Oz)</p><a href="https://www.amazon.com/dp/B0034F9K36?tag=eloabder-20&linkCode=osi&th=1&psc=1">View Product</a></div><div class="product"><a href="https://www.amazon.com/dp/B003JT8PKQ?tag=eloabder-20&linkCode=osi&th=1&psc=1"><img src="https://m.media-amazon.com/images/I/31TFisQDpKL._SL500_.jpg" alt="Product Image"></a><p>Lubriderm Daily Moisture Lotion + Pro-Ceramide with Shea Butter & Glycerin Helps Moisturize Dry Skin, Hydrating Face, Hand & Body Lotion is Lightly Scented & Non-Greasy, 24 fl. oz</p><p>$10.12 ($0.42 / Fl Oz)</p><a href="https://www.amazon.com/dp/B003JT8PKQ?tag=eloabder-20&linkCode=osi&th=1&psc=1">View Product</a></div><div class="product"><a href="https://www.amazon.com/dp/B0D484X4RL?tag=eloabder-20&linkCode=osi&th=1&psc=1"><img src="https://m.media-amazon.com/images/I/31rZLOx+KEL._SL500_.jpg" alt="Product Image"></a><p>Native Body Lotion Contains Naturally Derived Plant-Based Moisturizers for Women and Men | Restores Dry Skin, Coconut & Vanilla, 16.5 fl oz</p><p>$13.97 ($0.85 / Fl Oz)</p><a href="https://www.amazon.com/dp/B0D484X4RL?tag=eloabder-20&linkCode=osi&th=1&psc=1">View Product</a></div><div class="product"><a href="https://www.amazon.com/dp/B073CXZ8KR?tag=eloabder-20&linkCode=osi&th=1&psc=1"><img src="https://m.media-amazon.com/images/I/31r1ImnqoOL._SL500_.jpg" alt="Product Image"></a><p>Nivea Oil Infused Cherry Blossom and Jojoba Oil Body Lotion, Non-Greasy Cherry Blossom Scented Lotion Moisturizes for 24+ Hours, 16.9 Fl Oz Pump Bottle</p><p>$6.29 ($0.37 / Fl Oz)</p><a href="https://www.amazon.com/dp/B073CXZ8KR?tag=eloabder-20&linkCode=osi&th=1&psc=1">View Product</a></div><div class="product"><a href="https://www.amazon.com/dp/B00W4TWD7I?tag=eloabder-20&linkCode=osi&th=1&psc=1"><img src="https://m.media-amazon.com/images/I/31hhrMRSQBL._SL500_.jpg" alt="Product Image"></a><p>Jergens Skin Firming Body Lotion for Dry to Extra Dry Skin, Skin Tightening Cream with Collagen and Elastin, Hydralucence Blend Formula, 16.8 oz</p><p>$7.47 ($0.44 / Fl Oz)</p><a href="https://www.amazon.com/dp/B00W4TWD7I?tag=eloabder-20&linkCode=osi&th=1&psc=1">View Product</a></div>
<div class="product"><a href="https://www.amazon.com/dp/B07C23RCR8?tag=eloabder-20&linkCode=osi&th=1&psc=1"><img src="https://m.media-amazon.com/images/I/41RZuPGWrcL._SL500_.jpg" alt="Product Image"></a><p>Petal Fresh Restoring Body Butter with Honey, Coconut Oil and Shea - Intense Hydration, Cruelty Free</p><p>$7.67 ($7.67 / Count)</p><a href="https://www.amazon.com/dp/B07C23RCR8?tag=eloabder-20&linkCode=osi&th=1&psc=1">View Product</a></div><div class="product"><a href="https://www.amazon.com/dp/B0BKCN9WRX?tag=eloabder-20&linkCode=osi&th=1&psc=1"><img src="https://m.media-amazon.com/images/I/41Jk3XD9gtL._SL500_.jpg" alt="Product Image"></a><p>Tree Hut Moroccan Rose Whipped Shea Body Butter, 8.4oz, Lightweight, Long-lasting, Hydrating Moisturizer with Natural Shea Butter for Nourishing Essential Body Care</p><p>$8.49 ($1.01 / Ounce)</p><a href="https://www.amazon.com/dp/B0BKCN9WRX?tag=eloabder-20&linkCode=osi&th=1&psc=1">View Product</a></div><div class="product"><a href="https://www.amazon.com/dp/B01H6OYPU8?tag=eloabder-20&linkCode=osi&th=1&psc=1"><img src="https://m.media-amazon.com/images/I/41Vkhay5SBL._SL500_.jpg" alt="Product Image"></a><p>NIVEA Cocoa Butter Body Cream with Deep Nourishing Serum, 15.5 Ounce</p><p>$7.05 ($0.45 / Ounce)</p><a href="https://www.amazon.com/dp/B01H6OYPU8?tag=eloabder-20&linkCode=osi&th=1&psc=1">View Product</a></div><div class="product"><a href="https://www.amazon.com/dp/B089N6B4ST?tag=eloabder-20&linkCode=osi&th=1&psc=1"><img src="https://m.media-amazon.com/images/I/41ropAOpQNL._SL500_.jpg" alt="Product Image"></a><p>Vaseline Illuminate Me Shea Butter Whipped Body Butter for Melanin Rich Skin Provides 24 Hour Moisturization for Dry Skin 11 oz</p><p>$12.80 ($1.16 / Fl Oz)</p><a href="https://www.amazon.com/dp/B089N6B4ST?tag=eloabder-20&linkCode=osi&th=1&psc=1">View Product</a></div><div class="product"><a href="https://www.amazon.com/dp/B09QMT3CVT?tag=eloabder-20&linkCode=osi&th=1&psc=1"><img src="https://m.media-amazon.com/images/I/41eMy8c3dcL._SL500_.jpg" alt="Product Image"></a><p>MAJESTIC PURE Whipped Argan Oil Body Butter for Women & Men - With Ceramides, Vitamin E & A & Vegan Collagen - For Skin, Face, & Appearance of Wrinkles & Fine Lines - 8oz</p><p>$9.99 ($1.25 / Ounce)</p><a href="https://www.amazon.com/dp/B09QMT3CVT?tag=eloabder-20&linkCode=osi&th=1&psc=1">View Product</a></div><div class="product"><a href="https://www.amazon.com/dp/B00GBH8TBS?tag=eloabder-20&linkCode=osi&th=1&psc=1"><img src="https://m.media-amazon.com/images/I/31L5XHEF9qL._SL500_.jpg" alt="Product Image"></a><p>Bliss Lemon and Sage Body Butter - Maximum Moisture Cream - 6.7 Fl Oz Lotion for Dry Skin - Long-Lasting Moisturizer for Women & Men - Vegan and Cruelty-Free</p><p>$11.99 ($1.79 / Fl Oz)</p><a href="https://www.amazon.com/dp/B00GBH8TBS?tag=eloabder-20&linkCode=osi&th=1&psc=1">View Product</a></div><div class="product"><a href="https://www.amazon.com/dp/B0013UQQAE?tag=eloabder-20&linkCode=osi&th=1&psc=1"><img src="https://m.media-amazon.com/images/I/411EPzhuAHL._SL500_.jpg" alt="Product Image"></a><p>Palmer’s Shea Butter Formula Raw African Shea Butter Balm, Nourishing Body Moisturizer for Rough, Dry Skin, 7.25 Ounces</p><p>$7.68 ($1.06 / Ounce)</p><a href="https://www.amazon.com/dp/B0013UQQAE?tag=eloabder-20&linkCode=osi&th=1&psc=1">View Product</a></div><div class="product"><a href="https://www.amazon.com/dp/B09SRGSNZR?tag=eloabder-20&linkCode=osi&th=1&psc=1"><img src="https://m.media-amazon.com/images/I/31knGR24zJL._SL500_.jpg" alt="Product Image"></a><p>Kopari Ultra Restore Body Butter with Hyaluronic Acid and Vitamin B5 - Vegan Moisturizing Lotion for Dry Skin, 7.7 oz</p><p>$36.00 ($4.68 / Fl Oz)</p><a href="https://www.amazon.com/dp/B09SRGSNZR?tag=eloabder-20&linkCode=osi&th=1&psc=1">View Product</a></div><div class="product"><a href="https://www.amazon.com/dp/B0C4Q95W1T?tag=eloabder-20&linkCode=osi&th=1&psc=1"><img src="https://m.media-amazon.com/images/I/417J+mMnNXL._SL500_.jpg" alt="Product Image"></a><p>Vaseline Illuminate Me Body Butter & Body Oil - Shimmering Body Bronzer, Hydrating Whipped Organic Shea Butter with 24-Hour Moisture for Melanin-Rich Skin, Radiant Body Glow Oil (2 Piece Set)</p><p>$22.99 ($1.61 / Fl Oz)</p><a href="https://www.amazon.com/dp/B0C4Q95W1T?tag=eloabder-20&linkCode=osi&th=1&psc=1">View Product</a></div>
<div class="product"><a href="https://www.amazon.com/dp/B004L17FKC?tag=eloabder-20&linkCode=osi&th=1&psc=1"><img src="https://m.media-amazon.com/images/I/31nbXT8PueL._SL500_.jpg" alt="Product Image"></a><p>OSEA Undaria Algae Body Oil 5 oz - After Shower Body Oil - Non-Greasy Body Serum & Fast Absorbing Skincare - Clean Beauty & Vegan Seaweed Body Moisturizer for Dry Skin</p><p>$51.95 ($10.39 / Fl Oz)</p><a href="https://www.amazon.com/dp/B004L17FKC?tag=eloabder-20&linkCode=osi&th=1&psc=1">View Product</a></div><div class="product"><a href="https://www.amazon.com/dp/B00008BK7H?tag=eloabder-20&linkCode=osi&th=1&psc=1"><img src="https://m.media-amazon.com/images/I/31NaIvcVrtL._SL500_.jpg" alt="Product Image"></a><p>Neutrogena Body Oil Light Sesame Formula, Dry Skin Moisturizer and Hydrating Body Massage Oil for Radiant and Healthy Looking Glow, Nourishing Bath Oil for Sheer Moisture, 16 FL OZ</p><p>$23.41 ($1.46 / Fl Oz)</p><a href="https://www.amazon.com/dp/B00008BK7H?tag=eloabder-20&linkCode=osi&th=1&psc=1">View Product</a></div><div class="product"><a href="https://www.amazon.com/dp/B08D43LHYP?tag=eloabder-20&linkCode=osi&th=1&psc=1"><img src="https://m.media-amazon.com/images/I/315zlZLfRWL._SL500_.jpg" alt="Product Image"></a><p>Aveeno Daily Moisturizing Dry Body Oil Mist with Oat and Jojoba Oil for Dry, Rough Sensitive Skin, Nourishing & Hypoallergenic Body Spray, Paraben-, Silicone- & Phthalate-Free, 6.7 fl. oz</p><p>$9.58 ($1.43 / Fl Oz)</p><a href="https://www.amazon.com/dp/B08D43LHYP?tag=eloabder-20&linkCode=osi&th=1&psc=1">View Product</a></div><div class="product"><a href="https://www.amazon.com/dp/B00AREGVUM?tag=eloabder-20&linkCode=osi&th=1&psc=1"><img src="https://m.media-amazon.com/images/I/41qfuNZmKRL._SL500_.jpg" alt="Product Image"></a><p>Bio-Oil Skincare Body Oil, Vitamin E Serum for Scars & Stretchmarks, Dermatologist Recommended, All Skin Types, 6.7 oz</p><p>$28.99 ($4.33 / Fl Oz)</p><a href="https://www.amazon.com/dp/B00AREGVUM?tag=eloabder-20&linkCode=osi&th=1&psc=1">View Product</a></div><div class="product"><a href="https://www.amazon.com/dp/B000056W74?tag=eloabder-20&linkCode=osi&th=1&psc=1"><img src="https://m.media-amazon.com/images/I/51iuZeO24dL._SL500_.jpg" alt="Product Image"></a><p>Palmer's Cocoa Butter Moisturizing Body Oil with Vitamin E, Radiant Looking Glow and Skin Hydration, Instant Absorption, Bath, Body and Shower, 8.5 Ounces</p><p>$7.49 ($0.88 / Fl Oz)</p><a href="https://www.amazon.com/dp/B000056W74?tag=eloabder-20&linkCode=osi&th=1&psc=1">View Product</a></div><div class="product"><a href="https://www.amazon.com/dp/B001B0ZZFS?tag=eloabder-20&linkCode=osi&th=1&psc=1"><img src="https://m.media-amazon.com/images/I/31CraOP2i5L._SL500_.jpg" alt="Product Image"></a><p>Neutrogena Fragrance-Free Body Oil Light Sesame Formula, Dry Skin Moisturizer & Hydrating Body Massage Oil, for Radiant & Healthy Glow, Nourishing After Shower & Bath Oil, 8.5 fl. oz</p><p>$8.86 ($1.04 / Fl Oz)</p><a href="https://www.amazon.com/dp/B001B0ZZFS?tag=eloabder-20&linkCode=osi&th=1&psc=1">View Product</a></div><div class="product"><a href="https://www.amazon.com/dp/B0CFSVH4L7?tag=eloabder-20&linkCode=osi&th=1&psc=1"><img src="https://m.media-amazon.com/images/I/31VtRL8qSpL._SL500_.jpg" alt="Product Image"></a><p>Saltair - Santal Bloom Body Oil - Nourishing Body Moisturizer</p><p>$22.00 ($5.50 / Fl Oz)</p><a href="https://www.amazon.com/dp/B0CFSVH4L7?tag=eloabder-20&linkCode=osi&th=1&psc=1">View Product</a></div><div class="product"><a href="https://www.amazon.com/dp/B089NCFBQZ?tag=eloabder-20&linkCode=osi&th=1&psc=1"><img src="https://m.media-amazon.com/images/I/41WGBM4YipL._SL500_.jpg" alt="Product Image"></a><p>Vaseline Illuminate Me Shimmering Body Oil Created for Melanin Rich Skin, Illuminates Skin with Finishing Touch of Shimmer for Glowing Skin 3.3 oz</p><p>$8.75 ($2.65 / Fl Oz)</p><a href="https://www.amazon.com/dp/B089NCFBQZ?tag=eloabder-20&linkCode=osi&th=1&psc=1">View Product</a></div><div class="product"><a href="https://www.amazon.com/dp/B076MGQ5SW?tag=eloabder-20&linkCode=osi&th=1&psc=1"><img src="https://m.media-amazon.com/images/I/31i7GSTXsoL._SL500_.jpg" alt="Product Image"></a><p>SheaMoisture Daily Hydration Body Oil Virgin Coconut Oil For Dry Skin Paraben Free 8 oz</p><p>$8.93 ($1.12 / Fl Oz)</p><a href="https://www.amazon.com/dp/B076MGQ5SW?tag=eloabder-20&linkCode=osi&th=1&psc=1">View Product</a></div>
<div class="product"><a href="https://www.amazon.com/dp/B07GJR4KXM?tag=eloabder-20&linkCode=osi&th=1&psc=1"><img src="https://m.media-amazon.com/images/I/41Zl1DjrGpL._SL500_.jpg" alt="Product Image"></a><p>Brooklyn Botany Brown Sugar Body Scrub - Moisturizing and Exfoliating Body, Face, Hand, Foot Scrub - Fights Acne, Fine Lines & Wrinkles, Great Gifts For Women & Men - 10 oz</p><p>$9.99 ($1.00 / Ounce)</p><a href="https://www.amazon.com/dp/B07GJR4KXM?tag=eloabder-20&linkCode=osi&th=1&psc=1">View Product</a></div><div class="product"><a href="https://www.amazon.com/dp/B095Z7HQP3?tag=eloabder-20&linkCode=osi&th=1&psc=1"><img src="https://m.media-amazon.com/images/I/31oWHQkNovL._SL500_.jpg" alt="Product Image"></a><p>First Aid Beauty KP Bump Eraser Body Scrub Exfoliant for Keratosis Pilaris with 10% AHA 4 oz.</p><p>$20.00 ($5.00 / Ounce)</p><a href="https://www.amazon.com/dp/B095Z7HQP3?tag=eloabder-20&linkCode=osi&th=1&psc=1">View Product</a></div><div class="product"><a href="https://www.amazon.com/dp/B0CQLTP6JM?tag=eloabder-20&linkCode=osi&th=1&psc=1"><img src="https://m.media-amazon.com/images/I/41oU0wGhtHL._SL500_.jpg" alt="Product Image"></a><p>Elvira KP Bump Eraser Body Scrub, Exfoliating Body Scrub for Keratosis Pilaris, Smooth Skin with 10% AHA/BHA & Niacinamide, Moisturizing and Brightening, Body Skin Care Products, Deep Cleansing - 7 oz</p><p>$16.99 ($2.43 / Fl Oz)</p><a href="https://www.amazon.com/dp/B0CQLTP6JM?tag=eloabder-20&linkCode=osi&th=1&psc=1">View Product</a></div><div class="product"><a href="https://www.amazon.com/dp/B09VH79Z17?tag=eloabder-20&linkCode=osi&th=1&psc=1"><img src="https://m.media-amazon.com/images/I/41VgTZ12TwL._SL500_.jpg" alt="Product Image"></a><p>Dr Teal's Shea Sugar Body Scrub, Shea Butter with Almond Oil & Essential Oils, 19 oz (Pack of 3) (Packaging May Vary)</p><p>$20.94 ($0.37 / Ounce)</p><a href="https://www.amazon.com/dp/B09VH79Z17?tag=eloabder-20&linkCode=osi&th=1&psc=1">View Product</a></div>
<div class="product"><a href="https://www.amazon.com/dp/B0BVBZPX9B?tag=eloabder-20&linkCode=osi&th=1&psc=1"><img src="https://m.media-amazon.com/images/I/61Y09jlKZkL._SL500_.jpg" alt="Product Image"></a><p>Dove Deep Moisture Body Wash 30.6 Fl Oz Pack of 3 with Pump, Luxurious Hydration for Dry Skin, Cleanser with 24hr Renewing MicroMoisture</p><p>$23.22 ($0.25 / Fl Oz)</p><a href="https://www.amazon.com/dp/B0BVBZPX9B?tag=eloabder-20&linkCode=osi&th=1&psc=1">View Product</a></div><div class="product"><a href="https://www.amazon.com/dp/B0BT1VXDGD?tag=eloabder-20&linkCode=osi&th=1&psc=1"><img src="https://m.media-amazon.com/images/I/217eAv7yKyL._SL500_.jpg" alt="Product Image"></a><p>Method Body Wash, Pure Peace, Paraben and Phthalate Free, Biodegradable Formula, 28 oz (Pack of 1)</p><p>$11.48 ($0.41 / Fl Oz)</p><a href="https://www.amazon.com/dp/B0BT1VXDGD?tag=eloabder-20&linkCode=osi&th=1&psc=1">View Product</a></div><div class="product"><a href="https://www.amazon.com/dp/B0BVBYQGTW?tag=eloabder-20&linkCode=osi&th=1&psc=1"><img src="https://m.media-amazon.com/images/I/61En44WjwPL._SL500_.jpg" alt="Product Image"></a><p>Dove Body Wash with Pump Sensitive Skin 3 Count Hypoallergenic, Paraben-Free, Sulfate-Free, Cruelty-Free, Moisturizing Skin Cleanser Effectively Washes Away Bacteria While Nourishing Skin 30.6 oz</p><p>$23.22 ($0.25 / Fl Oz)</p><a href="https://www.amazon.com/dp/B0BVBYQGTW?tag=eloabder-20&linkCode=osi&th=1&psc=1">View Product</a></div><div class="product"><a href="https://www.amazon.com/dp/B0CGY5BLBW?tag=eloabder-20&linkCode=osi&th=1&psc=1"><img src="https://m.media-amazon.com/images/I/61X7MjVU6uL._SL500_.jpg" alt="Product Image"></a><p>Dove Exfoliating Body Wash Glow Recharge Energizes & illuminates skin 3% brightening serum with vitamin C 18.5 oz</p><p>$9.79 ($0.53 / Fl Oz)</p><a href="https://www.amazon.com/dp/B0CGY5BLBW?tag=eloabder-20&linkCode=osi&th=1&psc=1">View Product</a></div><div class="product"><a href="https://www.amazon.com/dp/B082QB23YG?tag=eloabder-20&linkCode=osi&th=1&psc=1"><img src="https://m.media-amazon.com/images/I/31QPAuuaLwL._SL500_.jpg" alt="Product Image"></a><p>NIVEA Refreshing White Peach and Jasmine Body Wash, Scented Body Wash with Nourishing Serum, Plant-Derived Oils, Essential Skin Lipids and Vitamins, 20 Fl Oz Bottle</p><p>$4.89 ($0.24 / Fl Oz)</p><a href="https://www.amazon.com/dp/B082QB23YG?tag=eloabder-20&linkCode=osi&th=1&psc=1">View Product</a></div><div class="product"><a href="https://www.amazon.com/dp/B0BHH1LBX2?tag=eloabder-20&linkCode=osi&th=1&psc=1"><img src="https://m.media-amazon.com/images/I/41aG-jLyOqL._SL500_.jpg" alt="Product Image"></a><p>Olay Ultra Rich Moisture Body Wash for Women, Deeply Nourishes, Vitamin B3 Complex, Clinically Proven, Shea Butter Scent, 22 fl oz (Pack of 4)</p><p>$26.95 ($0.31 / Fl Oz)</p><a href="https://www.amazon.com/dp/B0BHH1LBX2?tag=eloabder-20&linkCode=osi&th=1&psc=1">View Product</a></div><div class="product"><a href="https://www.amazon.com/dp/B0BVBYDTZ6?tag=eloabder-20&linkCode=osi&th=1&psc=1"><img src="https://m.media-amazon.com/images/I/61UbJzK8yIL._SL500_.jpg" alt="Product Image"></a><p>Dove Body Wash with Pump Refreshing Cucumber and Green Tea 3 Count Refreshes Skin Cleanser That Effectively Washes Away Bacteria While Nourishing Your Skin 30.6 oz</p><p>$29.91 ($0.33 / Fl Oz)</p><a href="https://www.amazon.com/dp/B0BVBYDTZ6?tag=eloabder-20&linkCode=osi&th=1&psc=1">View Product</a></div><div class="product"><a href="https://www.amazon.com/dp/B082QC2MCX?tag=eloabder-20&linkCode=osi&th=1&psc=1"><img src="https://m.media-amazon.com/images/I/31ohT5XH1TS._SL500_.jpg" alt="Product Image"></a><p>NIVEA Shea Butter Nourishing Body Wash, Moisturizing Body Wash with Nourishing Serum, Plant-Derived Oils, Essential Skin Lipids and Vitamins, 20 Fl Oz Bottle</p><p>$5.29 ($0.26 / Fl Oz)</p><a href="https://www.amazon.com/dp/B082QC2MCX?tag=eloabder-20&linkCode=osi&th=1&psc=1">View Product</a></div><div class="product"><a href="https://www.amazon.com/dp/B07FD24RTR?tag=eloabder-20&linkCode=osi&th=1&psc=1"><img src="https://m.media-amazon.com/images/I/31klAgInvXL._SL500_.jpg" alt="Product Image"></a><p>Aveeno Stress Relief Body Wash with Soothing Oat for Sensitive Skin, Lavender Body Wash to help you feel Calm and Relaxed, Sulfate-Free, 33 FL OZ</p><p>$13.48 ($0.41 / Fl Oz)</p><a href="https://www.amazon.com/dp/B07FD24RTR?tag=eloabder-20&linkCode=osi&th=1&psc=1">View Product</a></div><div class="product"><a href="https://www.amazon.com/dp/B082QBPDJC?tag=eloabder-20&linkCode=osi&th=1&psc=1"><img src="https://m.media-amazon.com/images/I/31tC4JDwHQL._SL500_.jpg" alt="Product Image"></a><p>NIVEA Coconut and Almond Milk Pampering Body Wash, Moisturizing Body Wash with Nourishing Serum, Plant-Derived Oils, Essential Skin Lipids and Vitamins, 20 Fl Oz Bottle</p><p>$4.99 ($0.25 / Fl Oz)</p><a href="https://www.amazon.com/dp/B082QBPDJC?tag=eloabder-20&linkCode=osi&th=1&psc=1">View Product</a></div>
<div class="product"><a href="https://www.amazon.com/dp/B0BNQWFWLF?tag=eloabder-20&linkCode=osi&th=1&psc=1"><img src="https://m.media-amazon.com/images/I/41trFLlJ04L._SL500_.jpg" alt="Product Image"></a><p>Neutrogena Rainbath Body Wash, Refreshing, Moisturizing Daily Body Cleanser and Shaving Gel with Clean Rinsing Lather, Original Scent, 32 fl. Oz</p><p>$15.98 ($0.50 / Fl Oz)</p><a href="https://www.amazon.com/dp/B0BNQWFWLF?tag=eloabder-20&linkCode=osi&th=1&psc=1">View Product</a></div><div class="product"><a href="https://www.amazon.com/dp/B0BT1WN3ZD?tag=eloabder-20&linkCode=osi&th=1&psc=1"><img src="https://m.media-amazon.com/images/I/21GMn0pFzCL._SL500_.jpg" alt="Product Image"></a><p>Method Body Wash, Sea + Surf, Paraben and Phthalate Free, Biodegradable Formula, 28 oz, (Pack of 1)</p><p>$11.48 ($0.41 / Fl Oz)</p><a href="https://www.amazon.com/dp/B0BT1WN3ZD?tag=eloabder-20&linkCode=osi&th=1&psc=1">View Product</a></div><div class="product"><a href="https://www.amazon.com/dp/B09M7SPFSJ?tag=eloabder-20&linkCode=osi&th=1&psc=1"><img src="https://m.media-amazon.com/images/I/31bOOl+IL6L._SL500_.jpg" alt="Product Image"></a><p>Ivory Mild & Gentle Body Wash, Original Scent, 35oz</p><p>$5.97 ($0.17 / Ounce)</p><a href="https://www.amazon.com/dp/B09M7SPFSJ?tag=eloabder-20&linkCode=osi&th=1&psc=1">View Product</a></div><div class="product"><a href="https://www.amazon.com/dp/B0CK4YS1SV?tag=eloabder-20&linkCode=osi&th=1&psc=1"><img src="https://m.media-amazon.com/images/I/518js3kBNfL._SL500_.jpg" alt="Product Image"></a><p>Dr Teal's Body Wash with Pure Epsom Salt, Relax & Relief with Eucalyptus & Spearmint, 24 fl oz (Pack of 2) (Packaging May Vary)</p><p>$11.74 ($0.24 / Fl Oz)</p><a href="https://www.amazon.com/dp/B0CK4YS1SV?tag=eloabder-20&linkCode=osi&th=1&psc=1">View Product</a></div><div class="product"><a href="https://www.amazon.com/dp/B0CNL19TQG?tag=eloabder-20&linkCode=osi&th=1&psc=1"><img src="https://m.media-amazon.com/images/I/61kqkkFXOkL._SL500_.jpg" alt="Product Image"></a><p>Dove Men+Care Body Wash Eucalyptus + Cedar Oil to Rebuild Skin in the Shower with Plant-Based Cleansers and Moisturizers 26 oz</p><p>$9.99 ($0.38 / Fl Oz)</p><a href="https://www.amazon.com/dp/B0CNL19TQG?tag=eloabder-20&linkCode=osi&th=1&psc=1">View Product</a></div><div class="product"><a href="https://www.amazon.com/dp/B01IMEJV5U?tag=eloabder-20&linkCode=osi&th=1&psc=1"><img src="https://m.media-amazon.com/images/I/41q8gXtf06S._SL500_.jpg" alt="Product Image"></a><p>OGX Extra Creamy + Coconut Miracle Oil Ultra Moisture Body Wash, 19.5 Fl Oz</p><p>$6.57 ($0.34 / Fl Oz)</p><a href="https://www.amazon.com/dp/B01IMEJV5U?tag=eloabder-20&linkCode=osi&th=1&psc=1">View Product</a></div>
<div class="product"><a href="https://www.amazon.com/dp/B00A8S6HM4?tag=eloabder-20&linkCode=osi&th=1&psc=1"><img src="https://m.media-amazon.com/images/I/31tIssP5CQL._SL500_.jpg" alt="Product Image"></a><p>Gold Bond Healing Hand Cream, 3 oz., With Aloe, Moisture That Lasts Through Handwashing</p><p>$3.97 ($1.32 / Ounce)</p><a href="https://www.amazon.com/dp/B00A8S6HM4?tag=eloabder-20&linkCode=osi&th=1&psc=1">View Product</a></div><div class="product"><a href="https://www.amazon.com/dp/B006UEOQ5K?tag=eloabder-20&linkCode=osi&th=1&psc=1"><img src="https://m.media-amazon.com/images/I/316StCvRHcL._SL500_.jpg" alt="Product Image"></a><p>L’Occitane Shea Butter Hand Cream 5.1 Oz: Nourishes Very Dry Hands, Protects Skin, With 20% Organic Shea Butter, Vegan, 1 Sold Every 3 Seconds*</p><p>$27.00</p><a href="https://www.amazon.com/dp/B006UEOQ5K?tag=eloabder-20&linkCode=osi&th=1&psc=1">View Product</a></div><div class="product"><a href="https://www.amazon.com/dp/B00EYOSA9G?tag=eloabder-20&linkCode=osi&th=1&psc=1"><img src="https://m.media-amazon.com/images/I/41bhc+gcG0L._SL500_.jpg" alt="Product Image"></a><p>La Roche-Posay Cicaplast Hand Cream, Instant Relief Moisturizing Dry Hands Shea Butter Lotion for Dry Cracked Hands, Non Greasy, Fragrance Free, 1.69 Fl Oz (Pack of 1)</p><p>$11.99 ($7.05 / Fl Oz)</p><a href="https://www.amazon.com/dp/B00EYOSA9G?tag=eloabder-20&linkCode=osi&th=1&psc=1">View Product</a></div><div class="product"><a href="https://www.amazon.com/dp/B00BN2UF54?tag=eloabder-20&linkCode=osi&th=1&psc=1"><img src="https://m.media-amazon.com/images/I/41JdUlyNn5L._SL500_.jpg" alt="Product Image"></a><p>CeraVe Therapeutic Hand Cream for Dry Cracked Hands With Hyaluronic Acid and Niacinamide | Fragrance Free 3 Ounce</p><p>$10.47 ($3.49 / Ounce)</p><a href="https://www.amazon.com/dp/B00BN2UF54?tag=eloabder-20&linkCode=osi&th=1&psc=1">View Product</a></div><div class="product"><a href="https://www.amazon.com/dp/B09QP658PT?tag=eloabder-20&linkCode=osi&th=1&psc=1"><img src="https://m.media-amazon.com/images/I/31W-klVFPhL._SL500_.jpg" alt="Product Image"></a><p>eos Shea Better Hand Cream - Vanilla Cashmere | Instant Hydration + Lasting Protection | 2.5 oz</p><p>$3.97 ($1.59 / Fl Oz)</p><a href="https://www.amazon.com/dp/B09QP658PT?tag=eloabder-20&linkCode=osi&th=1&psc=1">View Product</a></div><div class="product"><a href="https://www.amazon.com/dp/B00121UVU0?tag=eloabder-20&linkCode=osi&th=1&psc=1"><img src="https://m.media-amazon.com/images/I/41eeed+P5BL._SL500_.jpg" alt="Product Image"></a><p>O'Keeffe's Working Hands Hand Cream for Extremely Dry, Cracked Hands, 3.4 Ounce Jar, (Pack 1)</p><p>$8.48 ($2.49 / Ounce)</p><a href="https://www.amazon.com/dp/B00121UVU0?tag=eloabder-20&linkCode=osi&th=1&psc=1">View Product</a></div><div class="product"><a href="https://www.amazon.com/dp/B0148PKYXU?tag=eloabder-20&linkCode=osi&th=1&psc=1"><img src="https://m.media-amazon.com/images/I/41cwut0DGKL._SL500_.jpg" alt="Product Image"></a><p>O'Keeffe's Working Hands Hand Cream, Relieves and Repairs Extremely Dry Hands, 3 oz Tube, (Pack of 2)</p><p>$15.17 ($2.53 / Ounce)</p><a href="https://www.amazon.com/dp/B0148PKYXU?tag=eloabder-20&linkCode=osi&th=1&psc=1">View Product</a></div><div class="product"><a href="https://www.amazon.com/dp/B08Q1B7DVZ?tag=eloabder-20&linkCode=osi&th=1&psc=1"><img src="https://m.media-amazon.com/images/I/41KbVXj2k4L._SL500_.jpg" alt="Product Image"></a><p>Neutrogena Norwegian Formula Moisturizing Hand Cream Formulated with Glycerin for Dry, Rough Hands, Fragrance-Free Intensive Hand Lotion, 2 oz, Pack of 6</p><p>$32.94 ($2.74 / Ounce)</p><a href="https://www.amazon.com/dp/B08Q1B7DVZ?tag=eloabder-20&linkCode=osi&th=1&psc=1">View Product</a></div><div class="product"><a href="https://www.amazon.com/dp/B002PK0ROM?tag=eloabder-20&linkCode=osi&th=1&psc=1"><img src="https://m.media-amazon.com/images/I/51ACxQvzcbL._SL500_.jpg" alt="Product Image"></a><p>Burt's Bees Almond & Milk Hand Cream, 2 Oz (Package May Vary)</p><p>$8.84 ($4.42 / Ounce)</p><a href="https://www.amazon.com/dp/B002PK0ROM?tag=eloabder-20&linkCode=osi&th=1&psc=1">View Product</a></div><div class="product"><a href="https://www.amazon.com/dp/B09YYZWSSY?tag=eloabder-20&linkCode=osi&th=1&psc=1"><img src="https://m.media-amazon.com/images/I/31iud1lgyFL._SL500_.jpg" alt="Product Image"></a><p>Gold Bond Age Renew Crepe Corrector Hand Cream, Replenishing & Smoothing Formula, 3 oz.</p><p>$5.98 ($1.99 / Ounce)</p><a href="https://www.amazon.com/dp/B09YYZWSSY?tag=eloabder-20&linkCode=osi&th=1&psc=1">View Product</a></div>
<div class="product"><a href="https://www.amazon.com/dp/B0002QB9NE?tag=eloabder-20&linkCode=osi&th=1&psc=1"><img src="https://m.media-amazon.com/images/I/416vf0q0uqL._SL500_.jpg" alt="Product Image"></a><p>O'Keeffe's for Healthy Feet Foot Cream, Guaranteed Relief for Extremely Dry, Cracked Feet, Instantly Boosts Moisture Levels, 3.2 Ounce Jar, (Pack of 1)</p><p>$9.01 ($2.82 / Ounce)</p><a href="https://www.amazon.com/dp/B0002QB9NE?tag=eloabder-20&linkCode=osi&th=1&psc=1">View Product</a></div><div class="product"><a href="https://www.amazon.com/dp/B082TSRP9J?tag=eloabder-20&linkCode=osi&th=1&psc=1"><img src="https://m.media-amazon.com/images/I/51coMhCd1ML._SL500_.jpg" alt="Product Image"></a><p>Ebanel Urea Cream 40% plus Salicylic Acid 2%, Foot Cream for Dry Cracked Heels Feet Knees Elbows Hands, Foot Dead Skin Cuticle Callus Remover Toenail Softener, Keratolytic Skin Barrier Repair Cream</p><p>$15.95 ($3.47 / Ounce)</p><a href="https://www.amazon.com/dp/B082TSRP9J?tag=eloabder-20&linkCode=osi&th=1&psc=1">View Product</a></div><div class="product"><a href="https://www.amazon.com/dp/B08YZBKZPB?tag=eloabder-20&linkCode=osi&th=1&psc=1"><img src="https://m.media-amazon.com/images/I/41ktbxpRfPL._SL500_.jpg" alt="Product Image"></a><p>Dr. Scholl's Dry, Cracked Foot Repair Ultra-Hydrating Foot Cream Moisturizer, 3.5 oz, Skin Care Foot Lotion with 25% Urea for Dry Cracked Feet, Heals and Moisturizes for Healthy Feet</p><p>$5.89 ($1.68 / Ounce)</p><a href="https://www.amazon.com/dp/B08YZBKZPB?tag=eloabder-20&linkCode=osi&th=1&psc=1">View Product</a></div><div class="product"><a href="https://www.amazon.com/dp/B0859JFWDT?tag=eloabder-20&linkCode=osi&th=1&psc=1"><img src="https://m.media-amazon.com/images/I/51JZjw73KSL._SL500_.jpg" alt="Product Image"></a><p>New York Biology Tea Tree Oil Foot Cream for Dry Cracked Feet, Athletes Foot, Nail Fungus, Jock Itch, Ringworm, Cracked Heels and Itchy Skin - Foot Cream - 8 oz</p><p>$9.99 ($1.25 / Ounce)</p><a href="https://www.amazon.com/dp/B0859JFWDT?tag=eloabder-20&linkCode=osi&th=1&psc=1">View Product</a></div><div class="product"><a href="https://www.amazon.com/dp/B09854CPGD?tag=eloabder-20&linkCode=osi&th=1&psc=1"><img src="https://m.media-amazon.com/images/I/31CmRbfOBBL._SL500_.jpg" alt="Product Image"></a><p>OUKEYA Urea Cream 40 Percent, Urea Foot & Hand Cream for Dry Cracked, 40 per Urea Lotion for Feet Maximum Strength</p><p>$9.59 ($1.81 / Ounce)</p><a href="https://www.amazon.com/dp/B09854CPGD?tag=eloabder-20&linkCode=osi&th=1&psc=1">View Product</a></div><div class="product"><a href="https://www.amazon.com/dp/B0081C2I22?tag=eloabder-20&linkCode=osi&th=1&psc=1"><img src="https://m.media-amazon.com/images/I/41f3N9+RSFL._SL500_.jpg" alt="Product Image"></a><p>Palmer's Cocoa Butter Formula Foot Magic Moisturizing Foot Cream for Dry, Cracked Heels, Feet Moisturizer with Peppermint Oil & Vitamin E, 2.1 Ounces</p><p>$4.22 ($2.01 / Ounce)</p><a href="https://www.amazon.com/dp/B0081C2I22?tag=eloabder-20&linkCode=osi&th=1&psc=1">View Product</a></div><div class="product"><a href="https://www.amazon.com/dp/B072VSYFNY?tag=eloabder-20&linkCode=osi&th=1&psc=1"><img src="https://m.media-amazon.com/images/I/41mzQGUdFmL._SL500_.jpg" alt="Product Image"></a><p>O'Keeffe's Healthy Feet Intense Renewal Cream with Alpha Hydroxy Acid, Softens and Exfoliates Extremely Dry, Callused Feet, 3oz Tube (Pack of 1)</p><p>$8.77 ($2.92 / Ounce)</p><a href="https://www.amazon.com/dp/B072VSYFNY?tag=eloabder-20&linkCode=osi&th=1&psc=1">View Product</a></div><div class="product"><a href="https://www.amazon.com/dp/B087N7QYN1?tag=eloabder-20&linkCode=osi&th=1&psc=1"><img src="https://m.media-amazon.com/images/I/41AOHWv5UaL._SL500_.jpg" alt="Product Image"></a><p>O'Keeffe's for Healthy Feet Foot Cream, Guaranteed Relief for Extremely Dry, Cracked Feet, Instantly Boosts Moisture Levels, 6.4 Ounce Jar, Value Size, (Pack of 1)</p><p>$15.09 ($2.36 / Ounce)</p><a href="https://www.amazon.com/dp/B087N7QYN1?tag=eloabder-20&linkCode=osi&th=1&psc=1">View Product</a></div><div class="product"><a href="https://www.amazon.com/dp/B07CKKQWSN?tag=eloabder-20&linkCode=osi&th=1&psc=1"><img src="https://m.media-amazon.com/images/I/513WcwplzkL._SL500_.jpg" alt="Product Image"></a><p>Profoot Heel Rescue Foot Cream 16 Ounce Bottle, 2 Pack, for Cracked, Calloused or Chapped Skin</p><p>$13.92 ($0.44 / Ounce)</p><a href="https://www.amazon.com/dp/B07CKKQWSN?tag=eloabder-20&linkCode=osi&th=1&psc=1">View Product</a></div>
<div class="product"><a href="https://www.amazon.com/dp/B0CS2XBMG5?tag=eloabder-20&linkCode=osi&th=1&psc=1"><img src="https://m.media-amazon.com/images/I/41SVGjvtkXL._SL500_.jpg" alt="Product Image"></a><p>SAVILAND Natural Cuticle Oil Pen: 12PCS Revitalizing Cuticle Oil for Nails with Vitamin E For Repair Cuticles Overnight Cuticle Softener Nail Strengthener Protector for Damaged Skin Thin Nail</p><p>$9.99 ($9.99 / Fl Oz)</p><a href="https://www.amazon.com/dp/B0CS2XBMG5?tag=eloabder-20&linkCode=osi&th=1&psc=1">View Product</a></div><div class="product"><a href="https://www.amazon.com/dp/B0037MIMLW?tag=eloabder-20&linkCode=osi&th=1&psc=1"><img src="https://m.media-amazon.com/images/I/41M3z8vrUzL._SL500_.jpg" alt="Product Image"></a><p>CND SolarOil Cuticle Oil, Natural Blend Of Jojoba, Vitamin E, Rice Bran and Sweet Almond Oils, Moisturizes and Conditions Skin, Pack Of 1, 0.25 oz.</p><p>$9.90 ($49.50 / Fl Oz)</p><a href="https://www.amazon.com/dp/B0037MIMLW?tag=eloabder-20&linkCode=osi&th=1&psc=1">View Product</a></div><div class="product"><a href="https://www.amazon.com/dp/B09K3VX6XB?tag=eloabder-20&linkCode=osi&th=1&psc=1"><img src="https://m.media-amazon.com/images/I/41KQk0SauIL._SL500_.jpg" alt="Product Image"></a><p>modelones Cuticle Oil for Nails 15ml Natural Nail Oil for Growth and Strength Damaged Nails Vitamin E Revitalizing Essential Oils Cuticle Care</p><p>$8.99 ($17.63 / Fl Oz)</p><a href="https://www.amazon.com/dp/B09K3VX6XB?tag=eloabder-20&linkCode=osi&th=1&psc=1">View Product</a></div><div class="product"><a href="https://www.amazon.com/dp/B072C4GT6P?tag=eloabder-20&linkCode=osi&th=1&psc=1"><img src="https://m.media-amazon.com/images/I/31AcTRIcNCL._SL500_.jpg" alt="Product Image"></a><p>OPI ProSpa Nail and Cuticle Oil To Go, 0.25 fl oz</p><p>$11.49 ($45.96 / Fl Oz)</p><a href="https://www.amazon.com/dp/B072C4GT6P?tag=eloabder-20&linkCode=osi&th=1&psc=1">View Product</a></div><div class="product"><a href="https://www.amazon.com/dp/B0725XWF6R?tag=eloabder-20&linkCode=osi&th=1&psc=1"><img src="https://m.media-amazon.com/images/I/3167QE6enxL._SL500_.jpg" alt="Product Image"></a><p>OPI ProSpa Nail and Cuticle Oil, 0.29 fl oz</p><p>$10.82 ($37.31 / Fl Oz)</p><a href="https://www.amazon.com/dp/B0725XWF6R?tag=eloabder-20&linkCode=osi&th=1&psc=1">View Product</a></div><div class="product"><a href="https://www.amazon.com/dp/B0CN65Q5LD?tag=eloabder-20&linkCode=osi&th=1&psc=1"><img src="https://m.media-amazon.com/images/I/41ixcyjMHNL._SL500_.jpg" alt="Product Image"></a><p>NXJ INFILILA Cuticle Oil Bulk 3.3 Fl Oz, 100Pcs Mini Cuticle Oil for Nails, Hydrating Cuticle Care Product Ttravel Size for Repaired Cuticles Overnight, Cuticle Repair and Nail Care (Milk & Honey)</p><p>$9.99 ($0.10 / Count)</p><a href="https://www.amazon.com/dp/B0CN65Q5LD?tag=eloabder-20&linkCode=osi&th=1&psc=1">View Product</a></div><div class="product"><a href="https://www.amazon.com/dp/B0B29JZ5KL?tag=eloabder-20&linkCode=osi&th=1&psc=1"><img src="https://m.media-amazon.com/images/I/41c+VvEUnZL._SL500_.jpg" alt="Product Image"></a><p>C CARE Lavender and chamomile Cuticle Oil For Nails - Repairs Cuticles Overnight - Moisturizes and Strengthens Nails and Cuticles - Dropper & Brush included - 2.5oz</p><p>$9.99 ($4.00 / Fl Oz)</p><a href="https://www.amazon.com/dp/B0B29JZ5KL?tag=eloabder-20&linkCode=osi&th=1&psc=1">View Product</a></div>
<div class="product"><a href="https://www.amazon.com/dp/B0CMHSNYG8?tag=eloabder-20&linkCode=osi&th=1&psc=1"><img src="https://m.media-amazon.com/images/I/51iVcKQ6eIL._SL500_.jpg" alt="Product Image"></a><p>JODSONE Gel Nail Set 20 Colors High Shine Gorgeous Gel Polish Base Top Matte Coat Nice Gifts Show Charm</p><p>$19.99</p><a href="https://www.amazon.com/dp/B0CMHSNYG8?tag=eloabder-20&linkCode=osi&th=1&psc=1">View Product</a></div><div class="product"><a href="https://www.amazon.com/dp/B09KC56289?tag=eloabder-20&linkCode=osi&th=1&psc=1"><img src="https://m.media-amazon.com/images/I/51M-P1nM7QL._SL500_.jpg" alt="Product Image"></a><p>JODSONE 36 PCS Gel Nail Polish Set-32 Colors Gel Polish Kit Base Coat Glossy Matte and Glitter Top Coat Nail Polish Set Green Blue Red Pink Collection Gifts for Women</p><p>$25.99</p><a href="https://www.amazon.com/dp/B09KC56289?tag=eloabder-20&linkCode=osi&th=1&psc=1">View Product</a></div><div class="product"><a href="https://www.amazon.com/dp/B0987JZSP8?tag=eloabder-20&linkCode=osi&th=1&psc=1"><img src="https://m.media-amazon.com/images/I/31VZYZfCKbL._SL500_.jpg" alt="Product Image"></a><p>OPI Nature Strong Vegan Nail Polish, Knowledge is Flower, Pink Nail Polish, Natural Origin, Cruelty-Free Nail Lacquer, 0.5 fl oz.</p><p>$12.99 ($25.98 / Fl Oz)</p><a href="https://www.amazon.com/dp/B0987JZSP8?tag=eloabder-20&linkCode=osi&th=1&psc=1">View Product</a></div><div class="product"><a href="https://www.amazon.com/dp/B00GXVVDG0?tag=eloabder-20&linkCode=osi&th=1&psc=1"><img src="https://m.media-amazon.com/images/I/21vF-y2FfJL._SL500_.jpg" alt="Product Image"></a><p>Essie Nail Polish, Salon-Quality, 8-free Vegan, Finish, Mademoiselle, 0.46 Ounces (Packaging May Vary) Sheer Pink</p><p>$8.97</p><a href="https://www.amazon.com/dp/B00GXVVDG0?tag=eloabder-20&linkCode=osi&th=1&psc=1">View Product</a></div><div class="product"><a href="https://www.amazon.com/dp/B00149RO2S?tag=eloabder-20&linkCode=osi&th=1&psc=1"><img src="https://m.media-amazon.com/images/I/411K8WtBjML._SL500_.jpg" alt="Product Image"></a><p>OPI Nail Lacquer, Black Cherry Chutney, Red Nail Polish, 0.5 fl oz</p><p>$11.99 ($23.98 / Fl Oz)</p><a href="https://www.amazon.com/dp/B00149RO2S?tag=eloabder-20&linkCode=osi&th=1&psc=1">View Product</a></div>
<div class="product"><a href="https://www.amazon.com/dp/B07TLZDSWR?tag=eloabder-20&linkCode=osi&th=1&psc=1"><img src="https://m.media-amazon.com/images/I/31lsbbYkXFL._SL500_.jpg" alt="Product Image"></a><p>Pronto 100% Pure Acetone - Quick, Professional Nail Polish Remover - For Natural, Gel, Acrylic, Sculptured Nails (8 FL. OZ.)</p><p>$9.99 ($1.25 / Fl Oz)</p><a href="https://www.amazon.com/dp/B07TLZDSWR?tag=eloabder-20&linkCode=osi&th=1&psc=1">View Product</a></div><div class="product"><a href="https://www.amazon.com/dp/B08N2XBP1D?tag=eloabder-20&linkCode=osi&th=1&psc=1"><img src="https://m.media-amazon.com/images/I/41SDa89WDxL._SL500_.jpg" alt="Product Image"></a><p>Mineral Fusion Nail Polish Remover, 6 fl oz, 2 count</p><p>$16.50</p><a href="https://www.amazon.com/dp/B08N2XBP1D?tag=eloabder-20&linkCode=osi&th=1&psc=1">View Product</a></div><div class="product"><a href="https://www.amazon.com/dp/B004KJ7AGE?tag=eloabder-20&linkCode=osi&th=1&psc=1"><img src="https://m.media-amazon.com/images/I/41jL3jJJEEL._SL500_.jpg" alt="Product Image"></a><p>Super Nail Pure Acetone Polish Remover, 8 Fl Oz</p><p>$6.25</p><a href="https://www.amazon.com/dp/B004KJ7AGE?tag=eloabder-20&linkCode=osi&th=1&psc=1">View Product</a></div><div class="product"><a href="https://www.amazon.com/dp/B0CQLWZGQC?tag=eloabder-20&linkCode=osi&th=1&psc=1"><img src="https://m.media-amazon.com/images/I/51RNLfN+X4L._SL500_.jpg" alt="Product Image"></a><p>Morovan Gel Nail Polish Remover Kit: Gel Polish Remover for Nails with Liquid Latex Tape Peel off Nail Strengthener Cuticle Pusher Quick & Easy Gel Remover for Nails in 3-5 mins No Soaking Or Wrapping</p><p>$9.99</p><a href="https://www.amazon.com/dp/B0CQLWZGQC?tag=eloabder-20&linkCode=osi&th=1&psc=1">View Product</a></div><div class="product"><a href="https://www.amazon.com/dp/B09Z2V94LY?tag=eloabder-20&linkCode=osi&th=1&psc=1"><img src="https://m.media-amazon.com/images/I/41aI3wwnE3L._SL500_.jpg" alt="Product Image"></a><p>Gel Nail Polish Remover 1pcs, Professional Gel Polish Remover for Nails, No Need for Foil, Quick & Easy Polish Remover In 2-3 Minutes, No Need Soaking Or Wrapping-15ml</p><p>$9.99</p><a href="https://www.amazon.com/dp/B09Z2V94LY?tag=eloabder-20&linkCode=osi&th=1&psc=1">View Product</a></div><div class="product"><a href="https://www.amazon.com/dp/B07STW4VR3?tag=eloabder-20&linkCode=osi&th=1&psc=1"><img src="https://m.media-amazon.com/images/I/41H-8Xsu7OL._SL500_.jpg" alt="Product Image"></a><p>Butter LONDON Nail Polish Remover Pads, Nail Scrubbers (10 Count) - 2-in-1 Prep & Lacquer Remover Nail Wipes - Travel-Friendly Gel Fingernail Polish Remover - Cruelty-Free, Paraben-Free & Gluten-Free</p><p>$10.00 ($1.00 / Count)</p><a href="https://www.amazon.com/dp/B07STW4VR3?tag=eloabder-20&linkCode=osi&th=1&psc=1">View Product</a></div><div class="product"><a href="https://www.amazon.com/dp/B001DTZK0C?tag=eloabder-20&linkCode=osi&th=1&psc=1"><img src="https://m.media-amazon.com/images/I/31H2xmoYh2L._SL500_.jpg" alt="Product Image"></a><p>ZOYA Remove Plus 3 in 1 Formula - Liquid Polish Remover, Nail Cleaner, Nail Prep, 8 Fl Oz</p><p>$12.00 ($1.50 / Fl Oz)</p><a href="https://www.amazon.com/dp/B001DTZK0C?tag=eloabder-20&linkCode=osi&th=1&psc=1">View Product</a></div>
<div class="product"><a href="https://www.amazon.com/dp/B07F12SZDS?tag=eloabder-20&linkCode=osi&th=1&psc=1"><img src="https://m.media-amazon.com/images/I/415-o2OwWqL._SL500_.jpg" alt="Product Image"></a><p>Beetles 2 Pcs 15ml No Wipe Gel Top Coat and Base Coat Set - Shine Finish and Long Lasting, Soak Off LED Nail Lamp Gel Base Top Coat Finish Nail Art Design Manicure Gifts for Women</p><p>$7.99</p><a href="https://www.amazon.com/dp/B07F12SZDS?tag=eloabder-20&linkCode=osi&th=1&psc=1">View Product</a></div><div class="product"><a href="https://www.amazon.com/dp/B004220C6E?tag=eloabder-20&linkCode=osi&th=1&psc=1"><img src="https://m.media-amazon.com/images/I/41UDx4gfvEL._SL500_.jpg" alt="Product Image"></a><p>OPI Natural Nail Base Coat, Nail Polish Base Coat, 0.5 fl oz</p><p>$11.99 ($23.98 / Fl Oz)</p><a href="https://www.amazon.com/dp/B004220C6E?tag=eloabder-20&linkCode=osi&th=1&psc=1">View Product</a></div><div class="product"><a href="https://www.amazon.com/dp/B07KYNY7C4?tag=eloabder-20&linkCode=osi&th=1&psc=1"><img src="https://m.media-amazon.com/images/I/41nRG35oupL._SL500_.jpg" alt="Product Image"></a><p>essie nail care, vegan, clear base coat, strengthener, Strong Start, 0.46 fl oz</p><p>$9.28</p><a href="https://www.amazon.com/dp/B07KYNY7C4?tag=eloabder-20&linkCode=osi&th=1&psc=1">View Product</a></div><div class="product"><a href="https://www.amazon.com/dp/B0BX77172B?tag=eloabder-20&linkCode=osi&th=1&psc=1"><img src="https://m.media-amazon.com/images/I/41NS6hYFFYL._SL500_.jpg" alt="Product Image"></a><p>beetles Gel Polish Gel No Wipe Base Coat,15ml for Gel Nail Polish Soak Off LED Nail Lamp Gel Base Coat Upgraded Formula Long-Lasting DIY Home and Nail Salon</p><p>$6.99 ($13.71 / Fl Oz)</p><a href="https://www.amazon.com/dp/B0BX77172B?tag=eloabder-20&linkCode=osi&th=1&psc=1">View Product</a></div><div class="product"><a href="https://www.amazon.com/dp/B0BD4MMFVM?tag=eloabder-20&linkCode=osi&th=1&psc=1"><img src="https://m.media-amazon.com/images/I/414wIShbm+L._SL500_.jpg" alt="Product Image"></a><p>GAOY 16ml 2 Pcs Glassy Gel Top Coat and Base Coat Set,No Wipe Foundation Combination for UV Light Cure Nail Polish</p><p>$6.99</p><a href="https://www.amazon.com/dp/B0BD4MMFVM?tag=eloabder-20&linkCode=osi&th=1&psc=1">View Product</a></div><div class="product"><a href="https://www.amazon.com/dp/B08Z7JSXQ1?tag=eloabder-20&linkCode=osi&th=1&psc=1"><img src="https://m.media-amazon.com/images/I/41+02CKnU7L._SL500_.jpg" alt="Product Image"></a><p>modelones 2024 Upgrade Super Shiny Gel Top Coat, 15ml No Wipe Clear Glossy Gel Base and Top Coat Set, Soak Off Nail Lamp Acid Free Base Top Gel Nail Polish Starter Kit</p><p>$6.35</p><a href="https://www.amazon.com/dp/B08Z7JSXQ1?tag=eloabder-20&linkCode=osi&th=1&psc=1">View Product</a></div><div class="product"><a href="https://www.amazon.com/dp/B00770JW9Q?tag=eloabder-20&linkCode=osi&th=1&psc=1"><img src="https://m.media-amazon.com/images/I/41l5O38NktL._SL500_.jpg" alt="Product Image"></a><p>Seche Clear and Seche Vite, Base Coat and Top Coat for Nail Polish</p><p>$9.99</p><a href="https://www.amazon.com/dp/B00770JW9Q?tag=eloabder-20&linkCode=osi&th=1&psc=1">View Product</a></div><div class="product"><a href="https://www.amazon.com/dp/B07FXR67KP?tag=eloabder-20&linkCode=osi&th=1&psc=1"><img src="https://m.media-amazon.com/images/I/41TDlHtLVPL._SL500_.jpg" alt="Product Image"></a><p>Vishine 15ml No Wipe Top Coat Base Coat Soak off UV LED Drying Long Lasting Shiny Nail Varnish Set</p><p>$8.99</p><a href="https://www.amazon.com/dp/B07FXR67KP?tag=eloabder-20&linkCode=osi&th=1&psc=1">View Product</a></div><div class="product"><a href="https://www.amazon.com/dp/B000VUT39S?tag=eloabder-20&linkCode=osi&th=1&psc=1"><img src="https://m.media-amazon.com/images/I/31XB8+yUKnL._SL500_.jpg" alt="Product Image"></a><p>Orly Base Nail Coat, Bonder, 0.6 Ounce</p><p>$8.00 ($13.33 / Fl Oz)</p><a href="https://www.amazon.com/dp/B000VUT39S?tag=eloabder-20&linkCode=osi&th=1&psc=1">View Product</a></div>
<div class="product"><a href="https://www.amazon.com/dp/B08VZ6VSJ5?tag=eloabder-20&linkCode=osi&th=1&psc=1"><img src="https://m.media-amazon.com/images/I/317piUMa1pL._SL500_.jpg" alt="Product Image"></a><p>KUPA GelFinity - Soak Off Gel - Top Coat Glossy Finish (No-Wipe) 0.5 Fl Oz</p><p>$7.79 ($15.58 / Fl Oz)</p><a href="https://www.amazon.com/dp/B08VZ6VSJ5?tag=eloabder-20&linkCode=osi&th=1&psc=1">View Product</a></div><div class="product"><a href="https://www.amazon.com/dp/B0CHBB9S4J?tag=eloabder-20&linkCode=osi&th=1&psc=1"><img src="https://m.media-amazon.com/images/I/41qRu1votRL._SL500_.jpg" alt="Product Image"></a><p>beetles Gel Polish 2Pcs 15ml No Wipe Top Coat High Gloss Shiny Long-Lasting Clear Gel Top Coat, Soak Off Nail Lamp Nail Gel, Home DIY Professional Manicure and Nail Salon</p><p>$9.98 ($9.78 / Fl Oz)</p><a href="https://www.amazon.com/dp/B0CHBB9S4J?tag=eloabder-20&linkCode=osi&th=1&psc=1">View Product</a></div><div class="product"><a href="https://www.amazon.com/dp/B07FG7ZVFF?tag=eloabder-20&linkCode=osi&th=1&psc=1"><img src="https://m.media-amazon.com/images/I/41zWBPeG5RL._SL500_.jpg" alt="Product Image"></a><p>beetles Gel Polish No Wipe Gel Top Coat - Clear Color Gel Shine Finish and Long Lasting, Soak Off Nail Lamp Gel, 15ml Gift for Girls</p><p>$6.99 ($13.71 / Fl Oz)</p><a href="https://www.amazon.com/dp/B07FG7ZVFF?tag=eloabder-20&linkCode=osi&th=1&psc=1">View Product</a></div><div class="product"><a href="https://www.amazon.com/dp/B08J9WZB29?tag=eloabder-20&linkCode=osi&th=1&psc=1"><img src="https://m.media-amazon.com/images/I/31WQqYx1BLL._SL500_.jpg" alt="Product Image"></a><p>Vishine Top Coat- 15ML No Wipe Top Coat Gel Nail Polish High Gloss Shine Finish Long Lasting Home DIY Professional Manicure</p><p>$6.99 ($13.98 / Fl Oz)</p><a href="https://www.amazon.com/dp/B08J9WZB29?tag=eloabder-20&linkCode=osi&th=1&psc=1">View Product</a></div><div class="product"><a href="https://www.amazon.com/dp/B00178VX50?tag=eloabder-20&linkCode=osi&th=1&psc=1"><img src="https://m.media-amazon.com/images/I/31MWdGSTydL._SL500_.jpg" alt="Product Image"></a><p>OPI Top Coat, Protective High Gloss Shine Nail Polish Top Coat, 0.5 fl oz</p><p>$11.99 ($0.80 / millilitre)</p><a href="https://www.amazon.com/dp/B00178VX50?tag=eloabder-20&linkCode=osi&th=1&psc=1">View Product</a></div><div class="product"><a href="https://www.amazon.com/dp/B00150LT40?tag=eloabder-20&linkCode=osi&th=1&psc=1"><img src="https://m.media-amazon.com/images/I/410pKBFvS9L._SL500_.jpg" alt="Product Image"></a><p>Seche Vite Dry Fast Top Coat - .5 fl oz</p><p>$7.05</p><a href="https://www.amazon.com/dp/B00150LT40?tag=eloabder-20&linkCode=osi&th=1&psc=1">View Product</a></div>
<div class="product"><a href="https://www.amazon.com/dp/B000052WZD?tag=eloabder-20&linkCode=osi&th=1&psc=1"><img src="https://m.media-amazon.com/images/I/31neIP1eUnL._SL500_.jpg" alt="Product Image"></a><p>Trim Nail Files, 2 Count – Dual-Sided Nail Board with 280/320 Grit – Cushioned, Easy Grip for Comfortable Use – Emery Boards for Smoothing & Finishing Nails</p><p>$1.89 ($0.94 / Count)</p><a href="https://www.amazon.com/dp/B000052WZD?tag=eloabder-20&linkCode=osi&th=1&psc=1">View Product</a></div><div class="product"><a href="https://www.amazon.com/dp/B007242LWC?tag=eloabder-20&linkCode=osi&th=1&psc=1"><img src="https://m.media-amazon.com/images/I/41+E1EwskpS._SL500_.jpg" alt="Product Image"></a><p>3 Swords Germany - Brand Quality Double Sided (fine & coarse) Sapphire Metal Pocket Nail File (1 Piece), Made in Solingen Germany</p><p>$9.95</p><a href="https://www.amazon.com/dp/B007242LWC?tag=eloabder-20&linkCode=osi&th=1&psc=1">View Product</a></div><div class="product"><a href="https://www.amazon.com/dp/B0017KCQ2W?tag=eloabder-20&linkCode=osi&th=1&psc=1"><img src="https://m.media-amazon.com/images/I/21bzfUjSMwL._SL500_.jpg" alt="Product Image"></a><p>Revlon Nail Buffer, Gifts for Women, Stocking Stuffers, Shape 'N' Buff Nail File & Buffer, Nail Care Tool, All-in-One Shaping & Buffing, Easy to Use (Pack of 1)</p><p>$3.76</p><a href="https://www.amazon.com/dp/B0017KCQ2W?tag=eloabder-20&linkCode=osi&th=1&psc=1">View Product</a></div>
<div class="product"><a href="https://www.amazon.com/dp/B07M5RNH4Z?tag=eloabder-20&linkCode=osi&th=1&psc=1"><img src="https://m.media-amazon.com/images/I/41VsLZvsbKL._SL500_.jpg" alt="Product Image"></a><p>HAWATOUR Nail Clippers Set, Ultra Sharp Sturdy Fingernail and Toenail Clipper Cutters with Visibly Tin Case, Black</p><p>$9.97</p><a href="https://www.amazon.com/dp/B07M5RNH4Z?tag=eloabder-20&linkCode=osi&th=1&psc=1">View Product</a></div><div class="product"><a href="https://www.amazon.com/dp/B0015HKN3G?tag=eloabder-20&linkCode=osi&th=1&psc=1"><img src="https://m.media-amazon.com/images/I/31Y23jebqxL._SL500_.jpg" alt="Product Image"></a><p>Revlon Nail Clipper, Gifts for Men & Women, Stocking Stuffers, Nail Care Tools, Curved Blade & Foldaway Nail File for Trimming & Grooming, Easy to Use (Pack of 1)</p><p>$2.98</p><a href="https://www.amazon.com/dp/B0015HKN3G?tag=eloabder-20&linkCode=osi&th=1&psc=1">View Product</a></div><div class="product"><a href="https://www.amazon.com/dp/B00CRMHEJE?tag=eloabder-20&linkCode=osi&th=1&psc=1"><img src="https://m.media-amazon.com/images/I/41UM1wHFbiL._SL500_.jpg" alt="Product Image"></a><p>Tweezerman Stainless Steel Nail Combo Set with Fingernail and Toenail Clippers</p><p>$11.98</p><a href="https://www.amazon.com/dp/B00CRMHEJE?tag=eloabder-20&linkCode=osi&th=1&psc=1">View Product</a></div><div class="product"><a href="https://www.amazon.com/dp/B09VPM99J8?tag=eloabder-20&linkCode=osi&th=1&psc=1"><img src="https://m.media-amazon.com/images/I/31t5pEdSClL._SL500_.jpg" alt="Product Image"></a><p>Amazon Basics Nail Clippers 2-Pack, Black</p><p>$5.18</p><a href="https://www.amazon.com/dp/B09VPM99J8?tag=eloabder-20&linkCode=osi&th=1&psc=1">View Product</a></div><div class="product"><a href="https://www.amazon.com/dp/B004NZDY42?tag=eloabder-20&linkCode=osi&th=1&psc=1"><img src="https://m.media-amazon.com/images/I/31ehL-AtFBL._SL500_.jpg" alt="Product Image"></a><p>Revlon Mini Nail Clipper, Nail Care Tools, Curved Blade for Trimming & Grooming, Easy to Use (Pack of 1)</p><p>$2.98</p><a href="https://www.amazon.com/dp/B004NZDY42?tag=eloabder-20&linkCode=osi&th=1&psc=1">View Product</a></div>

<div class="product"><a href="https://www.amazon.com/dp/B0037O2J7I?tag=eloabder-20&linkCode=osi&th=1&psc=1"><img src="https://m.media-amazon.com/images/I/31fwHgXkJ7L._SL500_.jpg" alt="Product Image"></a><p>4 Way Shiny Block / 4 Step Buffing Block Shine Nail Buffer</p><p>$3.99 ($3.99 / Count)</p><a href="https://www.amazon.com/dp/B0037O2J7I?tag=eloabder-20&linkCode=osi&th=1&psc=1">View Product</a></div>

<div class="product"><a href="https://www.amazon.com/dp/B0BRRLF5N6?tag=eloabder-20&linkCode=osi&th=1&psc=1"><img src="https://m.media-amazon.com/images/I/51YW58bcDsL._SL500_.jpg" alt="Product Image"></a><p>Foot Soak Set Pedicure Kit Foot Spa Callus Remover for Feet Cuticle Remover Foot File for Dead Skin Pink Salt Urea Cream for Feet Aloe Lavender Pedicure Supplies Dry Cracked Feet for Women Men</p><p>$15.99</p><a href="https://www.amazon.com/dp/B0BRRLF5N6?tag=eloabder-20&linkCode=osi&th=1&psc=1">View Product</a></div><div class="product"><a href="https://www.amazon.com/dp/B09JWMBYJN?tag=eloabder-20&linkCode=osi&th=1&psc=1"><img src="https://m.media-amazon.com/images/I/51FgTeeSJKL._SL500_.jpg" alt="Product Image"></a><p>nbc BeautiLab Pedicure Kit Foot Soak Set: Bubble Salt, Sugar Scrub, Massage Mask, Massage Lotion in a Box, 4 Step Foot Spa Kit for Dry Feet, Softens Calluses, Tired Feet（3 Set Lavender)</p><p>$16.99 ($1.42 / Ounce)</p><a href="https://www.amazon.com/dp/B09JWMBYJN?tag=eloabder-20&linkCode=osi&th=1&psc=1">View Product</a></div>
<div class="product"><a href="https://www.amazon.com/dp/B07BHCB9Y2?tag=eloabder-20&linkCode=osi&th=1&psc=1"><img src="https://m.media-amazon.com/images/I/51V47D7WZ1L._SL500_.jpg" alt="Product Image"></a><p>PURA D'OR Anti-Thinning Biotin Shampoo & Deep Moisturizing Conditioner Original Gold Label Set (16Oz x2) Natural Earthy Scent, Clinically Tested Proven Results, DHT Blocker Thickening, For Women & Men</p><p>$39.99 ($1.25 / Fl Oz)</p><a href="https://www.amazon.com/dp/B07BHCB9Y2?tag=eloabder-20&linkCode=osi&th=1&psc=1">View Product</a></div><div class="product"><a href="https://www.amazon.com/dp/B07N7MWX72?tag=eloabder-20&linkCode=osi&th=1&psc=1"><img src="https://m.media-amazon.com/images/I/414aNTDFuRL._SL500_.jpg" alt="Product Image"></a><p>Mielle Organics Rosemary Mint Strengthening Shampoo Infused with Biotin, Cleanses and Helps Strengthen Weak and Brittle Hair, 12 Ounces</p><p>$9.97 ($0.83 / Fl Oz)</p><a href="https://www.amazon.com/dp/B07N7MWX72?tag=eloabder-20&linkCode=osi&th=1&psc=1">View Product</a></div><div class="product"><a href="https://www.amazon.com/dp/B08SSM21R4?tag=eloabder-20&linkCode=osi&th=1&psc=1"><img src="https://m.media-amazon.com/images/I/31WbRm+ZKEL._SL500_.jpg" alt="Product Image"></a><p>Redken All Soft Shampoo | Deeply Moisturizes and Hydrates | Softens, Smooths, and Adds Shine | Safe for Color-Treated Hair | Nourishing Shampoo for Dry Hair | With Argan Oil</p><p>$26.00 ($2.57 / Fl Oz)</p><a href="https://www.amazon.com/dp/B08SSM21R4?tag=eloabder-20&linkCode=osi&th=1&psc=1">View Product</a></div><div class="product"><a href="https://www.amazon.com/dp/B00ADRH2OM?tag=eloabder-20&linkCode=osi&th=1&psc=1"><img src="https://m.media-amazon.com/images/I/413WPcPNDbL._SL500_.jpg" alt="Product Image"></a><p>OGX Thick & Full + Biotin & Collagen Volumizing Shampoo, Nutrient-Infused Hair Shampoo with Vitamin B7 Biotin Gives Hair Volume & Body for 72+ Hours, Sulfate-Free Surfactants, 13 fl. oz</p><p>$6.97 ($0.54 / Fl Oz)</p><a href="https://www.amazon.com/dp/B00ADRH2OM?tag=eloabder-20&linkCode=osi&th=1&psc=1">View Product</a></div><div class="product"><a href="https://www.amazon.com/dp/B01ENCBOA0?tag=eloabder-20&linkCode=osi&th=1&psc=1"><img src="https://m.media-amazon.com/images/I/41wcbs9bSAL._SL500_.jpg" alt="Product Image"></a><p>Rosemary and Biotin Shampoo for Thinning Hair - Vegan Volumizing Shampoo for Fine Hair with Argan and Tea Tree Oil - Paraben Silicone and Sulfate Free Shampoo for Dry Damaged Weak and Thin Hair Care</p><p>$12.95 ($1.62 / Fl Oz)</p><a href="https://www.amazon.com/dp/B01ENCBOA0?tag=eloabder-20&linkCode=osi&th=1&psc=1">View Product</a></div><div class="product"><a href="https://www.amazon.com/dp/B00FH692PQ?tag=eloabder-20&linkCode=osi&th=1&psc=1"><img src="https://m.media-amazon.com/images/I/41Sqc25WpzL._SL500_.jpg" alt="Product Image"></a><p>PURA D'OR Original Gold Label Anti-Thinning Biotin Shampoo Natural Earthy Scent, Clinically Tested Proven Results, Herbal DHT Blocker Hair Thickening Products For Women & Men, Color Treated Hair, 16oz</p><p>$29.99 ($1.87 / Fl Oz)</p><a href="https://www.amazon.com/dp/B00FH692PQ?tag=eloabder-20&linkCode=osi&th=1&psc=1">View Product</a></div><div class="product"><a href="https://www.amazon.com/dp/B07D37PQGL?tag=eloabder-20&linkCode=osi&th=1&psc=1"><img src="https://m.media-amazon.com/images/I/31+tZhs5TNL._SL500_.jpg" alt="Product Image"></a><p>Olaplex No. 4 Bond Maintenance Shampoo, Repairs, Strengthens, & Nourishes All Hair Types, Adds Shine & Leaves Hair Feeling Soft, 8.5 fl oz</p><p>$30.00 ($3.53 / Fl Oz)</p><a href="https://www.amazon.com/dp/B07D37PQGL?tag=eloabder-20&linkCode=osi&th=1&psc=1">View Product</a></div><div class="product"><a href="https://www.amazon.com/dp/B07525QJC8?tag=eloabder-20&linkCode=osi&th=1&psc=1"><img src="https://m.media-amazon.com/images/I/31Zl6Upjq4S._SL500_.jpg" alt="Product Image"></a><p>L'Oreal Paris Elvive Total Repair 5 Repairing Shampoo for Damaged Hair Shampoo with Protein and Ceramide for Strong Silky Shiny Healthy Renewed Hair 28 Fl Oz</p><p>$7.68 ($0.27 / Fl Oz)</p><a href="https://www.amazon.com/dp/B07525QJC8?tag=eloabder-20&linkCode=osi&th=1&psc=1">View Product</a></div><div class="product"><a href="https://www.amazon.com/dp/B0098QPV3I?tag=eloabder-20&linkCode=osi&th=1&psc=1"><img src="https://m.media-amazon.com/images/I/31OzU+ogltL._SL500_.jpg" alt="Product Image"></a><p>Moroccanoil Hydrating Shampoo, 8.5 Fl. Oz.</p><p>$26.00 ($3.06 / Fl Oz)</p><a href="https://www.amazon.com/dp/B0098QPV3I?tag=eloabder-20&linkCode=osi&th=1&psc=1">View Product</a></div><div class="product"><a href="https://www.amazon.com/dp/B07HMK15G9?tag=eloabder-20&linkCode=osi&th=1&psc=1"><img src="https://m.media-amazon.com/images/I/31Tdk9qdj7L._SL500_.jpg" alt="Product Image"></a><p>Aveeno Fresh Greens Blend Natural Volumizing Shampoo, Cucumber, Rosemary, for Fine Hair, 12 fl oz</p><p>$8.12 ($0.68 / Ounce)</p><a href="https://www.amazon.com/dp/B07HMK15G9?tag=eloabder-20&linkCode=osi&th=1&psc=1">View Product</a></div>
<div class="product"><a href="https://www.amazon.com/dp/B0752CBW5T?tag=eloabder-20&linkCode=osi&th=1&psc=1"><img src="https://m.media-amazon.com/images/I/31-KMa7LAlS._SL500_.jpg" alt="Product Image"></a><p>L'Oreal Paris Elvive Total Repair 5 Repairing Conditioner for Damaged Hair Conditioner with Protein and Ceramide for Strong Silky Shiny Healthy Renewed Hair 28 Fl Oz</p><p>$8.49 ($0.30 / Fl Oz)</p><a href="https://www.amazon.com/dp/B0752CBW5T?tag=eloabder-20&linkCode=osi&th=1&psc=1">View Product</a></div><div class="product"><a href="https://www.amazon.com/dp/B07CLD17F5?tag=eloabder-20&linkCode=osi&th=1&psc=1"><img src="https://m.media-amazon.com/images/I/61hTHQjDOkL._SL500_.jpg" alt="Product Image"></a><p>Dove Ultra Care Conditioner Coconut & Hydration for Dry Hair Conditioner with Coconut Oil, Jojoba Oil & Sweet Almond Oil 25.4 oz</p><p>$7.49 ($0.29 / Fl Oz)</p><a href="https://www.amazon.com/dp/B07CLD17F5?tag=eloabder-20&linkCode=osi&th=1&psc=1">View Product</a></div><div class="product"><a href="https://www.amazon.com/dp/B0098QQ88U?tag=eloabder-20&linkCode=osi&th=1&psc=1"><img src="https://m.media-amazon.com/images/I/31kA4N9VngL._SL500_.jpg" alt="Product Image"></a><p>Moroccanoil Hydrating Conditioner, 8.5 Fl Oz</p><p>$26.00 ($3.10 / Fl Oz)</p><a href="https://www.amazon.com/dp/B0098QQ88U?tag=eloabder-20&linkCode=osi&th=1&psc=1">View Product</a></div><div class="product"><a href="https://www.amazon.com/dp/B07D37SBHF?tag=eloabder-20&linkCode=osi&th=1&psc=1"><img src="https://m.media-amazon.com/images/I/31ivDW-ouZL._SL500_.jpg" alt="Product Image"></a><p>Olaplex No. 5 Bond Maintenance Conditioner, Repairs, Strengthens, & Nourishes All Hair Types, Leaving Hair Feeling Soft & Adds Shine, 8.5 fl oz"</p><p>$30.00 ($3.53 / Fl Oz)</p><a href="https://www.amazon.com/dp/B07D37SBHF?tag=eloabder-20&linkCode=osi&th=1&psc=1">View Product</a></div><div class="product"><a href="https://www.amazon.com/dp/B07NR2B9HS?tag=eloabder-20&linkCode=osi&th=1&psc=1"><img src="https://m.media-amazon.com/images/I/51pWHfe9iNL._SL500_.jpg" alt="Product Image"></a><p>Aussie 3 Minute Miracle Moist Deep Conditioner for Dry Hair, Avocado & Jojoba Oil, Safe for Color Treated Hair, Nourishing Hydration, Silky Shine, Paraben-Free, 16 Fl Oz Each, Triple Pack</p><p>$20.97 ($0.44 / Fl Oz)</p><a href="https://www.amazon.com/dp/B07NR2B9HS?tag=eloabder-20&linkCode=osi&th=1&psc=1">View Product</a></div><div class="product"><a href="https://www.amazon.com/dp/B0891BBRHW?tag=eloabder-20&linkCode=osi&th=1&psc=1"><img src="https://m.media-amazon.com/images/I/31ndDwe7VSL._SL500_.jpg" alt="Product Image"></a><p>Pureology Hydrate Moisturizing Conditioner | Softens and Deeply Hydrates Dry Hair | For Medium to Thick Color Treated or Natural Hair | Sulfate Free Conditioner | Vegan</p><p>$37.00 ($4.11 / Fl Oz)</p><a href="https://www.amazon.com/dp/B0891BBRHW?tag=eloabder-20&linkCode=osi&th=1&psc=1">View Product</a></div><div class="product"><a href="https://www.amazon.com/dp/B00I32AN4K?tag=eloabder-20&linkCode=osi&th=1&psc=1"><img src="https://m.media-amazon.com/images/I/51KpmxinYYL._SL500_.jpg" alt="Product Image"></a><p>Arvazallia Hydrating Argan Oil Hair Mask and Deep Conditioner for Dry or Damaged Hair - 8.45 Oz</p><p>$12.95 ($1.53 / Fl Oz)</p><a href="https://www.amazon.com/dp/B00I32AN4K?tag=eloabder-20&linkCode=osi&th=1&psc=1">View Product</a></div><div class="product"><a href="https://www.amazon.com/dp/B092PVHFL3?tag=eloabder-20&linkCode=osi&th=1&psc=1"><img src="https://m.media-amazon.com/images/I/31v45qQhKOL._SL500_.jpg" alt="Product Image"></a><p>MONDAY HAIRCARE Moisture Conditioner 12oz for Dry, Coarse, Stressed, Coily and Curly Hair, Made from Coconut Oil, Rice Protein, Shea Butter, & Vitamin E, 100% Recyclable Bottles (350ml) (10434)</p><p>$6.97 ($0.58 / Fl Oz)</p><a href="https://www.amazon.com/dp/B092PVHFL3?tag=eloabder-20&linkCode=osi&th=1&psc=1">View Product</a></div><div class="product"><a href="https://www.amazon.com/dp/B00OVQO66S?tag=eloabder-20&linkCode=osi&th=1&psc=1"><img src="https://m.media-amazon.com/images/I/61S7x6GUaFL._SL500_.jpg" alt="Product Image"></a><p>SheaMoisture Conditioner Intensive Hydration for Dry, Damaged Hair Manuka Honey and Mafura Oil to Nourish and Soften Hair 13 oz</p><p>$9.68 ($0.74 / Fl Oz)</p><a href="https://www.amazon.com/dp/B00OVQO66S?tag=eloabder-20&linkCode=osi&th=1&psc=1">View Product</a></div><div class="product"><a href="https://www.amazon.com/dp/B08BTKN3P9?tag=eloabder-20&linkCode=osi&th=1&psc=1"><img src="https://m.media-amazon.com/images/I/41sjzOJHhiL._SL500_.jpg" alt="Product Image"></a><p>TRESemmé Conditioner Moisture Rich 3 Count for Dry Hair Professional Quality Salon-Healthy Look and Shine Moisture Rich Formulated with Vitamin E and Biotin 28 oz</p><p>$16.80 ($0.20 / Fl Oz)</p><a href="https://www.amazon.com/dp/B08BTKN3P9?tag=eloabder-20&linkCode=osi&th=1&psc=1">View Product</a></div>
<div class="product"><a href="https://www.amazon.com/dp/B01I2ZQJSG?tag=eloabder-20&linkCode=osi&th=1&psc=1"><img src="https://m.media-amazon.com/images/I/41ctrFUeQAL._SL500_.jpg" alt="Product Image"></a><p>Elizavecca cer-100 collagen coating hair protein treatment 100ml</p><p>$7.40 ($2.19 / Fl Oz)</p><a href="https://www.amazon.com/dp/B01I2ZQJSG?tag=eloabder-20&linkCode=osi&th=1&psc=1">View Product</a></div><div class="product"><a href="https://www.amazon.com/dp/B07H3GBSC3?tag=eloabder-20&linkCode=osi&th=1&psc=1"><img src="https://m.media-amazon.com/images/I/41I862UzKRL._SL500_.jpg" alt="Product Image"></a><p>amika soulfood nourishing Mask, 8 Fl oz</p><p>$34.00 ($4.25 / Fl Oz)</p><a href="https://www.amazon.com/dp/B07H3GBSC3?tag=eloabder-20&linkCode=osi&th=1&psc=1">View Product</a></div><div class="product"><a href="https://www.amazon.com/dp/B075L6BL61?tag=eloabder-20&linkCode=osi&th=1&psc=1"><img src="https://m.media-amazon.com/images/I/41zCFV7oGTL._SL500_.jpg" alt="Product Image"></a><p>Karseell Collagen Hair Treatment Deep Repair Conditioning Argan Oil Collagen Hair Mask Essence for Dry Damaged Hair All Hair Types 16.90 oz 500ml</p><p>$23.00 ($1.36 / Fl Oz)</p><a href="https://www.amazon.com/dp/B075L6BL61?tag=eloabder-20&linkCode=osi&th=1&psc=1">View Product</a></div><div class="product"><a href="https://www.amazon.com/dp/B07N7NBYSP?tag=eloabder-20&linkCode=osi&th=1&psc=1"><img src="https://m.media-amazon.com/images/I/515lD0OXQ+L._SL500_.jpg" alt="Product Image"></a><p>Mielle Organics Rosemary Mint Strengthening Hair Masque, Essential Oil & Biotin Deep Treatment, Miracle Repair for Dry, Damaged, & Frizzy Hair, 12 Ounces</p><p>$9.97 ($0.83 / Ounce)</p><a href="https://www.amazon.com/dp/B07N7NBYSP?tag=eloabder-20&linkCode=osi&th=1&psc=1">View Product</a></div><div class="product"><a href="https://www.amazon.com/dp/B0BQ54DQNM?tag=eloabder-20&linkCode=osi&th=1&psc=1"><img src="https://m.media-amazon.com/images/I/41uhtWPJeuL._SL500_.jpg" alt="Product Image"></a><p>Eva NYC Therapy Session Hair Mask, Deep Conditioning Hair Mask Infused with Argan Oil and Plant Protein, 16.9 fl oz</p><p>$19.00 ($1.12 / Fl Oz)</p><a href="https://www.amazon.com/dp/B0BQ54DQNM?tag=eloabder-20&linkCode=osi&th=1&psc=1">View Product</a></div><div class="product"><a href="https://www.amazon.com/dp/B09HR5KSR8?tag=eloabder-20&linkCode=osi&th=1&psc=1"><img src="https://m.media-amazon.com/images/I/51aIw6AhsXL._SL500_.jpg" alt="Product Image"></a><p>K18 Mini Leave-In Molecular Hair Mask, Repairs Dry or Damaged Hair, Reverse Hair Damage from Bleach, Color, Chemical Services & Heat, 0.51 Fl Oz</p><p>$29.00 ($56.86 / Fl Oz)</p><a href="https://www.amazon.com/dp/B09HR5KSR8?tag=eloabder-20&linkCode=osi&th=1&psc=1">View Product</a></div><div class="product"><a href="https://www.amazon.com/dp/B07M7PP9KX?tag=eloabder-20&linkCode=osi&th=1&psc=1"><img src="https://m.media-amazon.com/images/I/41Mpv3wIxEL._SL500_.jpg" alt="Product Image"></a><p>Marc Anthony Grow Long Hair Anti-Breakage Mask, 10.4 OZ</p><p>$8.99 ($0.90 / Fl Oz)</p><a href="https://www.amazon.com/dp/B07M7PP9KX?tag=eloabder-20&linkCode=osi&th=1&psc=1">View Product</a></div>
<div class="product"><a href="https://www.amazon.com/dp/B00BC3YL2W?tag=eloabder-20&linkCode=osi&th=1&psc=1"><img src="https://m.media-amazon.com/images/I/31OKo9u6V4L._SL500_.jpg" alt="Product Image"></a><p>HerStyler Hair Repair Serum - Argan Oil, Vitamin E and Aloe Vera Hair Serum for Frizz Control, Shine and Straightening - Coz Love is in the Hair - 2 Fl. Oz., 60 Ml</p><p>$9.99 ($5.00 / Fl Oz)</p><a href="https://www.amazon.com/dp/B00BC3YL2W?tag=eloabder-20&linkCode=osi&th=1&psc=1">View Product</a></div><div class="product"><a href="https://www.amazon.com/dp/B08N9L6C93?tag=eloabder-20&linkCode=osi&th=1&psc=1"><img src="https://m.media-amazon.com/images/I/3184fIylDmL._SL500_.jpg" alt="Product Image"></a><p>Paul Mitchell Super Skinny Serum, Speeds Up Drying Time, Humidity Resistant, For Frizzy Hair, 5.1 fl. oz.</p><p>$28.50 ($5.59 / Fl Oz)</p><a href="https://www.amazon.com/dp/B08N9L6C93?tag=eloabder-20&linkCode=osi&th=1&psc=1">View Product</a></div><div class="product"><a href="https://www.amazon.com/dp/B081JHTPKP?tag=eloabder-20&linkCode=osi&th=1&psc=1"><img src="https://m.media-amazon.com/images/I/31+F0Qz4RUL._SL500_.jpg" alt="Product Image"></a><p>Mise En Scene Perfect Serum Original - Hair Oil for Frizzy & Dry Hair, Hydration and Nutrition Hair Essence for Damage Care, Floral Fragrance, Korean Hair Care Product, Korean Hair Serum 2.71 Fl. Oz.</p><p>$11.20 ($4.15 / Fl Oz)</p><a href="https://www.amazon.com/dp/B081JHTPKP?tag=eloabder-20&linkCode=osi&th=1&psc=1">View Product</a></div><div class="product"><a href="https://www.amazon.com/dp/B09WMT8HYB?tag=eloabder-20&linkCode=osi&th=1&psc=1"><img src="https://m.media-amazon.com/images/I/31poyY3nFGL._SL500_.jpg" alt="Product Image"></a><p>Hair Growth Serum for Men and Women- Vegan Hair Growth Serum Designed for Thinning Hair & Hair Loss- 1 Month-60ml</p><p>$23.40 ($11.70 / Fl Oz)</p><a href="https://www.amazon.com/dp/B09WMT8HYB?tag=eloabder-20&linkCode=osi&th=1&psc=1">View Product</a></div><div class="product"><a href="https://www.amazon.com/dp/B0CJ7ZVDZR?tag=eloabder-20&linkCode=osi&th=1&psc=1"><img src="https://m.media-amazon.com/images/I/51bMtBk0LHL._SL500_.jpg" alt="Product Image"></a><p>MAREE Hair Styling Serum for Frizzy & Dry Hair - Keratin Styling & Moisturizing Oil Capsules with Avocado, Jojoba & Argan Oil - Leave-in Anti Frizz Conditioner with Vitamins A, C, E & B5-30 Capsules</p><p>$17.95 ($5.61 / Fl Oz)</p><a href="https://www.amazon.com/dp/B0CJ7ZVDZR?tag=eloabder-20&linkCode=osi&th=1&psc=1">View Product</a></div><div class="product"><a href="https://www.amazon.com/dp/B07GSZYLGJ?tag=eloabder-20&linkCode=osi&th=1&psc=1"><img src="https://m.media-amazon.com/images/I/41e6dzzvKtL._SL500_.jpg" alt="Product Image"></a><p>HUSSELL Bali Secret Hair Treatment Serum - no Rinse with Argan Macadamia & Avocado Oils - Vitamins A, E, Pro B5 - Conditioner for Women & Men</p><p>$24.75 ($0.62 / Fl Oz)</p><a href="https://www.amazon.com/dp/B07GSZYLGJ?tag=eloabder-20&linkCode=osi&th=1&psc=1">View Product</a></div><div class="product"><a href="https://www.amazon.com/dp/B000P9DS4Q?tag=eloabder-20&linkCode=osi&th=1&psc=1"><img src="https://m.media-amazon.com/images/I/31m7be8mSHL._SL500_.jpg" alt="Product Image"></a><p>John Frieda Anti Frizz, Frizz Ease Extra Strength Hair Serum with Argan Oil, Anti-Humidity Spray for Hair, Nourishing Treatment for Thick, Coarse Hair, 1.69 Oz</p><p>$10.05 ($5.95 / Fl Oz)</p><a href="https://www.amazon.com/dp/B000P9DS4Q?tag=eloabder-20&linkCode=osi&th=1&psc=1">View Product</a></div><div class="product"><a href="https://www.amazon.com/dp/B01456DJ66?tag=eloabder-20&linkCode=osi&th=1&psc=1"><img src="https://m.media-amazon.com/images/I/41hciQXaA0L._SL500_.jpg" alt="Product Image"></a><p>Vitamins Keratin Protein Hair Serum - Anti Frizz Control Hair Oil Repair Treatment - Hair Gloss Shine & Heat Protectant for Frizzy Dry Damaged Hair</p><p>$21.98 ($5.17 / Fl Oz)</p><a href="https://www.amazon.com/dp/B01456DJ66?tag=eloabder-20&linkCode=osi&th=1&psc=1">View Product</a></div>

<div class="product"><a href="https://www.amazon.com/dp/B08GSTPT8Y?tag=eloabder-20&linkCode=osi&th=1&psc=1"><img src="https://m.media-amazon.com/images/I/41sX+hKcbML._SL500_.jpg" alt="Product Image"></a><p>AOA Studio Collection makeup Sponge Set Latex Free and High-definition Set of 6 makeup Wonder blender For Powder Cream and Liquid, Super Soft Wonder Beauty Cosmetic</p><p>$9.95 ($1.66 / Count)</p><a href="https://www.amazon.com/dp/B08GSTPT8Y?tag=eloabder-20&linkCode=osi&th=1&psc=1">View Product</a></div><div class="product"><a href="https://www.amazon.com/dp/B0CJFFR574?tag=eloabder-20&linkCode=osi&th=1&psc=1"><img src="https://m.media-amazon.com/images/I/41nkQ05yLcL._SL500_.jpg" alt="Product Image"></a><p>SUNGBOON EDITOR Deep Collagen Overnight Mask 37gx4ea | The real collagen 2,160,000ppb | Facial Hydrogel Masks with low molecular weight collagen for elasticity, firming, and moisturizing</p><p>$19.00 ($4.75 / Count)</p><a href="https://www.amazon.com/dp/B0CJFFR574?tag=eloabder-20&linkCode=osi&th=1&psc=1">View Product</a></div><div class="product"><a href="https://www.amazon.com/dp/B0C4H1GPG1?tag=eloabder-20&linkCode=osi&th=1&psc=1"><img src="https://m.media-amazon.com/images/I/41jyzyKyY2L._SL500_.jpg" alt="Product Image"></a><p>BEAKEY Latex Free Blender Makeup Sponge for Blending, Pink Makeup Sponge Set, Soft Beauty Sponge, for Flawless Application of Liquid, Cream, and Powder Cosmetics, Pink Makeup Gifts</p><p>$6.99 ($1.40 / Count)</p><a href="https://www.amazon.com/dp/B0C4H1GPG1?tag=eloabder-20&linkCode=osi&th=1&psc=1">View Product</a></div><div class="product"><a href="https://www.amazon.com/dp/B0B45LL4DD?tag=eloabder-20&linkCode=osi&th=1&psc=1"><img src="https://m.media-amazon.com/images/I/31ZNIWikbtL._SL500_.jpg" alt="Product Image"></a><p>Beauty of Joseon Revive Eye Serum with Retinal Niacinamide Correction for Puffy Eye Bags Fine Lines Dark Circles Wrinkles, Korean Skin Care 30ml, 1 fl.oz</p><p>$14.93 ($14.93 / Fl Oz)</p><a href="https://www.amazon.com/dp/B0B45LL4DD?tag=eloabder-20&linkCode=osi&th=1&psc=1">View Product</a></div><div class="product"><a href="https://www.amazon.com/dp/B00PBX3L7K?tag=eloabder-20&linkCode=osi&th=1&psc=1"><img src="https://m.media-amazon.com/images/I/31OiAm-FA8L._SL500_.jpg" alt="Product Image"></a><p>COSRX Snail Mucin 96% Power Repairing Essence 3.38 fl.oz 100ml, Hydrating Serum for Face with Snail Secretion Filtrate for Dull Skin & Fine Lines, Korean Skincare</p><p>$14.50 ($4.29 / Fl Oz)</p><a href="https://www.amazon.com/dp/B00PBX3L7K?tag=eloabder-20&linkCode=osi&th=1&psc=1">View Product</a></div><div class="product"><a href="https://www.amazon.com/dp/B00QPNVC0I?tag=eloabder-20&linkCode=osi&th=1&psc=1"><img src="https://m.media-amazon.com/images/I/31wV3gYUEpL._SL500_.jpg" alt="Product Image"></a><p>Real Techniques Miracle Complexion Sponge Set Duo, 2 Makeup Sponges For Liquid & Cream Makeup, Makeup Blender Sponge For Buildable Coverage, Foundation Sponge For Natural, Dewy Base, Latex-Free Foam</p><p>$7.69 ($3.84 / Count)</p><a href="https://www.amazon.com/dp/B00QPNVC0I?tag=eloabder-20&linkCode=osi&th=1&psc=1">View Product</a></div><div class="product"><a href="https://www.amazon.com/dp/B0CZYJYX4Q?tag=eloabder-20&linkCode=osi&th=1&psc=1"><img src="https://m.media-amazon.com/images/I/31hNatkE-9L._SL500_.jpg" alt="Product Image"></a><p>LANEIGE Lip Glowy Balm Mango: Hydrate, Glossy, Lightweight, Moisturize & Tint with Shea Butter</p><p>$19.00 ($54.29 / Ounce)</p><a href="https://www.amazon.com/dp/B0CZYJYX4Q?tag=eloabder-20&linkCode=osi&th=1&psc=1">View Product</a></div><div class="product"><a href="https://www.amazon.com/dp/B0CXQR14J3?tag=eloabder-20&linkCode=osi&th=1&psc=1"><img src="https://m.media-amazon.com/images/I/31RRaB6c+JL._SL500_.jpg" alt="Product Image"></a><p>e.l.f. Power Grip Dewy Setting Spray, Ultra Fine Mist Made With Hyaluronic Acid, Grips Makeup For A Hydrated, Dewy Finish, Vegan & Cruelty-Free</p><p>$10.00 ($3.70 / Fl Oz)</p><a href="https://www.amazon.com/dp/B0CXQR14J3?tag=eloabder-20&linkCode=osi&th=1&psc=1">View Product</a></div><div class="product"><a href="https://www.amazon.com/dp/B0CZF2T7CK?tag=eloabder-20&linkCode=osi&th=1&psc=1"><img src="https://m.media-amazon.com/images/I/41nBLpIw8wL._SL500_.jpg" alt="Product Image"></a><p>L'Oreal Paris Infallible 3-Second Setting Spray Mist, Microfine Mist for up to 36HR Wear, Clear, 1.76 Fl Oz</p><p>$10.98</p><a href="https://www.amazon.com/dp/B0CZF2T7CK?tag=eloabder-20&linkCode=osi&th=1&psc=1">View Product</a></div>
<div class="product"><a href="https://www.amazon.com/dp/B0D3JDYWZ6?tag=eloabder-20&linkCode=osi&th=1&psc=1"><img src="https://m.media-amazon.com/images/I/41c+v1LLXzL._SL500_.jpg" alt="Product Image"></a><p>e.l.f. Soft Glam Foundation, Medium Coverage, Long-Lasting & Buildable Foundation For A Smooth, Satin Finish, Vegan & Cruelty-Free, 31 Medium Neutral</p><p>$7.99</p><a href="https://www.amazon.com/dp/B0D3JDYWZ6?tag=eloabder-20&linkCode=osi&th=1&psc=1">View Product</a></div><div class="product"><a href="https://www.amazon.com/dp/B00PFCSURS?tag=eloabder-20&linkCode=osi&th=1&psc=1"><img src="https://m.media-amazon.com/images/I/41v54YdLHSL._SL500_.jpg" alt="Product Image"></a><p>Maybelline Fit Me Matte + Poreless Liquid Oil-Free Foundation Makeup, Natural Beige, 1 Count (Packaging May Vary)</p><p>$9.99</p><a href="https://www.amazon.com/dp/B00PFCSURS?tag=eloabder-20&linkCode=osi&th=1&psc=1">View Product</a></div><div class="product"><a href="https://www.amazon.com/dp/B07DFK238H?tag=eloabder-20&linkCode=osi&th=1&psc=1"><img src="https://m.media-amazon.com/images/I/31mAhNJ+4hL._SL500_.jpg" alt="Product Image"></a><p>e.l.f. Flawless Finish Foundation, Lightweight & Medium Coverage, Semi-Matte Finish, Light Ivory, 0.68 Fl Oz (20mL)</p><p>$6.00</p><a href="https://www.amazon.com/dp/B07DFK238H?tag=eloabder-20&linkCode=osi&th=1&psc=1">View Product</a></div><div class="product"><a href="https://www.amazon.com/dp/B01ACPW1SG?tag=eloabder-20&linkCode=osi&th=1&psc=1"><img src="https://m.media-amazon.com/images/I/41aIRzbHxNL._SL500_.jpg" alt="Product Image"></a><p>CoverGirl & Olay Simply Ageless 3-in-1 Liquid Foundation, Matte Finish, Hyaluronic & Vitamin C Formula, Cruelty Free, Classic Ivory, 1 Count</p><p>$10.49</p><a href="https://www.amazon.com/dp/B01ACPW1SG?tag=eloabder-20&linkCode=osi&th=1&psc=1">View Product</a></div><div class="product"><a href="https://www.amazon.com/dp/B000IEMGGE?tag=eloabder-20&linkCode=osi&th=1&psc=1"><img src="https://m.media-amazon.com/images/I/41RtSkNmHSL._SL500_.jpg" alt="Product Image"></a><p>LAURA GELLER NEW YORK Award-Winning Baked Balance-n-Brighten Color Correcting Powder Foundation - Fair - Buildable Light to Medium Coverage - Demi-Matte Natural Finish</p><p>$22.13</p><a href="https://www.amazon.com/dp/B000IEMGGE?tag=eloabder-20&linkCode=osi&th=1&psc=1">View Product</a></div><div class="product"><a href="https://www.amazon.com/dp/B0BCH5WVW6?tag=eloabder-20&linkCode=osi&th=1&psc=1"><img src="https://m.media-amazon.com/images/I/31wajekqpGL._SL500_.jpg" alt="Product Image"></a><p>L'Oreal Paris True Match Super-Blendable Foundation, Medium Coverage Liquid Foundation Makeup, N4, Light Medium, 1 Fl Oz</p><p>$9.97</p><a href="https://www.amazon.com/dp/B0BCH5WVW6?tag=eloabder-20&linkCode=osi&th=1&psc=1">View Product</a></div><div class="product"><a href="https://www.amazon.com/dp/B07MWSP8SG?tag=eloabder-20&linkCode=osi&th=1&psc=1"><img src="https://m.media-amazon.com/images/I/31B37fmqI7L._SL500_.jpg" alt="Product Image"></a><p>e.l.f. Flawless Finish Foundation, Improves Uneven Skin Tone, Lightweight, Medium Coverage & Semi-Matte, Vegan & Cruelty-Free, Beige 0.67 Fl Oz</p><p>$6.00</p><a href="https://www.amazon.com/dp/B07MWSP8SG?tag=eloabder-20&linkCode=osi&th=1&psc=1">View Product</a></div><div class="product"><a href="https://www.amazon.com/dp/B091D8BXSQ?tag=eloabder-20&linkCode=osi&th=1&psc=1"><img src="https://m.media-amazon.com/images/I/31ktknDTqTL._SL500_.jpg" alt="Product Image"></a><p>L'Oreal Paris True Match Nude Hyaluronic Tinted Serum Foundation with 1% Hyaluronic acid, Light 2-3, 1 fl. oz.</p><p>$15.18</p><a href="https://www.amazon.com/dp/B091D8BXSQ?tag=eloabder-20&linkCode=osi&th=1&psc=1">View Product</a></div><div class="product"><a href="https://www.amazon.com/dp/B07Z9WBHXK?tag=eloabder-20&linkCode=osi&th=1&psc=1"><img src="https://m.media-amazon.com/images/I/31c2z97BuBL._SL500_.jpg" alt="Product Image"></a><p>L'Oreal Paris Age Perfect Radiant Serum Foundation with SPF 50, Ivory, 1 fl. oz.</p><p>$14.17</p><a href="https://www.amazon.com/dp/B07Z9WBHXK?tag=eloabder-20&linkCode=osi&th=1&psc=1">View Product</a></div><div class="product"><a href="https://www.amazon.com/dp/B09LCGN136?tag=eloabder-20&linkCode=osi&th=1&psc=1"><img src="https://m.media-amazon.com/images/I/4107EiwloYL._SL500_.jpg" alt="Product Image"></a><p>TIRTIR Mask Fit Red Cushion Foundation | Japan's No.1 Choice for Glass skin, Long-Lasting, Lightweight, Buildable Coverage, Semi-Matte (17C Porcelain, 0.63 Fl Oz (Pack of 1))</p><p>$25.00 ($39.68 / Fl Oz)</p><a href="https://www.amazon.com/dp/B09LCGN136?tag=eloabder-20&linkCode=osi&th=1&psc=1">View Product</a></div>
<div class="product"><a href="https://www.amazon.com/dp/B07Q9V4KMJ?tag=eloabder-20&linkCode=osi&th=1&psc=1"><img src="https://m.media-amazon.com/images/I/31pro1JWTCL._SL500_.jpg" alt="Product Image"></a><p>Maybelline Instant Age Rewind Eraser Dark Circles Treatment Multi-Use Concealer, 115, 1 Count (Packaging May Vary)</p><p>$8.42</p><a href="https://www.amazon.com/dp/B07Q9V4KMJ?tag=eloabder-20&linkCode=osi&th=1&psc=1">View Product</a></div><div class="product"><a href="https://www.amazon.com/dp/B07ZR14WBZ?tag=eloabder-20&linkCode=osi&th=1&psc=1"><img src="https://m.media-amazon.com/images/I/313ljymBVaL._SL500_.jpg" alt="Product Image"></a><p>e.l.f. Hydrating Camo Concealer, Lightweight, Full Coverage, Long Lasting, Conceals, Corrects, Covers, Hydrates, Highlights, Light Sand, Satin Finish, 25 Shades, All-Day Wear, 0.20 Fl Oz</p><p>$7.00</p><a href="https://www.amazon.com/dp/B07ZR14WBZ?tag=eloabder-20&linkCode=osi&th=1&psc=1">View Product</a></div><div class="product"><a href="https://www.amazon.com/dp/B0046VJV36?tag=eloabder-20&linkCode=osi&th=1&psc=1"><img src="https://m.media-amazon.com/images/I/31-ZFCLgLcL._SL500_.jpg" alt="Product Image"></a><p>Maybelline New York Fit Me Liquid Concealer Makeup, Natural Coverage, Lightweight, Conceals, Covers Oil-Free, Fair, 1 Count (Packaging May Vary)</p><p>$6.31</p><a href="https://www.amazon.com/dp/B0046VJV36?tag=eloabder-20&linkCode=osi&th=1&psc=1">View Product</a></div><div class="product"><a href="https://www.amazon.com/dp/B07ZR1CQHS?tag=eloabder-20&linkCode=osi&th=1&psc=1"><img src="https://m.media-amazon.com/images/I/31s0zWRX+4L._SL500_.jpg" alt="Product Image"></a><p>e.l.f. 16HR Camo Concealer, Full Coverage, Highly Pigmented Concealer With Matte Finish, Crease-proof, Vegan & Cruelty-Free, Light Ivory, 0.203 Fl Oz</p><p>$7.00</p><a href="https://www.amazon.com/dp/B07ZR1CQHS?tag=eloabder-20&linkCode=osi&th=1&psc=1">View Product</a></div><div class="product"><a href="https://www.amazon.com/dp/B0814SLHQH?tag=eloabder-20&linkCode=osi&th=1&psc=1"><img src="https://m.media-amazon.com/images/I/312GW4aGnRL._SL500_.jpg" alt="Product Image"></a><p>Neutrogena Healthy Skin Radiant Brightening Cream Concealer with Peptides & Vitamin E Antioxidant,Lightweight Perfecting Concealer,Non-Comedogenic,Bisque Light/Medium 02 neutral undertones,0.24 oz</p><p>$5.62</p><a href="https://www.amazon.com/dp/B0814SLHQH?tag=eloabder-20&linkCode=osi&th=1&psc=1">View Product</a></div><div class="product"><a href="https://www.amazon.com/dp/B007MJKHPA?tag=eloabder-20&linkCode=osi&th=1&psc=1"><img src="https://m.media-amazon.com/images/I/31ljSDY5P1L._SL500_.jpg" alt="Product Image"></a><p>L.A. Girl Pro Conceal HD Concealer, Creamy Beige, 0.28 Ounce</p><p>$4.97 ($17.75 / Ounce)</p><a href="https://www.amazon.com/dp/B007MJKHPA?tag=eloabder-20&linkCode=osi&th=1&psc=1">View Product</a></div><div class="product"><a href="https://www.amazon.com/dp/B09HNMRQN2?tag=eloabder-20&linkCode=osi&th=1&psc=1"><img src="https://m.media-amazon.com/images/I/31vIe0FIEML._SL500_.jpg" alt="Product Image"></a><p>NYX PROFESSIONAL MAKEUP Bare With Me Concealer Serum, Up To 24Hr Hydration - Vanilla</p><p>$9.00</p><a href="https://www.amazon.com/dp/B09HNMRQN2?tag=eloabder-20&linkCode=osi&th=1&psc=1">View Product</a></div><div class="product"><a href="https://www.amazon.com/dp/B06XQWS1N9?tag=eloabder-20&linkCode=osi&th=1&psc=1"><img src="https://m.media-amazon.com/images/I/31rKumTg1GL._SL500_.jpg" alt="Product Image"></a><p>COVERGIRL Smoothers Concealer, Medium 715, 0.14 ounce (packaging may vary)</p><p>$7.28</p><a href="https://www.amazon.com/dp/B06XQWS1N9?tag=eloabder-20&linkCode=osi&th=1&psc=1">View Product</a></div><div class="product"><a href="https://www.amazon.com/dp/B07H67H5LH?tag=eloabder-20&linkCode=osi&th=1&psc=1"><img src="https://m.media-amazon.com/images/I/31bWoYCj-nL._SL500_.jpg" alt="Product Image"></a><p>L'Oreal Paris Makeup Infallible Full Wear Waterproof Matte Concealer, Full Coverage, Ivory, 0.33 fl. oz.</p><p>$11.45</p><a href="https://www.amazon.com/dp/B07H67H5LH?tag=eloabder-20&linkCode=osi&th=1&psc=1">View Product</a></div><div class="product"><a href="https://www.amazon.com/dp/B0B51NLJWQ?tag=eloabder-20&linkCode=osi&th=1&psc=1"><img src="https://m.media-amazon.com/images/I/31GXqccxM0L._SL500_.jpg" alt="Product Image"></a><p>Fièra Luxury Concealer with Anti-Aging - All Day Coverage for Dark Circles, Fine Lines, Wrinkles & Spots - Neutral Beige, 0.5 Ounce</p><p>$27.00</p><a href="https://www.amazon.com/dp/B0B51NLJWQ?tag=eloabder-20&linkCode=osi&th=1&psc=1">View Product</a></div>
<div class="product"><a href="https://www.amazon.com/dp/B01IM0LVFC?tag=eloabder-20&linkCode=osi&th=1&psc=1"><img src="https://m.media-amazon.com/images/I/31r47BdfjGL._SL500_.jpg" alt="Product Image"></a><p>e.l.f. Prime & Stay Finishing Powder, Sets Makeup, Controls Shine & Smooths Complexion, Sheer, 0.18 Oz (5g)</p><p>$4.00</p><a href="https://www.amazon.com/dp/B01IM0LVFC?tag=eloabder-20&linkCode=osi&th=1&psc=1">View Product</a></div><div class="product"><a href="https://www.amazon.com/dp/B004GC74GG?tag=eloabder-20&linkCode=osi&th=1&psc=1"><img src="https://m.media-amazon.com/images/I/41kZTeBUCSL._SL500_.jpg" alt="Product Image"></a><p>Revlon Face Powder, ColorStay 16 Hour Face Makeup, Longwear Medium- Full Coverage with Flawless Finish, Shine & Oil Free, 880 Translucent, 0.3 Oz</p><p>$9.62</p><a href="https://www.amazon.com/dp/B004GC74GG?tag=eloabder-20&linkCode=osi&th=1&psc=1">View Product</a></div><div class="product"><a href="https://www.amazon.com/dp/B0CPFY5F7P?tag=eloabder-20&linkCode=osi&th=1&psc=1"><img src="https://m.media-amazon.com/images/I/41rYvHbKJ0L._SL500_.jpg" alt="Product Image"></a><p>e.l.f. Primer-Infused Bronzer, Long-Lasting, Lightweight & Buildable Powder Bronzer, Delivers A Matte Finish, Vegan & Cruelty-Free, Catching Rays</p><p>$7.00</p><a href="https://www.amazon.com/dp/B0CPFY5F7P?tag=eloabder-20&linkCode=osi&th=1&psc=1">View Product</a></div><div class="product"><a href="https://www.amazon.com/dp/B0B2VXZRHH?tag=eloabder-20&linkCode=osi&th=1&psc=1"><img src="https://m.media-amazon.com/images/I/41p6UtnQJWL._SL500_.jpg" alt="Product Image"></a><p>bareMinerals Barepro 16HR Skin-Perfecting Powder Foundation, Matte Pressed Powder Foundation Full Coverage with Plant-Based Squalene, Oil Control, Vegan</p><p>$42.00 ($150.00 / Ounce)</p><a href="https://www.amazon.com/dp/B0B2VXZRHH?tag=eloabder-20&linkCode=osi&th=1&psc=1">View Product</a></div><div class="product"><a href="https://www.amazon.com/dp/B0D4752RVV?tag=eloabder-20&linkCode=osi&th=1&psc=1"><img src="https://m.media-amazon.com/images/I/31WKVfT2bML._SL500_.jpg" alt="Product Image"></a><p>Revolution Beauty, Loose Baking Powder, Makeup Setting Powder, Long Lasting Coverage, Mattifies & Reduces Shine, Rose, 1.13 Oz</p><p>$8.00</p><a href="https://www.amazon.com/dp/B0D4752RVV?tag=eloabder-20&linkCode=osi&th=1&psc=1">View Product</a></div><div class="product"><a href="https://www.amazon.com/dp/B0C9LPPJ26?tag=eloabder-20&linkCode=osi&th=1&psc=1"><img src="https://m.media-amazon.com/images/I/51iWoZ-wkuL._SL500_.jpg" alt="Product Image"></a><p>AZUREBEAUTY 42 Pcs Dip Nails Powder Starter Kit, 32 Hot Pink Blue Purple Color Changing Spring Dipping Powder Liquid Set with Base Coat/Top Coat/Activator for French Manicure Salon DIY.</p><p>$19.99 ($19.99 / Count)</p><a href="https://www.amazon.com/dp/B0C9LPPJ26?tag=eloabder-20&linkCode=osi&th=1&psc=1">View Product</a></div><div class="product"><a href="https://www.amazon.com/dp/B0D2N1SZ9V?tag=eloabder-20&linkCode=osi&th=1&psc=1"><img src="https://m.media-amazon.com/images/I/41Ogu3bO7hL._SL500_.jpg" alt="Product Image"></a><p>Artdone Chrome Nail Powder Magic White Pearl Kit Mirror Effect Silver Metallic Holographic Dip Nail Powder For Resin Craft & Nail Art Decoration Iridescent Aurora Mermaid Pigment</p><p>$3.99 ($28.28 / Ounce)</p><a href="https://www.amazon.com/dp/B0D2N1SZ9V?tag=eloabder-20&linkCode=osi&th=1&psc=1">View Product</a></div><div class="product"><a href="https://www.amazon.com/dp/B0D19YQWSX?tag=eloabder-20&linkCode=osi&th=1&psc=1"><img src="https://m.media-amazon.com/images/I/21GbGbhBFWL._SL500_.jpg" alt="Product Image"></a><p>NYX PROFESSIONAL MAKEUP Brow Powder Louder Eyebrow Pencil, Brow Pencil with Buildable Volume For Up To 12HR Wear, Vegan Formula - Ash Brown</p><p>$6.00</p><a href="https://www.amazon.com/dp/B0D19YQWSX?tag=eloabder-20&linkCode=osi&th=1&psc=1">View Product</a></div><div class="product"><a href="https://www.amazon.com/dp/B00AOU5NVC?tag=eloabder-20&linkCode=osi&th=1&psc=1"><img src="https://m.media-amazon.com/images/I/31eI9oALZzL._SL500_.jpg" alt="Product Image"></a><p>Neutrogena Mineral Sheers Lightweight Loose Powder Makeup Foundation with Vitamins A, C, & E, Sheer to Medium Buildable Coverage, Skin Tone Enhancer, Face Redness Reducer, Nude 40,.19 oz</p><p>$5.72</p><a href="https://www.amazon.com/dp/B00AOU5NVC?tag=eloabder-20&linkCode=osi&th=1&psc=1">View Product</a></div>
<div class="product"><a href="https://www.amazon.com/dp/B07PNCB73M?tag=eloabder-20&linkCode=osi&th=1&psc=1"><img src="https://m.media-amazon.com/images/I/41+KYSFOLML._SL500_.jpg" alt="Product Image"></a><p>Milani Baked Blush - Petal Primavera (0.12 Ounce) Cruelty-Free Powder Blush - Shape, Contour & Highlight Face for a Shimmery or Matte Finish</p><p>$8.97</p><a href="https://www.amazon.com/dp/B07PNCB73M?tag=eloabder-20&linkCode=osi&th=1&psc=1">View Product</a></div><div class="product"><a href="https://www.amazon.com/dp/B0CPFYGNR7?tag=eloabder-20&linkCode=osi&th=1&psc=1"><img src="https://m.media-amazon.com/images/I/31EJvMa7jyL._SL500_.jpg" alt="Product Image"></a><p>e.l.f. Camo Liquid Blush, Long-lasting Liquid Blush For High-pigment Color, Creates A Soft, Dewy Finish, Vegan & Cruelty-free, Dusty Rosé</p><p>$7.00</p><a href="https://www.amazon.com/dp/B0CPFYGNR7?tag=eloabder-20&linkCode=osi&th=1&psc=1">View Product</a></div><div class="product"><a href="https://www.amazon.com/dp/B0CZ5HLDK9?tag=eloabder-20&linkCode=osi&th=1&psc=1"><img src="https://m.media-amazon.com/images/I/41rZu1cS8QL._SL500_.jpg" alt="Product Image"></a><p>NYX PROFESSIONAL MAKEUP Buttermelt Powder Blush, Fade and Transfer-Resistant Blush, Up to 12HR Make Up Wear, Vegan Formula - For The Butta</p><p>$9.97</p><a href="https://www.amazon.com/dp/B0CZ5HLDK9?tag=eloabder-20&linkCode=osi&th=1&psc=1">View Product</a></div><div class="product"><a href="https://www.amazon.com/dp/B06XDNPXD1?tag=eloabder-20&linkCode=osi&th=1&psc=1"><img src="https://m.media-amazon.com/images/I/41IryPTf51L._SL500_.jpg" alt="Product Image"></a><p>Maybelline Fit Me Powder Blush, Lightweight, Smooth, Blendable, Long-lasting All-Day Face Enhancing Makeup Color, Mauve, 1 Count</p><p>$4.62</p><a href="https://www.amazon.com/dp/B06XDNPXD1?tag=eloabder-20&linkCode=osi&th=1&psc=1">View Product</a></div><div class="product"><a href="https://www.amazon.com/dp/B082YPNTZ4?tag=eloabder-20&linkCode=osi&th=1&psc=1"><img src="https://m.media-amazon.com/images/I/41vtXkWXs8L._SL500_.jpg" alt="Product Image"></a><p>wet n wild Color Icon Blush, Effortless Glow & Seamless Blend infused with Luxuriously Smooth Jojoba Oil, Sheer Finish with a Matte Natural Glow, Cruelty-Free & Vegan - Pinch Me Pink</p><p>$3.28</p><a href="https://www.amazon.com/dp/B082YPNTZ4?tag=eloabder-20&linkCode=osi&th=1&psc=1">View Product</a></div><div class="product"><a href="https://www.amazon.com/dp/B0CPFWJJQJ?tag=eloabder-20&linkCode=osi&th=1&psc=1"><img src="https://m.media-amazon.com/images/I/41+GdEwyGqL._SL500_.jpg" alt="Product Image"></a><p>e.l.f. Primer-Infused Matte Blush, Long-Lasting, Lightweight & Buildable Powder Blush, Delivers A Matte Finish, Vegan & Cruelty-Free, Always Crushing</p><p>$7.00</p><a href="https://www.amazon.com/dp/B0CPFWJJQJ?tag=eloabder-20&linkCode=osi&th=1&psc=1">View Product</a></div><div class="product"><a href="https://www.amazon.com/dp/B0B64GX5LN?tag=eloabder-20&linkCode=osi&th=1&psc=1"><img src="https://m.media-amazon.com/images/I/31aZBeyUSsL._SL500_.jpg" alt="Product Image"></a><p>LAURA GELLER NEW YORK Serum Blush Tint, Lightweight Liquid Blush for Cheeks, Weightless Watercolor Sheer Finish, Practical Pink</p><p>$15.74</p><a href="https://www.amazon.com/dp/B0B64GX5LN?tag=eloabder-20&linkCode=osi&th=1&psc=1">View Product</a></div><div class="product"><a href="https://www.amazon.com/dp/B0BHFBBH25?tag=eloabder-20&linkCode=osi&th=1&psc=1"><img src="https://m.media-amazon.com/images/I/31uqOuPPf5L._SL500_.jpg" alt="Product Image"></a><p>SHEGLAM Color Bloom Liquid Blush Makeup for Cheeks Matte Finish - Love Cake</p><p>$6.99</p><a href="https://www.amazon.com/dp/B0BHFBBH25?tag=eloabder-20&linkCode=osi&th=1&psc=1">View Product</a></div><div class="product"><a href="https://www.amazon.com/dp/B00J56D0G6?tag=eloabder-20&linkCode=osi&th=1&psc=1"><img src="https://m.media-amazon.com/images/I/31MVN0QAhfL._SL500_.jpg" alt="Product Image"></a><p>e.l.f. Cosmetics Powder Blush Palette, Four Blush Shades for Beautiful, Long-Lasting Pigment, Light</p><p>$6.00</p><a href="https://www.amazon.com/dp/B00J56D0G6?tag=eloabder-20&linkCode=osi&th=1&psc=1">View Product</a></div><div class="product"><a href="https://www.amazon.com/dp/B07J47FHR1?tag=eloabder-20&linkCode=osi&th=1&psc=1"><img src="https://m.media-amazon.com/images/I/41Xyor9x2SL._SL500_.jpg" alt="Product Image"></a><p>Nars Blush in ORGASM Full Size 0.16 oz. / 4.8 g in Retail Box New Edition</p><p>$22.00</p><a href="https://www.amazon.com/dp/B07J47FHR1?tag=eloabder-20&linkCode=osi&th=1&psc=1">View Product</a></div>
<div class="product"><a href="https://www.amazon.com/dp/B018B8Q5Z6?tag=eloabder-20&linkCode=osi&th=1&psc=1"><img src="https://m.media-amazon.com/images/I/41D9ZHQRaSL._SL500_.jpg" alt="Product Image"></a><p>Physicians Formula Murumuru Butter Bronzer, Moisturizing, Nourishing Murumuru Butter Blend for Silky All-Day Luminous Glow, Dermatologist Tested, Hypoallergenic, Vegan & Cruelty-Free -Bronzer</p><p>$12.15</p><a href="https://www.amazon.com/dp/B018B8Q5Z6?tag=eloabder-20&linkCode=osi&th=1&psc=1">View Product</a></div><div class="product"><a href="https://www.amazon.com/dp/B001B0H82Q?tag=eloabder-20&linkCode=osi&th=1&psc=1"><img src="https://m.media-amazon.com/images/I/41I3B-YoLkL._SL500_.jpg" alt="Product Image"></a><p>Rimmel London Natural - 022 Sun Bronze - Bronzer, Matte Finish, 0.49oz</p><p>$4.49</p><a href="https://www.amazon.com/dp/B001B0H82Q?tag=eloabder-20&linkCode=osi&th=1&psc=1">View Product</a></div><div class="product"><a href="https://www.amazon.com/dp/B0BM5HX7DN?tag=eloabder-20&linkCode=osi&th=1&psc=1"><img src="https://m.media-amazon.com/images/I/41DwoHQgzsL._SL500_.jpg" alt="Product Image"></a><p>Benefit Hoola Matte Bronzer Mini 0.08 Ounce</p><p>$17.85</p><a href="https://www.amazon.com/dp/B0BM5HX7DN?tag=eloabder-20&linkCode=osi&th=1&psc=1">View Product</a></div><div class="product"><a href="https://www.amazon.com/dp/B07M7NGVW7?tag=eloabder-20&linkCode=osi&th=1&psc=1"><img src="https://m.media-amazon.com/images/I/51dvod9PjTL._SL500_.jpg" alt="Product Image"></a><p>wet n wild Color Icon Bronzer What Shady Beaches</p><p>$2.96</p><a href="https://www.amazon.com/dp/B07M7NGVW7?tag=eloabder-20&linkCode=osi&th=1&psc=1">View Product</a></div><div class="product"><a href="https://www.amazon.com/dp/B07ZR187P5?tag=eloabder-20&linkCode=osi&th=1&psc=1"><img src="https://m.media-amazon.com/images/I/410nkMFZLYL._SL500_.jpg" alt="Product Image"></a><p>e.l.f. Primer-infused Bronzer, Long-Wear, Matte, Bold, Lightweight, Blends Easily, Contours Cheeks, Forever Sun Kissed, All-Day Wear, 0.35 Oz</p><p>$7.00 ($20.00 / Ounce)</p><a href="https://www.amazon.com/dp/B07ZR187P5?tag=eloabder-20&linkCode=osi&th=1&psc=1">View Product</a></div><div class="product"><a href="https://www.amazon.com/dp/B0CPFVTY7M?tag=eloabder-20&linkCode=osi&th=1&psc=1"><img src="https://m.media-amazon.com/images/I/41rO68Q0mlL._SL500_.jpg" alt="Product Image"></a><p>e.l.f. Primer-Infused Bronzer, Long-Lasting, Lightweight & Buildable Powder Bronzer, Delivers A Matte Finish, Vegan & Cruelty-Free, Fresh Tan</p><p>$7.00</p><a href="https://www.amazon.com/dp/B0CPFVTY7M?tag=eloabder-20&linkCode=osi&th=1&psc=1">View Product</a></div><div class="product"><a href="https://www.amazon.com/dp/B00518N3VE?tag=eloabder-20&linkCode=osi&th=1&psc=1"><img src="https://m.media-amazon.com/images/I/41SzIseWK6L._SL500_.jpg" alt="Product Image"></a><p>Milani Baked Bronzer - Glow, Cruelty-Free Shimmer Bronzing Powder to Use For Contour Makeup, Highlighters Makeup, Bronzer Makeup, 0.25 Ounce</p><p>$9.97 ($39.88 / Ounce)</p><a href="https://www.amazon.com/dp/B00518N3VE?tag=eloabder-20&linkCode=osi&th=1&psc=1">View Product</a></div><div class="product"><a href="https://www.amazon.com/dp/B006WZ9O72?tag=eloabder-20&linkCode=osi&th=1&psc=1"><img src="https://m.media-amazon.com/images/I/51rDNo9JnqL._SL500_.jpg" alt="Product Image"></a><p>Physicians Formula Bronze Booster Glow-Boosting Season-to-Season, Customizable Seasonal Glow Glow, Lasting Tan Boost, Hypoallergenic Powder, Cruelty-Free & Hypoallergenic- Light-to-Medium</p><p>$12.98</p><a href="https://www.amazon.com/dp/B006WZ9O72?tag=eloabder-20&linkCode=osi&th=1&psc=1">View Product</a></div><div class="product"><a href="https://www.amazon.com/dp/B0CNTYPSSZ?tag=eloabder-20&linkCode=osi&th=1&psc=1"><img src="https://m.media-amazon.com/images/I/416D4Z7hQ8L._SL500_.jpg" alt="Product Image"></a><p>Milani Cheek Kiss Cream Bronzer-110 Hey Honey</p><p>$9.97</p><a href="https://www.amazon.com/dp/B0CNTYPSSZ?tag=eloabder-20&linkCode=osi&th=1&psc=1">View Product</a></div><div class="product"><a href="https://www.amazon.com/dp/B0CVNKP1FM?tag=eloabder-20&linkCode=osi&th=1&psc=1"><img src="https://m.media-amazon.com/images/I/41v4UlIsUOL._SL500_.jpg" alt="Product Image"></a><p>NYX PROFESSIONAL MAKEUP Matte Buttermelt Bronzer, Longwear Face Makeup with Up to 12 Hours of Wear, Vegan Formula - Butta Than U</p><p>$7.70</p><a href="https://www.amazon.com/dp/B0CVNKP1FM?tag=eloabder-20&linkCode=osi&th=1&psc=1">View Product</a></div>
<div class="product"><a href="https://www.amazon.com/dp/B09288DSSX?tag=eloabder-20&linkCode=osi&th=1&psc=1"><img src="https://m.media-amazon.com/images/I/417z6evbmhL._SL500_.jpg" alt="Product Image"></a><p>KYDA Face Highlighter Palette, High Glossy Face Illuminator Palette, Narutal Glow Finish, Pearl Shimmer Smooth Baked Powder, Lasting Sparkling Highlighter Makeup-SUN GLOW</p><p>$9.99</p><a href="https://www.amazon.com/dp/B09288DSSX?tag=eloabder-20&linkCode=osi&th=1&psc=1">View Product</a></div><div class="product"><a href="https://www.amazon.com/dp/B0C41PSDZF?tag=eloabder-20&linkCode=osi&th=1&psc=1"><img src="https://m.media-amazon.com/images/I/41FLNU-tL-L._SL500_.jpg" alt="Product Image"></a><p>NYX PROFESSIONAL MAKEUP, Jumbo Multi-Use Face Highlighter Stick - Vanilla Ice Cream</p><p>$6.00</p><a href="https://www.amazon.com/dp/B0C41PSDZF?tag=eloabder-20&linkCode=osi&th=1&psc=1">View Product</a></div><div class="product"><a href="https://www.amazon.com/dp/B082YPL2SV?tag=eloabder-20&linkCode=osi&th=1&psc=1"><img src="https://m.media-amazon.com/images/I/51Y+MCkwArL._SL500_.jpg" alt="Product Image"></a><p>Wet n Wild MegaGlo Blushlighter, Blendable Blush & Highlighter Set, Shimmery Metallic Finish, Highlight Bling</p><p>$5.47</p><a href="https://www.amazon.com/dp/B082YPL2SV?tag=eloabder-20&linkCode=osi&th=1&psc=1">View Product</a></div><div class="product"><a href="https://www.amazon.com/dp/B07QPY11KY?tag=eloabder-20&linkCode=osi&th=1&psc=1"><img src="https://m.media-amazon.com/images/I/312T7p8cW6L._SL500_.jpg" alt="Product Image"></a><p>Revolution Beauty, Reloaded Pressed Powder Highlighter, Intensely Pigmented for a High Impact Dewy Finish, Dare To Divulge, 0.22 Oz.</p><p>$6.98</p><a href="https://www.amazon.com/dp/B07QPY11KY?tag=eloabder-20&linkCode=osi&th=1&psc=1">View Product</a></div><div class="product"><a href="https://www.amazon.com/dp/B0C6V67KJW?tag=eloabder-20&linkCode=osi&th=1&psc=1"><img src="https://m.media-amazon.com/images/I/31Yh8b8JEjL._SL500_.jpg" alt="Product Image"></a><p>e.l.f. Halo Glow Highlight Beauty Wand, Liquid Highlighter Wand For Luminous, Glowing Skin, Buildable Formula, Vegan & Cruelty-free,Champagne Campaign</p><p>$9.00</p><a href="https://www.amazon.com/dp/B0C6V67KJW?tag=eloabder-20&linkCode=osi&th=1&psc=1">View Product</a></div><div class="product"><a href="https://www.amazon.com/dp/B073WMG59J?tag=eloabder-20&linkCode=osi&th=1&psc=1"><img src="https://m.media-amazon.com/images/I/51fz8bpJNNL._SL500_.jpg" alt="Product Image"></a><p>wet n wild MegaGlo Highlighting Powder, Highlighter Makeup, Shimmer Glow, Pink Rose Gold Blossom Glow</p><p>$5.47</p><a href="https://www.amazon.com/dp/B073WMG59J?tag=eloabder-20&linkCode=osi&th=1&psc=1">View Product</a></div><div class="product"><a href="https://www.amazon.com/dp/B074PTZCNW?tag=eloabder-20&linkCode=osi&th=1&psc=1"><img src="https://m.media-amazon.com/images/I/31btEAGukiL._SL500_.jpg" alt="Product Image"></a><p>L'Oreal Paris Makeup True Match Lumi Glotion, Natural Glow Enhancer, Illuminator Highlighter Skin Tint, for an All Day Radiant Glow, Light, 1.35 Ounces</p><p>$12.74</p><a href="https://www.amazon.com/dp/B074PTZCNW?tag=eloabder-20&linkCode=osi&th=1&psc=1">View Product</a></div><div class="product"><a href="https://www.amazon.com/dp/B0BD9HYBKD?tag=eloabder-20&linkCode=osi&th=1&psc=1"><img src="https://m.media-amazon.com/images/I/319tXl8nMUL._SL500_.jpg" alt="Product Image"></a><p>LAURA GELLER NEW YORK Baked Natural Glow Highlighter Radiance Enhancing Makeup, French Vanilla</p><p>$18.99</p><a href="https://www.amazon.com/dp/B0BD9HYBKD?tag=eloabder-20&linkCode=osi&th=1&psc=1">View Product</a></div><div class="product"><a href="https://www.amazon.com/dp/B075K784FK?tag=eloabder-20&linkCode=osi&th=1&psc=1"><img src="https://m.media-amazon.com/images/I/51q6Nf009iL._SL500_.jpg" alt="Product Image"></a><p>Physicians Formula Murumuru Butter Highlighter Makeup Face Powder Make Up, Pearl, Dermatologist Approved</p><p>$10.00</p><a href="https://www.amazon.com/dp/B075K784FK?tag=eloabder-20&linkCode=osi&th=1&psc=1">View Product</a></div><div class="product"><a href="https://www.amazon.com/dp/B083574V27?tag=eloabder-20&linkCode=osi&th=1&psc=1"><img src="https://m.media-amazon.com/images/I/41fyFVpDrXL._SL500_.jpg" alt="Product Image"></a><p>Milani Baked Highlighter (Dolce Perla) - Cruelty-Free Powder Highlighter, Highlight Face for a Shimmery or Matte Finish</p><p>$10.97 ($39.18 / Ounce)</p><a href="https://www.amazon.com/dp/B083574V27?tag=eloabder-20&linkCode=osi&th=1&psc=1">View Product</a></div>
<div class="product"><a href="https://www.amazon.com/dp/B09XMYFTB7?tag=eloabder-20&linkCode=osi&th=1&psc=1"><img src="https://m.media-amazon.com/images/I/31t+Ua+JWSL._SL500_.jpg" alt="Product Image"></a><p>e.l.f. Power Grip Primer, Gel-Based & Hydrating Face Primer For Smoothing Skin & Gripping Makeup, Moisturizes & Primes, 0.811 Fl Oz (24 ml)</p><p>$9.98</p><a href="https://www.amazon.com/dp/B09XMYFTB7?tag=eloabder-20&linkCode=osi&th=1&psc=1">View Product</a></div><div class="product"><a href="https://www.amazon.com/dp/B07BHB7QBN?tag=eloabder-20&linkCode=osi&th=1&psc=1"><img src="https://m.media-amazon.com/images/I/31kMxA9EhWL._SL500_.jpg" alt="Product Image"></a><p>Maybelline New York Facestudio Master Prime Primer Makeup, Blur + Pore Minimize, 1 fl. oz.</p><p>$8.99</p><a href="https://www.amazon.com/dp/B07BHB7QBN?tag=eloabder-20&linkCode=osi&th=1&psc=1">View Product</a></div><div class="product"><a href="https://www.amazon.com/dp/B00JZ4V6V4?tag=eloabder-20&linkCode=osi&th=1&psc=1"><img src="https://m.media-amazon.com/images/I/31jO7qDk9zL._SL500_.jpg" alt="Product Image"></a><p>e.l.f. Poreless Face Primer, Restoring Makeup Primer For A Flawless, Smooth Canvas, Infused With Tea Tree & Vitamin A, Vegan & Cruelty-Free, 0.47 Fl Oz</p><p>$7.83</p><a href="https://www.amazon.com/dp/B00JZ4V6V4?tag=eloabder-20&linkCode=osi&th=1&psc=1">View Product</a></div><div class="product"><a href="https://www.amazon.com/dp/B0BQQS5GBQ?tag=eloabder-20&linkCode=osi&th=1&psc=1"><img src="https://m.media-amazon.com/images/I/31TLdF8cy8L._SL500_.jpg" alt="Product Image"></a><p>e.l.f. Power Grip Primer + 4% Niacinamide, Gel-Based & Hydrating Face Primer, Evens Skin & Brightens, Grips Makeup, Vegan & Cruelty-Free, 0.8 Fl Oz</p><p>$10.00</p><a href="https://www.amazon.com/dp/B0BQQS5GBQ?tag=eloabder-20&linkCode=osi&th=1&psc=1">View Product</a></div><div class="product"><a href="https://www.amazon.com/dp/B07NSH2B4D?tag=eloabder-20&linkCode=osi&th=1&psc=1"><img src="https://m.media-amazon.com/images/I/31gmpEmsBmL._SL500_.jpg" alt="Product Image"></a><p>e.l.f. Poreless Putty Primer, Silky, Skin-Perfecting, Lightweight, Long Lasting, Smooths, Hydrates, Minimizes Pores, Flawless Base & Finish, All-Day Wear, Ideal for All Skin Types, 0.74 Fl Oz</p><p>$10.00</p><a href="https://www.amazon.com/dp/B07NSH2B4D?tag=eloabder-20&linkCode=osi&th=1&psc=1">View Product</a></div><div class="product"><a href="https://www.amazon.com/dp/B09WYT4QTJ?tag=eloabder-20&linkCode=osi&th=1&psc=1"><img src="https://m.media-amazon.com/images/I/214qTbvzjrL._SL500_.jpg" alt="Product Image"></a><p>Smashbox The Original Photo Finish Smooth & Blur Oil-Free Makeup Primer - Infused with Vitamin A & E, Reduces The Appearance of Fine Lines and Pores - Travel Size, 0.34 fl oz</p><p>$16.00 ($47.06 / Ounce)</p><a href="https://www.amazon.com/dp/B09WYT4QTJ?tag=eloabder-20&linkCode=osi&th=1&psc=1">View Product</a></div><div class="product"><a href="https://www.amazon.com/dp/B07PQN4XZ1?tag=eloabder-20&linkCode=osi&th=1&psc=1"><img src="https://m.media-amazon.com/images/I/31BdxqUi-iL._SL500_.jpg" alt="Product Image"></a><p>Milk Makeup Hydro Grip Primer - 0.33 fl oz - Hydrates & Grips Makeup for Up to 12 Hours - Prevents Caking - All Skin Types - Fragrance-Free - Vegan, Cruelty Free</p><p>$20.00 ($60.61 / Fl Oz)</p><a href="https://www.amazon.com/dp/B07PQN4XZ1?tag=eloabder-20&linkCode=osi&th=1&psc=1">View Product</a></div><div class="product"><a href="https://www.amazon.com/dp/B00HVI8WYU?tag=eloabder-20&linkCode=osi&th=1&psc=1"><img src="https://m.media-amazon.com/images/I/31educzzSsL._SL500_.jpg" alt="Product Image"></a><p>e.l.f. Hydrating Face Primer, Makeup Primer For Flawless, Smooth Skin & Long-Lasting Makeup, Fills In Pores & Fine Lines, Vegan & Cruelty-free, Small</p><p>$8.00</p><a href="https://www.amazon.com/dp/B00HVI8WYU?tag=eloabder-20&linkCode=osi&th=1&psc=1">View Product</a></div><div class="product"><a href="https://www.amazon.com/dp/B07BHBDN3Y?tag=eloabder-20&linkCode=osi&th=1&psc=1"><img src="https://m.media-amazon.com/images/I/3173qcBCyFL._SL500_.jpg" alt="Product Image"></a><p>Maybelline New York Facestudio Master Prime Primer Makeup, Blur+ Defend, 1 fl. oz.</p><p>$9.77</p><a href="https://www.amazon.com/dp/B07BHBDN3Y?tag=eloabder-20&linkCode=osi&th=1&psc=1">View Product</a></div><div class="product"><a href="https://www.amazon.com/dp/B00I9X3UKM?tag=eloabder-20&linkCode=osi&th=1&psc=1"><img src="https://m.media-amazon.com/images/I/31Bx9WdmmdL._SL500_.jpg" alt="Product Image"></a><p>Rimmel London Stay Matte - 003 - Primer, Ultra-Lightweight, Controls Shine, Doesn’t Feel Greasy, 1oz</p><p>$5.97</p><a href="https://www.amazon.com/dp/B00I9X3UKM?tag=eloabder-20&linkCode=osi&th=1&psc=1">View Product</a></div>
<div class="product"><a href="https://www.amazon.com/dp/B008C131AK?tag=eloabder-20&linkCode=osi&th=1&psc=1"><img src="https://m.media-amazon.com/images/I/41EVShOq3PL._SL500_.jpg" alt="Product Image"></a><p>Maybelline Dream Fresh Skin Hydrating BB cream, 8-in-1 Skin Perfecting Beauty Balm with Broad Spectrum SPF 30, Sheer Tint Coverage, Oil-Free, Medium, 1 Fl Oz</p><p>$7.99</p><a href="https://www.amazon.com/dp/B008C131AK?tag=eloabder-20&linkCode=osi&th=1&psc=1">View Product</a></div><div class="product"><a href="https://www.amazon.com/dp/B0084A5PWQ?tag=eloabder-20&linkCode=osi&th=1&psc=1"><img src="https://m.media-amazon.com/images/I/31RjcO5JPeL._SL500_.jpg" alt="Product Image"></a><p>L'Oréal Paris Makeup Magic Skin Beautifier BB Cream Tinted Moisturizer, Medium, 1 fl oz, 1 Count</p><p>$9.98</p><a href="https://www.amazon.com/dp/B0084A5PWQ?tag=eloabder-20&linkCode=osi&th=1&psc=1">View Product</a></div><div class="product"><a href="https://www.amazon.com/dp/B002B9DWBC?tag=eloabder-20&linkCode=osi&th=1&psc=1"><img src="https://m.media-amazon.com/images/I/41ZejVfTaoL._SL500_.jpg" alt="Product Image"></a><p>MISSHA M Perfect BB Cream No.21 Light Beige for Bright Skin SPF 42 PA +++ 1.69 Fl Oz - Tinted Moisturizer for face with SPF</p><p>$9.90</p><a href="https://www.amazon.com/dp/B002B9DWBC?tag=eloabder-20&linkCode=osi&th=1&psc=1">View Product</a></div><div class="product"><a href="https://www.amazon.com/dp/B00KJ82CN6?tag=eloabder-20&linkCode=osi&th=1&psc=1"><img src="https://m.media-amazon.com/images/I/41VM3jcO3oS._SL500_.jpg" alt="Product Image"></a><p>Maybelline Dream Pure Skin Clearing BB Cream, 8-in-1 Skin Perfecting Beauty Balm With 2% Salicylic Acid, Sheer Tint Coverage, Oil-Free, Light/Medium, 1 Count</p><p>$7.99</p><a href="https://www.amazon.com/dp/B00KJ82CN6?tag=eloabder-20&linkCode=osi&th=1&psc=1">View Product</a></div><div class="product"><a href="https://www.amazon.com/dp/B000V33OGS?tag=eloabder-20&linkCode=osi&th=1&psc=1"><img src="https://m.media-amazon.com/images/I/41I8dzKEI+L._SL500_.jpg" alt="Product Image"></a><p>COVERGIRL Smoothers Lightweight BB Cream, Fair to Light 805, 1.35 oz (Packaging May Vary) Lightweight Hydrating 10-In-1 Skin Enhancer with SPF 21 UV Protection</p><p>$6.97</p><a href="https://www.amazon.com/dp/B000V33OGS?tag=eloabder-20&linkCode=osi&th=1&psc=1">View Product</a></div><div class="product"><a href="https://www.amazon.com/dp/B01E527F38?tag=eloabder-20&linkCode=osi&th=1&psc=1"><img src="https://m.media-amazon.com/images/I/31jXYhER5QL._SL500_.jpg" alt="Product Image"></a><p>COVERGIRL - Clean Matte BB Cream, Oil-Free, Long-Lasting, Sensitive Skin, Lightweight, 100% Cruelty-Free</p><p>$7.99</p><a href="https://www.amazon.com/dp/B01E527F38?tag=eloabder-20&linkCode=osi&th=1&psc=1">View Product</a></div><div class="product"><a href="https://www.amazon.com/dp/B07WTX6SKL?tag=eloabder-20&linkCode=osi&th=1&psc=1"><img src="https://m.media-amazon.com/images/I/41mtjVTdh3L._SL500_.jpg" alt="Product Image"></a><p>MISSHA M Perfect Cover BB Cream No.13 Bright Beige for Fair Skin SPF 42 PA +++ 1.69 Fl Oz - Tinted Moisturizer for face with SPF</p><p>$9.70 ($5.74 / Fl Oz)</p><a href="https://www.amazon.com/dp/B07WTX6SKL?tag=eloabder-20&linkCode=osi&th=1&psc=1">View Product</a></div><div class="product"><a href="https://www.amazon.com/dp/B09BYL7M3G?tag=eloabder-20&linkCode=osi&th=1&psc=1"><img src="https://m.media-amazon.com/images/I/41t-BZ1FdOL._SL500_.jpg" alt="Product Image"></a><p>purlisse Ageless Glow Serum BB Cream SPF 40 : Clean & Cruelty-Free, Full & Flawless Coverage, Hydrates with Collagen | Light 1.4oz</p><p>$39.00 ($37.50 / Fl Oz)</p><a href="https://www.amazon.com/dp/B09BYL7M3G?tag=eloabder-20&linkCode=osi&th=1&psc=1">View Product</a></div><div class="product"><a href="https://www.amazon.com/dp/B08JCK7LSN?tag=eloabder-20&linkCode=osi&th=1&psc=1"><img src="https://m.media-amazon.com/images/I/31KzNyZ7WBL._SL500_.jpg" alt="Product Image"></a><p>PURITO Cica Clearing BB Cream #21 Light Beige 1 fl.oz / 30ml, Vegan bb cream, tinted</p><p>$12.00</p><a href="https://www.amazon.com/dp/B08JCK7LSN?tag=eloabder-20&linkCode=osi&th=1&psc=1">View Product</a></div><div class="product"><a href="https://www.amazon.com/dp/B01M9FG3PS?tag=eloabder-20&linkCode=osi&th=1&psc=1"><img src="https://m.media-amazon.com/images/I/41i-ftNWghL._SL500_.jpg" alt="Product Image"></a><p>pūrlisse Perfect Glow BB Cream SPF 30: Clean & Cruelty-Free, Medium Flawless Coverage, Hydrates with Jasmine | Light 1.4oz</p><p>$36.00 ($26.47 / Fl Oz)</p><a href="https://www.amazon.com/dp/B01M9FG3PS?tag=eloabder-20&linkCode=osi&th=1&psc=1">View Product</a></div>
<div class="product"><a href="https://www.amazon.com/dp/B00RZ4R0ZM?tag=eloabder-20&linkCode=osi&th=1&psc=1"><img src="https://m.media-amazon.com/images/I/41h3Z7gUh4L._SL500_.jpg" alt="Product Image"></a><p>IT Cosmetics Your Skin But Better CC+ Cream, Light (W) - Color Correcting Cream, Full-Coverage Foundation, Hydrating Serum & SPF 50+ Sunscreen - Natural Finish - 1.08 fl oz</p><p>$47.00 ($43.52 / Fl Oz)</p><a href="https://www.amazon.com/dp/B00RZ4R0ZM?tag=eloabder-20&linkCode=osi&th=1&psc=1">View Product</a></div><div class="product"><a href="https://www.amazon.com/dp/B09TSSR6TQ?tag=eloabder-20&linkCode=osi&th=1&psc=1"><img src="https://m.media-amazon.com/images/I/41YfZQIZVHL._SL500_.jpg" alt="Product Image"></a><p>Erborian Color Correcting CC Cream with cica, Tan (Dore) - Lightweight Multi-Purpose Foundation with Illuminating Finish Soothes & Hydrates - SPF Korean Skincare Skin Perfector - 1.5 Oz</p><p>$46.00 ($30.67 / Ounce)</p><a href="https://www.amazon.com/dp/B09TSSR6TQ?tag=eloabder-20&linkCode=osi&th=1&psc=1">View Product</a></div><div class="product"><a href="https://www.amazon.com/dp/B0CG67918Y?tag=eloabder-20&linkCode=osi&th=1&psc=1"><img src="https://m.media-amazon.com/images/I/31ZBRrlGQeL._SL500_.jpg" alt="Product Image"></a><p>Color Correcting CC Cream with SPF 25, Coverage Lightweight Foundation, Hydrating Serum, Even Skin Tone Makeup and Skin Care, Boost Radiance, Refine Skin Texture, Avoid Sun Damage (LightLight, 1PCS)</p><p>$9.99</p><a href="https://www.amazon.com/dp/B0CG67918Y?tag=eloabder-20&linkCode=osi&th=1&psc=1">View Product</a></div><div class="product"><a href="https://www.amazon.com/dp/B07GV322NS?tag=eloabder-20&linkCode=osi&th=1&psc=1"><img src="https://m.media-amazon.com/images/I/318Xp-z4BzL._SL500_.jpg" alt="Product Image"></a><p>IT Cosmetics Your Skin But Better CC+ Cream Illumination - Color Correcting Cream, Full-Coverage Foundation, Hydrating Serum & SPF 50+ Sunscreen Radiant Finish 1.08 fl oz</p><p>$47.00 ($43.52 / Fl Oz)</p><a href="https://www.amazon.com/dp/B07GV322NS?tag=eloabder-20&linkCode=osi&th=1&psc=1">View Product</a></div><div class="product"><a href="https://www.amazon.com/dp/B08TQMG68Q?tag=eloabder-20&linkCode=osi&th=1&psc=1"><img src="https://m.media-amazon.com/images/I/31WzGFVeXLL._SL500_.jpg" alt="Product Image"></a><p>e.l.f. Camo CC Cream, Color Correcting Medium-To-Full Coverage Foundation with SPF 30, Light 240 W, 1.05 Oz (30g)</p><p>$14.29</p><a href="https://www.amazon.com/dp/B08TQMG68Q?tag=eloabder-20&linkCode=osi&th=1&psc=1">View Product</a></div><div class="product"><a href="https://www.amazon.com/dp/B00HUA6LCO?tag=eloabder-20&linkCode=osi&th=1&psc=1"><img src="https://m.media-amazon.com/images/I/31tzzIuzR3L._SL500_.jpg" alt="Product Image"></a><p>Physicians Formula Super CC+ Cream Color-Correction + Care Cream Full Coverage Light Foundation, Anti Aging Hydrating Serum, For Uneven Skin Tone, Dermatologist Approved</p><p>$12.30</p><a href="https://www.amazon.com/dp/B00HUA6LCO?tag=eloabder-20&linkCode=osi&th=1&psc=1">View Product</a></div><div class="product"><a href="https://www.amazon.com/dp/B00E4OQ63I?tag=eloabder-20&linkCode=osi&th=1&psc=1"><img src="https://m.media-amazon.com/images/I/31C4yvovnxL._SL500_.jpg" alt="Product Image"></a><p>Lumene Color Correcting CC Cream - Lightweight Foundation with Medium Coverage - Redness Reducing Face Makeup for a Glowing Complexion - Vegan Formula + Suitable for All Skin Types - Medium (1 fl oz)</p><p>$17.40 ($17.40 / Fl Oz)</p><a href="https://www.amazon.com/dp/B00E4OQ63I?tag=eloabder-20&linkCode=osi&th=1&psc=1">View Product</a></div><div class="product"><a href="https://www.amazon.com/dp/B09TSRF2Q8?tag=eloabder-20&linkCode=osi&th=1&psc=1"><img src="https://m.media-amazon.com/images/I/41lZpQCt9HL._SL500_.jpg" alt="Product Image"></a><p>Erborian Color Correcting CC Cream with Centella Asiatica, Red Correct - Light Multi-Purpose Facial Concealer with Illuminating Finish Soothes & Hydrates - SPF Korean Skincare Skin Perfector - 0.5 Oz</p><p>$25.00 ($50.00 / Ounce)</p><a href="https://www.amazon.com/dp/B09TSRF2Q8?tag=eloabder-20&linkCode=osi&th=1&psc=1">View Product</a></div><div class="product"><a href="https://www.amazon.com/dp/B00U3203IY?tag=eloabder-20&linkCode=osi&th=1&psc=1"><img src="https://m.media-amazon.com/images/I/31BL0K5i4vL._SL500_.jpg" alt="Product Image"></a><p>IT Cosmetics Your Skin But Better CC+ Cream Travel Size, Light (W) - Color Correcting Cream, Full-Coverage Foundation, Hydrating Serum & SPF 50+ Sunscreen - Natural Finish - 0.406 fl oz</p><p>$22.00 ($55.00 / Fl Oz)</p><a href="https://www.amazon.com/dp/B00U3203IY?tag=eloabder-20&linkCode=osi&th=1&psc=1">View Product</a></div>
<div class="product"><a href="https://www.amazon.com/dp/B0CG68RTBB?tag=eloabder-20&linkCode=osi&th=1&psc=1"><img src="https://m.media-amazon.com/images/I/51d8MhcTFdL._SL500_.jpg" alt="Product Image"></a><p>Contour Stick, Highlighter Stick, Blush Stick 3Pcs Cream Contour Kit with Contour Brush, Create Face Contour, Non-greasy, Waterproof Long-lasting Effect, Highlighter Makeup Stick for Beginner Medium</p><p>$6.64 ($1.72 / Ounce)</p><a href="https://www.amazon.com/dp/B0CG68RTBB?tag=eloabder-20&linkCode=osi&th=1&psc=1">View Product</a></div><div class="product"><a href="https://www.amazon.com/dp/B0B7713RZQ?tag=eloabder-20&linkCode=osi&th=1&psc=1"><img src="https://m.media-amazon.com/images/I/51pLW0sMwGL._SL500_.jpg" alt="Product Image"></a><p>4 Colors Cream Contour Sticks Makeup Kit, Primer Face Highlighter Contouring for Beginners, Highlight and Contour Kit, Cream Concealer Makeup Blur Stick, Primer Face Corrector 1#,3#</p><p>$9.98</p><a href="https://www.amazon.com/dp/B0B7713RZQ?tag=eloabder-20&linkCode=osi&th=1&psc=1">View Product</a></div><div class="product"><a href="https://www.amazon.com/dp/B014PVXY5W?tag=eloabder-20&linkCode=osi&th=1&psc=1"><img src="https://m.media-amazon.com/images/I/41Qf+n9Gn-L._SL500_.jpg" alt="Product Image"></a><p>Aesthetica Cosmetics Cream Contour and Highlighting Makeup Kit - Contouring Foundation/Concealer Palette - Vegan & Cruelty Free - Step-by-Step Instructions Included</p><p>$29.97 ($47.57 / Ounce)</p><a href="https://www.amazon.com/dp/B014PVXY5W?tag=eloabder-20&linkCode=osi&th=1&psc=1">View Product</a></div><div class="product"><a href="https://www.amazon.com/dp/B0CSCYCQTP?tag=eloabder-20&linkCode=osi&th=1&psc=1"><img src="https://m.media-amazon.com/images/I/41g9O0LMEpL._SL500_.jpg" alt="Product Image"></a><p>Umadit Contour Stick, Blush Stick, Highlighter Stick, Bronzer Stick, 3 Pcs Cream Contour Kit with Brush for a Flawless Look, Contour Stick Makeup Non-Greasy Waterproof, Long-lasting Fair-Medium</p><p>$14.99</p><a href="https://www.amazon.com/dp/B0CSCYCQTP?tag=eloabder-20&linkCode=osi&th=1&psc=1">View Product</a></div><div class="product"><a href="https://www.amazon.com/dp/B0C6MYW7FC?tag=eloabder-20&linkCode=osi&th=1&psc=1"><img src="https://m.media-amazon.com/images/I/51CRa+rR5yL._SL500_.jpg" alt="Product Image"></a><p>3Pcs Cream Contour Stick Makeup Kit,Shades with Highlighter Stick,Blush Stick and Bronzer Contour Stick for Sculpt the Cheeks,Long Lasting,Waterproof,Matte & Dewy Finish,LIGHT MEDIUM (#02,05,06)</p><p>$12.99</p><a href="https://www.amazon.com/dp/B0C6MYW7FC?tag=eloabder-20&linkCode=osi&th=1&psc=1">View Product</a></div><div class="product"><a href="https://www.amazon.com/dp/B074G44PVR?tag=eloabder-20&linkCode=osi&th=1&psc=1"><img src="https://m.media-amazon.com/images/I/41dMa+Rs2NL._SL500_.jpg" alt="Product Image"></a><p>W7 Lift & Sculpt Cream Contour Kit - Concealing, Highlighting & Contouring Makeup Palette - Step-by-Step Instructions Included</p><p>$6.29 ($8.99 / Ounce)</p><a href="https://www.amazon.com/dp/B074G44PVR?tag=eloabder-20&linkCode=osi&th=1&psc=1">View Product</a></div><div class="product"><a href="https://www.amazon.com/dp/B0045J2GKY?tag=eloabder-20&linkCode=osi&th=1&psc=1"><img src="https://m.media-amazon.com/images/I/31m4Yh07iZL._SL500_.jpg" alt="Product Image"></a><p>Smashbox Step-By-Step Contour, Highlighter, & Bronzer Face Palette with Angled Brush, Light/Medium</p><p>$40.00 ($100.00 / Ounce)</p><a href="https://www.amazon.com/dp/B0045J2GKY?tag=eloabder-20&linkCode=osi&th=1&psc=1">View Product</a></div><div class="product"><a href="https://www.amazon.com/dp/B0169YYBYQ?tag=eloabder-20&linkCode=osi&th=1&psc=1"><img src="https://m.media-amazon.com/images/I/31BGUv-HtUL._SL500_.jpg" alt="Product Image"></a><p>Maybelline Facestudio Master Contour Face Contouring Kit, Light to Medium, 1 Count</p><p>$9.98 ($28.51 / Ounce)</p><a href="https://www.amazon.com/dp/B0169YYBYQ?tag=eloabder-20&linkCode=osi&th=1&psc=1">View Product</a></div><div class="product"><a href="https://www.amazon.com/dp/B00HG1JMB4?tag=eloabder-20&linkCode=osi&th=1&psc=1"><img src="https://m.media-amazon.com/images/I/31wv1eTLSgL._SL500_.jpg" alt="Product Image"></a><p>Anastasia Beverly Hills Contour Powder Kit - Light to Medium Women 0.66 oz</p><p>$40.00 ($60.61 / Ounce)</p><a href="https://www.amazon.com/dp/B00HG1JMB4?tag=eloabder-20&linkCode=osi&th=1&psc=1">View Product</a></div><div class="product"><a href="https://www.amazon.com/dp/B0CZLKZ5MV?tag=eloabder-20&linkCode=osi&th=1&psc=1"><img src="https://m.media-amazon.com/images/I/41bkKtdgzlL._SL500_.jpg" alt="Product Image"></a><p>3Pcs Cream Contour Stick Makeup Kit, Shades with Highlighter Stick, Blush Stick and Bronzer Contour Stick for Sculpt the Cheeks, Long Lasting, Waterproof, Matte & Dewy Finish (LIGHT MEDIUM)</p><p>$9.99</p><a href="https://www.amazon.com/dp/B0CZLKZ5MV?tag=eloabder-20&linkCode=osi&th=1&psc=1">View Product</a></div>
<div class="product"><a href="https://www.amazon.com/dp/B00WZQTCS8?tag=eloabder-20&linkCode=osi&th=1&psc=1"><img src="https://m.media-amazon.com/images/I/41iVoW5QboL._SL500_.jpg" alt="Product Image"></a><p>NYX PROFESSIONAL MAKEUP Micro Brow Pencil, Eyebrow Pencil - Espresso</p><p>$7.33</p><a href="https://www.amazon.com/dp/B00WZQTCS8?tag=eloabder-20&linkCode=osi&th=1&psc=1">View Product</a></div><div class="product"><a href="https://www.amazon.com/dp/B01643FI0I?tag=eloabder-20&linkCode=osi&th=1&psc=1"><img src="https://m.media-amazon.com/images/I/21w1DpgxRoL._SL500_.jpg" alt="Product Image"></a><p>L'Oreal Paris Makeup Brow Stylist Definer Waterproof Eyebrow Pencil, Ultra-Fine Mechanical Pencil, Draws Tiny Brow Hairs and Fills in Sparse Areas and Gaps, Dark Brunette, 0.003 Ounce (Pack of 1)</p><p>$8.98</p><a href="https://www.amazon.com/dp/B01643FI0I?tag=eloabder-20&linkCode=osi&th=1&psc=1">View Product</a></div><div class="product"><a href="https://www.amazon.com/dp/B074VD4X7W?tag=eloabder-20&linkCode=osi&th=1&psc=1"><img src="https://m.media-amazon.com/images/I/41eK8J1W2rL._SL500_.jpg" alt="Product Image"></a><p>Maybelline Total Temptation Eyebrow Definer Pencil, Soft Brown, 1 Count</p><p>$8.99</p><a href="https://www.amazon.com/dp/B074VD4X7W?tag=eloabder-20&linkCode=osi&th=1&psc=1">View Product</a></div><div class="product"><a href="https://www.amazon.com/dp/B0797NNXS7?tag=eloabder-20&linkCode=osi&th=1&psc=1"><img src="https://m.media-amazon.com/images/I/31M1oepnAnL._SL500_.jpg" alt="Product Image"></a><p>wet n wild Ultimate Eyebrow Retractable Definer Pencil, Dark Brown, Dual-Sided, Fine Tip, Shapes, Defines, Fills Brows Makeup</p><p>$3.26</p><a href="https://www.amazon.com/dp/B0797NNXS7?tag=eloabder-20&linkCode=osi&th=1&psc=1">View Product</a></div><div class="product"><a href="https://www.amazon.com/dp/B0B52KG7YP?tag=eloabder-20&linkCode=osi&th=1&psc=1"><img src="https://m.media-amazon.com/images/I/31Mi4FEPxYL._SL500_.jpg" alt="Product Image"></a><p>e.l.f. Instant Lift Brow Pencil, Dual-Ended Precision Brow Pencils For Shaping & Defining Eyebrows, Vegan & Cruelty-Free, Neutral Brown, 2-Pack</p><p>$5.00</p><a href="https://www.amazon.com/dp/B0B52KG7YP?tag=eloabder-20&linkCode=osi&th=1&psc=1">View Product</a></div><div class="product"><a href="https://www.amazon.com/dp/B0CPFY8K8W?tag=eloabder-20&linkCode=osi&th=1&psc=1"><img src="https://m.media-amazon.com/images/I/21SmXiqZZYL._SL500_.jpg" alt="Product Image"></a><p>e.l.f. Instant Lift Waterproof Brow Pencil, Long-Lasting Eyebrow Pencil For Grooming & Shaping Brows, Vegan & Cruelty-free, Deep Brown</p><p>$4.00</p><a href="https://www.amazon.com/dp/B0CPFY8K8W?tag=eloabder-20&linkCode=osi&th=1&psc=1">View Product</a></div><div class="product"><a href="https://www.amazon.com/dp/B0779TDXZD?tag=eloabder-20&linkCode=osi&th=1&psc=1"><img src="https://m.media-amazon.com/images/I/31lQjBd5GoL._SL500_.jpg" alt="Product Image"></a><p>COVERGIRL - Easy Breezy Brow Micro-Fine + Define Pencil, Micro-fine tip, no sharpening required, Built-in spoolie-brush, 100% Cruelty-Free</p><p>$6.98</p><a href="https://www.amazon.com/dp/B0779TDXZD?tag=eloabder-20&linkCode=osi&th=1&psc=1">View Product</a></div><div class="product"><a href="https://www.amazon.com/dp/B001ESKLZQ?tag=eloabder-20&linkCode=osi&th=1&psc=1"><img src="https://m.media-amazon.com/images/I/31bw47frHzS._SL500_.jpg" alt="Product Image"></a><p>COVERGIRL - Easy Breezy Brow Fill + Define Brow Pencil, Sharpener Included, Long-Lasting, Deeply Pigmented, Blendable Formula, 100% Cruelty-Free</p><p>$4.47</p><a href="https://www.amazon.com/dp/B001ESKLZQ?tag=eloabder-20&linkCode=osi&th=1&psc=1">View Product</a></div><div class="product"><a href="https://www.amazon.com/dp/B0BZB5S5VZ?tag=eloabder-20&linkCode=osi&th=1&psc=1"><img src="https://m.media-amazon.com/images/I/21yggYcUn7L._SL500_.jpg" alt="Product Image"></a><p>Maybelline Express Brow Ultra Slim Eyebrow Makeup, Brow Pencil with Precision Tip and Spoolie for Defined Eyebrows, Ash Brown, 1 Count</p><p>$7.99</p><a href="https://www.amazon.com/dp/B0BZB5S5VZ?tag=eloabder-20&linkCode=osi&th=1&psc=1">View Product</a></div><div class="product"><a href="https://www.amazon.com/dp/B0D12PWNK6?tag=eloabder-20&linkCode=osi&th=1&psc=1"><img src="https://m.media-amazon.com/images/I/51u7eOlEtFL._SL500_.jpg" alt="Product Image"></a><p>iMethod Microblading Eyebrow Pen - Eyebrow Pencil Magical 2-in-1 Dual-Ended Eye Brow Pencils for Women with 4-Fork-Tip & Precise Brush-Tip Create Natural Hair-Like Brows, Last All-Day, Dark Brown</p><p>$14.97 ($14.97 / Count)</p><a href="https://www.amazon.com/dp/B0D12PWNK6?tag=eloabder-20&linkCode=osi&th=1&psc=1">View Product</a></div>
<div class="product"><a href="https://www.amazon.com/dp/B08M58SWB1?tag=eloabder-20&linkCode=osi&th=1&psc=1"><img src="https://m.media-amazon.com/images/I/310xAdliG2L._SL500_.jpg" alt="Product Image"></a><p>NYX PROFESSIONAL MAKEUP The Brow Glue, Extreme Hold Eyebrow Gel - Clear</p><p>$9.97</p><a href="https://www.amazon.com/dp/B08M58SWB1?tag=eloabder-20&linkCode=osi&th=1&psc=1">View Product</a></div><div class="product"><a href="https://www.amazon.com/dp/B0CXZHMR7J?tag=eloabder-20&linkCode=osi&th=1&psc=1"><img src="https://m.media-amazon.com/images/I/31Yeo2ybK3L._SL500_.jpg" alt="Product Image"></a><p>L'Oreal Paris Infallible Up To 24H Wear Brow Lamination, Water-Resistant Longwear Eyebrow Gel Make Up, Clear/Transparent, 0.16 Fl Oz</p><p>$10.98</p><a href="https://www.amazon.com/dp/B0CXZHMR7J?tag=eloabder-20&linkCode=osi&th=1&psc=1">View Product</a></div><div class="product"><a href="https://www.amazon.com/dp/B00INCDKDQ?tag=eloabder-20&linkCode=osi&th=1&psc=1"><img src="https://m.media-amazon.com/images/I/31av5tR14oL._SL500_.jpg" alt="Product Image"></a><p>NYX PROFESSIONAL MAKEUP Control Freak Eyebrow Gel - Clear</p><p>$5.25</p><a href="https://www.amazon.com/dp/B00INCDKDQ?tag=eloabder-20&linkCode=osi&th=1&psc=1">View Product</a></div><div class="product"><a href="https://www.amazon.com/dp/B0815D98F3?tag=eloabder-20&linkCode=osi&th=1&psc=1"><img src="https://m.media-amazon.com/images/I/21QZMOUJnZL._SL500_.jpg" alt="Product Image"></a><p>e.l.f. Wow Brow Gel, Volumizing, Buildable, Wax-Gel Hybrid, Creates Full, Voluminous-Looking Brows, Locks Brow Hairs In Place, Neutral Brown, Fiber-Infused, 0.12 Oz</p><p>$5.00</p><a href="https://www.amazon.com/dp/B0815D98F3?tag=eloabder-20&linkCode=osi&th=1&psc=1">View Product</a></div><div class="product"><a href="https://www.amazon.com/dp/B0CZ9RC3LP?tag=eloabder-20&linkCode=osi&th=1&psc=1"><img src="https://m.media-amazon.com/images/I/31iejSSA86L._SL500_.jpg" alt="Product Image"></a><p>Maybelline Super Lock Brow Glue Eyebrow Gel, Lightweight Brow Gel For Up To 24HR Hold, Clear, 1 Count</p><p>$8.98</p><a href="https://www.amazon.com/dp/B0CZ9RC3LP?tag=eloabder-20&linkCode=osi&th=1&psc=1">View Product</a></div><div class="product"><a href="https://www.amazon.com/dp/B07GYBFBLY?tag=eloabder-20&linkCode=osi&th=1&psc=1"><img src="https://m.media-amazon.com/images/I/41kXdvFl3lL._SL500_.jpg" alt="Product Image"></a><p>L'Oreal Paris Unbelieva-Brow Longwear Waterproof Tinted Brow Gel, Smudge-resistant, Transfer- Proof, Quick Drying, Easy and quick application with precise brush, Blonde, 0.15 fl. oz.</p><p>$14.99</p><a href="https://www.amazon.com/dp/B07GYBFBLY?tag=eloabder-20&linkCode=osi&th=1&psc=1">View Product</a></div><div class="product"><a href="https://www.amazon.com/dp/B0BSP2J3BH?tag=eloabder-20&linkCode=osi&th=1&psc=1"><img src="https://m.media-amazon.com/images/I/316Jdh8JQ8L._SL500_.jpg" alt="Product Image"></a><p>e.l.f. Clear Lash & Brow Mascara 2-Pack, Conditioning Clear Brow & Lash Gel For Grooming, Defining & Separating, Long-Lasting, Vegan & Cruelty-Free</p><p>$5.00</p><a href="https://www.amazon.com/dp/B0BSP2J3BH?tag=eloabder-20&linkCode=osi&th=1&psc=1">View Product</a></div><div class="product"><a href="https://www.amazon.com/dp/B0D3FGY5D6?tag=eloabder-20&linkCode=osi&th=1&psc=1"><img src="https://m.media-amazon.com/images/I/31aAxHQKwVL._SL500_.jpg" alt="Product Image"></a><p>e.l.f. Brow Laminating Gel, Strong-Hold, Clear-Drying & Water-Resistant Brow Gel Creates Laminated Brows, Comb & Sculpt Brows, Vegan & Cruelty-free</p><p>$8.00</p><a href="https://www.amazon.com/dp/B0D3FGY5D6?tag=eloabder-20&linkCode=osi&th=1&psc=1">View Product</a></div><div class="product"><a href="https://www.amazon.com/dp/B00GI21NZA?tag=eloabder-20&linkCode=osi&th=1&psc=1"><img src="https://m.media-amazon.com/images/I/31w5F4g8lsL._SL500_.jpg" alt="Product Image"></a><p>Anastasia Beverly Hills - Clear Brow Gel</p><p>$22.00 ($22.00 / Count)</p><a href="https://www.amazon.com/dp/B00GI21NZA?tag=eloabder-20&linkCode=osi&th=1&psc=1">View Product</a></div>
<div class="product"><a href="https://www.amazon.com/dp/B001AAVC7Y?tag=eloabder-20&linkCode=osi&th=1&psc=1"><img src="https://m.media-amazon.com/images/I/51pWQb458XL._SL500_.jpg" alt="Product Image"></a><p>Palladio Brow Powder for Eyebrows, Soft and Natural Eyebrow Powder with Jojoba Oil & Shea Butter, Helps Enhance & Define Brows, Compact Size for Purse or Travel, Includes Applicator Brush, Taupe</p><p>$8.99</p><a href="https://www.amazon.com/dp/B001AAVC7Y?tag=eloabder-20&linkCode=osi&th=1&psc=1">View Product</a></div><div class="product"><a href="https://www.amazon.com/dp/B082YQ4QXJ?tag=eloabder-20&linkCode=osi&th=1&psc=1"><img src="https://m.media-amazon.com/images/I/41eSAKmXl+L._SL500_.jpg" alt="Product Image"></a><p>wet n wild Ultimate Eyebrow Makeup Kit, Eyebrow Powder Dark Brown, Brow Hair Removal Tweezers, Wax, Brush</p><p>$4.47</p><a href="https://www.amazon.com/dp/B082YQ4QXJ?tag=eloabder-20&linkCode=osi&th=1&psc=1">View Product</a></div><div class="product"><a href="https://www.amazon.com/dp/B06XRTKFLK?tag=eloabder-20&linkCode=osi&th=1&psc=1"><img src="https://m.media-amazon.com/images/I/41XwKxED0-L._SL500_.jpg" alt="Product Image"></a><p>COVERGIRL - Easy Breezy Brow Powder Kit, three shades brow definer, professional double-ended angled brush, effortless, 100% Cruelty-Free</p><p>$8.83</p><a href="https://www.amazon.com/dp/B06XRTKFLK?tag=eloabder-20&linkCode=osi&th=1&psc=1">View Product</a></div><div class="product"><a href="https://www.amazon.com/dp/B00L1JKKMC?tag=eloabder-20&linkCode=osi&th=1&psc=1"><img src="https://m.media-amazon.com/images/I/31bkV3lHN+L._SL500_.jpg" alt="Product Image"></a><p>Anastasia Beverly Hills - Brow Powder Duo - Soft Brown</p><p>$23.00</p><a href="https://www.amazon.com/dp/B00L1JKKMC?tag=eloabder-20&linkCode=osi&th=1&psc=1">View Product</a></div><div class="product"><a href="https://www.amazon.com/dp/B00MGK9Q5M?tag=eloabder-20&linkCode=osi&th=1&psc=1"><img src="https://m.media-amazon.com/images/I/415oCHJxIQL._SL500_.jpg" alt="Product Image"></a><p>Rimmel Brow This Way Sculpting Kit, Medium Brown, Powder 0.04 Ounce, Wax 0.03 Ounce</p><p>$6.99</p><a href="https://www.amazon.com/dp/B00MGK9Q5M?tag=eloabder-20&linkCode=osi&th=1&psc=1">View Product</a></div><div class="product"><a href="https://www.amazon.com/dp/B0051UM9VC?tag=eloabder-20&linkCode=osi&th=1&psc=1"><img src="https://m.media-amazon.com/images/I/41Y-UExgalL._SL500_.jpg" alt="Product Image"></a><p>Billion Dollar BrowBillion Dollar Brows - Eyebrow Powder - Blonde Powder, Blonde,</p><p>$10.99</p><a href="https://www.amazon.com/dp/B0051UM9VC?tag=eloabder-20&linkCode=osi&th=1&psc=1">View Product</a></div><div class="product"><a href="https://www.amazon.com/dp/B08KJBZTJG?tag=eloabder-20&linkCode=osi&th=1&psc=1"><img src="https://m.media-amazon.com/images/I/41MbUKhqKML._SL500_.jpg" alt="Product Image"></a><p>Eyebrow powder three-color eyebrow palette beauty contour eyebrow pencil professional eye makeup eyebrow filler1</p><p>$5.16 ($24.57 / Ounce)</p><a href="https://www.amazon.com/dp/B08KJBZTJG?tag=eloabder-20&linkCode=osi&th=1&psc=1">View Product</a></div><div class="product"><a href="https://www.amazon.com/dp/B0C5N2BWM2?tag=eloabder-20&linkCode=osi&th=1&psc=1"><img src="https://m.media-amazon.com/images/I/41JRf57GnvL._SL500_.jpg" alt="Product Image"></a><p>Eyebrow Powder Makeup Kit-3 Colors Eye Brow Powder Palette Long-Lasting Waterproof, Dark/light Brown Brow Filler, Fill & Sculpt Full Eyebrows for Women, With Mirror, Brow Brush & Razor-Set 02</p><p>$7.99 ($38.05 / Ounce)</p><a href="https://www.amazon.com/dp/B0C5N2BWM2?tag=eloabder-20&linkCode=osi&th=1&psc=1">View Product</a></div><div class="product"><a href="https://www.amazon.com/dp/B00M42I62G?tag=eloabder-20&linkCode=osi&th=1&psc=1"><img src="https://m.media-amazon.com/images/I/51Se54PcS2L._SL500_.jpg" alt="Product Image"></a><p>Marie-José & Co Medium Brown Eyebrow Powder - Perfect eyebrows, powder smooth!</p><p>$17.95</p><a href="https://www.amazon.com/dp/B00M42I62G?tag=eloabder-20&linkCode=osi&th=1&psc=1">View Product</a></div>
<div class="product"><a href="https://www.amazon.com/dp/B085WR3YDT?tag=eloabder-20&linkCode=osi&th=1&psc=1"><img src="https://m.media-amazon.com/images/I/41cuO8PyoTL._SL500_.jpg" alt="Product Image"></a><p>wet n wild Color Icon Cream Eyeshadow Multi-Stick, Moisturizing, Nourishing Velvety Cream-to-Powder Buildable & Blendable Formula, Cruelty-Free & Vegan - Champagne Room</p><p>$3.28</p><a href="https://www.amazon.com/dp/B085WR3YDT?tag=eloabder-20&linkCode=osi&th=1&psc=1">View Product</a></div><div class="product"><a href="https://www.amazon.com/dp/B01IW02HX2?tag=eloabder-20&linkCode=osi&th=1&psc=1"><img src="https://m.media-amazon.com/images/I/510F-WOAL4L._SL500_.jpg" alt="Product Image"></a><p>NYX PROFESSIONAL MAKEUP Ultimate Shadow Palette, Eyeshadow Palette - Warm Neutrals</p><p>$9.99</p><a href="https://www.amazon.com/dp/B01IW02HX2?tag=eloabder-20&linkCode=osi&th=1&psc=1">View Product</a></div><div class="product"><a href="https://www.amazon.com/dp/B092JQ23N5?tag=eloabder-20&linkCode=osi&th=1&psc=1"><img src="https://m.media-amazon.com/images/I/51OUufwItlL._SL500_.jpg" alt="Product Image"></a><p>URBAN DECAY 24/7 Longwear Eyeshadow Single (Sin - Champagne Shimmer), High-Pigment Eye Shadow Compact, Smooth & Blendable Colors, Crease-free, Vegan - 0.06 oz</p><p>$22.00</p><a href="https://www.amazon.com/dp/B092JQ23N5?tag=eloabder-20&linkCode=osi&th=1&psc=1">View Product</a></div><div class="product"><a href="https://www.amazon.com/dp/B00L5SMFJU?tag=eloabder-20&linkCode=osi&th=1&psc=1"><img src="https://m.media-amazon.com/images/I/41-WaM3A3tL._SL500_.jpg" alt="Product Image"></a><p>Covergirl Eye Enhancers Eye Shadow Palette, Natural Nudes, 0.19 Ounce</p><p>$5.48</p><a href="https://www.amazon.com/dp/B00L5SMFJU?tag=eloabder-20&linkCode=osi&th=1&psc=1">View Product</a></div><div class="product"><a href="https://www.amazon.com/dp/B01LW1983J?tag=eloabder-20&linkCode=osi&th=1&psc=1"><img src="https://m.media-amazon.com/images/I/51EsPf59XBL._SL500_.jpg" alt="Product Image"></a><p>Julep Eyeshadow 101 Crème to Powder Waterproof Eyeshadow Stick, Champagne Shimmer</p><p>$18.00</p><a href="https://www.amazon.com/dp/B01LW1983J?tag=eloabder-20&linkCode=osi&th=1&psc=1">View Product</a></div><div class="product"><a href="https://www.amazon.com/dp/B0D3FGFBGQ?tag=eloabder-20&linkCode=osi&th=1&psc=1"><img src="https://m.media-amazon.com/images/I/31HD2nUWJSL._SL500_.jpg" alt="Product Image"></a><p>e.l.f. Lock It Down Eyeshadow Primer, Smooth, Creamy Primer For Long-Lasting Eyeshadow, Intensifies Liquid & Powder Color, Vegan & Cruelty-free</p><p>$7.00</p><a href="https://www.amazon.com/dp/B0D3FGFBGQ?tag=eloabder-20&linkCode=osi&th=1&psc=1">View Product</a></div><div class="product"><a href="https://www.amazon.com/dp/B00UKP1M2K?tag=eloabder-20&linkCode=osi&th=1&psc=1"><img src="https://m.media-amazon.com/images/I/41hSsvPHKxL._SL500_.jpg" alt="Product Image"></a><p>Maybelline The Blushed Nudes Eyeshadow Palette Makeup, 12 Pigmented Matte & Shimmer Shades, Blendable Powder, 1 Count</p><p>$9.32</p><a href="https://www.amazon.com/dp/B00UKP1M2K?tag=eloabder-20&linkCode=osi&th=1&psc=1">View Product</a></div><div class="product"><a href="https://www.amazon.com/dp/B07MQJRK7N?tag=eloabder-20&linkCode=osi&th=1&psc=1"><img src="https://m.media-amazon.com/images/I/41yzRaUSPiL._SL500_.jpg" alt="Product Image"></a><p>Highly Pigmented Eye Makeup Palette, Matte Shimmer Metallic Eyeshadow Pallet Long Lasting Blendable Natural Colors Make Up Eye Shadows Cosmetics Gift Kit</p><p>$7.39</p><a href="https://www.amazon.com/dp/B07MQJRK7N?tag=eloabder-20&linkCode=osi&th=1&psc=1">View Product</a></div><div class="product"><a href="https://www.amazon.com/dp/B08RS6WNX7?tag=eloabder-20&linkCode=osi&th=1&psc=1"><img src="https://m.media-amazon.com/images/I/51qCii788PL._SL500_.jpg" alt="Product Image"></a><p>wet n wild Color Icon 5-Pan Palette Brown Walking On Eggshells</p><p>$3.19</p><a href="https://www.amazon.com/dp/B08RS6WNX7?tag=eloabder-20&linkCode=osi&th=1&psc=1">View Product</a></div><div class="product"><a href="https://www.amazon.com/dp/B073ZBGLJF?tag=eloabder-20&linkCode=osi&th=1&psc=1"><img src="https://m.media-amazon.com/images/I/41go9Ug8AOL._SL500_.jpg" alt="Product Image"></a><p>BestLand 2 Pack 12 Colors Makeup Nude Colors Eyeshadow Palette Natural Nude Matte Shimmer Glitter Pigment Eye Shadow Pallete Set Waterproof Smokey Professional Beauty Makeup Kit (2 PCS)</p><p>$9.99</p><a href="https://www.amazon.com/dp/B073ZBGLJF?tag=eloabder-20&linkCode=osi&th=1&psc=1">View Product</a></div>
<div class="product"><a href="https://www.amazon.com/dp/B095PSJ7QV?tag=eloabder-20&linkCode=osi&th=1&psc=1"><img src="https://m.media-amazon.com/images/I/41KLL00KKZL._SL500_.jpg" alt="Product Image"></a><p>URBAN DECAY Naked3 Mini Eyeshadow Palette - Pigmented Eye Makeup Palette For On the Go - Ultra Blendable - Up to 12 Hour Wear</p><p>$35.00</p><a href="https://www.amazon.com/dp/B095PSJ7QV?tag=eloabder-20&linkCode=osi&th=1&psc=1">View Product</a></div><div class="product"><a href="https://www.amazon.com/dp/B07DZZG8X4?tag=eloabder-20&linkCode=osi&th=1&psc=1"><img src="https://m.media-amazon.com/images/I/41Rbe3ixSHL._SL500_.jpg" alt="Product Image"></a><p>Rimmel London Magnif'Eyes Eyeshadow Palette, 12 Shades, Blendable Formula, Versatile, 007, Crimson, 0.5oz</p><p>$3.70</p><a href="https://www.amazon.com/dp/B07DZZG8X4?tag=eloabder-20&linkCode=osi&th=1&psc=1">View Product</a></div><div class="product"><a href="https://www.amazon.com/dp/B00HIFA24O?tag=eloabder-20&linkCode=osi&th=1&psc=1"><img src="https://m.media-amazon.com/images/I/41pHzrdjcPL._SL500_.jpg" alt="Product Image"></a><p>URBAN DECAY Naked 3, Soft Pink Neutral Eyeshadow Palette, Matte, Pearl, Metallic, Shimmer Finish, 12 Mauve Brown & Nude Eye Shadows, Natural Soft Glam Smokey Eye Makeup, Vegan, Cruelty-free</p><p>$59.00</p><a href="https://www.amazon.com/dp/B00HIFA24O?tag=eloabder-20&linkCode=osi&th=1&psc=1">View Product</a></div><div class="product"><a href="https://www.amazon.com/dp/B0CP49R493?tag=eloabder-20&linkCode=osi&th=1&psc=1"><img src="https://m.media-amazon.com/images/I/41mV4uKx5HL._SL500_.jpg" alt="Product Image"></a><p>FLYEEO Neutral Brown Eye Shadow palette- Rose Gold Dark Brown Eyeshadow Palette Colorful 9 Colors, Matte Shimmer Highly Pigmented Nude Eyeshadow Palette Makeup Naturing-Looking Long Lasting</p><p>$5.88</p><a href="https://www.amazon.com/dp/B0CP49R493?tag=eloabder-20&linkCode=osi&th=1&psc=1">View Product</a></div><div class="product"><a href="https://www.amazon.com/dp/B0CYX9V642?tag=eloabder-20&linkCode=osi&th=1&psc=1"><img src="https://m.media-amazon.com/images/I/51jaIKsO-uL._SL500_.jpg" alt="Product Image"></a><p>imakeupnow 45 Shades Eye Shadow Makeup Palette Set Colorful Bright, High Pigmented Eyeshadow Pallets, Matte Shimmer Glitter for Halloween</p><p>$7.59</p><a href="https://www.amazon.com/dp/B0CYX9V642?tag=eloabder-20&linkCode=osi&th=1&psc=1">View Product</a></div>
<div class="product"><a href="https://www.amazon.com/dp/B0C9TXLWLY?tag=eloabder-20&linkCode=osi&th=1&psc=1"><img src="https://m.media-amazon.com/images/I/31-5KVw5KDL._SL500_.jpg" alt="Product Image"></a><p>PRIME PROMETICS PrimeEyes Glide Eyeliner for Mature Women – Water-Resistant, Long-Stay and Mess-Proof – Gel Cream Texture, Discreet Sharpener and Effective Smudger (Black)</p><p>$28.00 ($28.00 / Count)</p><a href="https://www.amazon.com/dp/B0C9TXLWLY?tag=eloabder-20&linkCode=osi&th=1&psc=1">View Product</a></div><div class="product"><a href="https://www.amazon.com/dp/B07MWSXPT1?tag=eloabder-20&linkCode=osi&th=1&psc=1"><img src="https://m.media-amazon.com/images/I/315xthaPi6L._SL500_.jpg" alt="Product Image"></a><p>e.l.f. No Budge Retractable Eyeliner, Creamy, Ultra-Pigmented & Waterproof, Creates Bold & Defined Lines, Vegan & Cruelty-Free, Black 0.006 Oz</p><p>$4.00</p><a href="https://www.amazon.com/dp/B07MWSXPT1?tag=eloabder-20&linkCode=osi&th=1&psc=1">View Product</a></div><div class="product"><a href="https://www.amazon.com/dp/B07W8JJ61X?tag=eloabder-20&linkCode=osi&th=1&psc=1"><img src="https://m.media-amazon.com/images/I/31wj5vRROwL._SL500_.jpg" alt="Product Image"></a><p>Maybelline Hyper Easy Liquid Pen No-Skip Eyeliner, Satin Finish, Waterproof Formula, Pitch Black, 0.018 Fl Oz</p><p>$8.38</p><a href="https://www.amazon.com/dp/B07W8JJ61X?tag=eloabder-20&linkCode=osi&th=1&psc=1">View Product</a></div><div class="product"><a href="https://www.amazon.com/dp/B01J1A3TFW?tag=eloabder-20&linkCode=osi&th=1&psc=1"><img src="https://m.media-amazon.com/images/I/51z42sdOArL._SL500_.jpg" alt="Product Image"></a><p>Revlon Pencil Eyeliner, ColorStay Eye Makeup with Built-in Sharpener, Waterproof, Smudge-proof, Longwearing with Ultra-Fine Tip, 201 Black, 2 count (Pack of 1)</p><p>$11.38</p><a href="https://www.amazon.com/dp/B01J1A3TFW?tag=eloabder-20&linkCode=osi&th=1&psc=1">View Product</a></div><div class="product"><a href="https://www.amazon.com/dp/B074Y8LM6T?tag=eloabder-20&linkCode=osi&th=1&psc=1"><img src="https://m.media-amazon.com/images/I/316blXt1KxL._SL500_.jpg" alt="Product Image"></a><p>NYX PROFESSIONAL MAKEUP Epic Ink Liner, Waterproof Liquid Eyeliner - Black, Vegan Formula</p><p>$7.50</p><a href="https://www.amazon.com/dp/B074Y8LM6T?tag=eloabder-20&linkCode=osi&th=1&psc=1">View Product</a></div><div class="product"><a href="https://www.amazon.com/dp/B005G9E9FW?tag=eloabder-20&linkCode=osi&th=1&psc=1"><img src="https://m.media-amazon.com/images/I/51poZdEojrL._SL500_.jpg" alt="Product Image"></a><p>NYX PROFESSIONAL MAKEUP Vivid Rich Mechanical Eye Pencil, Vivid Rich Mechanical, Creamy Retractable Eyeliner - Smokin Topaz, Brown Eyeliner</p><p>$6.00</p><a href="https://www.amazon.com/dp/B005G9E9FW?tag=eloabder-20&linkCode=osi&th=1&psc=1">View Product</a></div><div class="product"><a href="https://www.amazon.com/dp/B082YQ8TXR?tag=eloabder-20&linkCode=osi&th=1&psc=1"><img src="https://m.media-amazon.com/images/I/31Et4E-arpL._SL500_.jpg" alt="Product Image"></a><p>wet n wild Mega Last Breakup Proof Liquid Eyeliner - Quick Drying, Smudge-Resistant, 16-Hour Wear - Cruelty-Free & Vegan - Black</p><p>$5.47</p><a href="https://www.amazon.com/dp/B082YQ8TXR?tag=eloabder-20&linkCode=osi&th=1&psc=1">View Product</a></div><div class="product"><a href="https://www.amazon.com/dp/B07NX61ZHN?tag=eloabder-20&linkCode=osi&th=1&psc=1"><img src="https://m.media-amazon.com/images/I/31kQNTwJazL._SL500_.jpg" alt="Product Image"></a><p>Rimmel London exaggerate auto waterproof eye definer in blackest black, 2 Count</p><p>$6.97</p><a href="https://www.amazon.com/dp/B07NX61ZHN?tag=eloabder-20&linkCode=osi&th=1&psc=1">View Product</a></div><div class="product"><a href="https://www.amazon.com/dp/B082YPRCMM?tag=eloabder-20&linkCode=osi&th=1&psc=1"><img src="https://m.media-amazon.com/images/I/317ubI9GTBL._SL500_.jpg" alt="Product Image"></a><p>wet n wild Mega Last Breakup Proof Eyeliner, Quick Drying, Waterproof, 16-Hour Wear - Cruelty-Free & Vegan - Blackest Black</p><p>$2.28</p><a href="https://www.amazon.com/dp/B082YPRCMM?tag=eloabder-20&linkCode=osi&th=1&psc=1">View Product</a></div><div class="product"><a href="https://www.amazon.com/dp/B07GX832KD?tag=eloabder-20&linkCode=osi&th=1&psc=1"><img src="https://m.media-amazon.com/images/I/315wR2F58-L._SL500_.jpg" alt="Product Image"></a><p>Maybelline TattooStudio Long-Lasting Sharpenable Eyeliner Pencil, Glide on Smooth Gel Pigments with 36 Hour Wear, Waterproof, Deep Onyx, 1 Count</p><p>$6.42</p><a href="https://www.amazon.com/dp/B07GX832KD?tag=eloabder-20&linkCode=osi&th=1&psc=1">View Product</a></div>
<div class="product"><a href="https://www.amazon.com/dp/B0BG7MWNNN?tag=eloabder-20&linkCode=osi&th=1&psc=1"><img src="https://m.media-amazon.com/images/I/41E8W4N+FkL._SL500_.jpg" alt="Product Image"></a><p>Prime Prometics PrimeLash Mascara for Older Women – Volumizing, Incredible Length in 2 Coats – Long-Stay, Zero Clumps, Hypoallergenic (Brown)</p><p>$28.00</p><a href="https://www.amazon.com/dp/B0BG7MWNNN?tag=eloabder-20&linkCode=osi&th=1&psc=1">View Product</a></div><div class="product"><a href="https://www.amazon.com/dp/B00T0C9XRK?tag=eloabder-20&linkCode=osi&th=1&psc=1"><img src="https://m.media-amazon.com/images/I/41IP2ZEXFNL._SL500_.jpg" alt="Product Image"></a><p>essence | Lash Princess False Lash Effect Mascara | Volumizing & Lengthening | Cruelty Free & Paraben Free</p><p>$4.99 ($12.17 / Fl Oz )</p><a href="https://www.amazon.com/dp/B00T0C9XRK?tag=eloabder-20&linkCode=osi&th=1&psc=1">View Product</a></div><div class="product"><a href="https://www.amazon.com/dp/B08H3JPH74?tag=eloabder-20&linkCode=osi&th=1&psc=1"><img src="https://m.media-amazon.com/images/I/31hf532TEHL._SL500_.jpg" alt="Product Image"></a><p>Maybelline Lash Sensational Sky High Washable Mascara Makeup, Volumizing, Lengthening, Defining, Curling, Multiplying, Buildable Formula, Blackest Black, 1 Count</p><p>$9.98</p><a href="https://www.amazon.com/dp/B08H3JPH74?tag=eloabder-20&linkCode=osi&th=1&psc=1">View Product</a></div><div class="product"><a href="https://www.amazon.com/dp/B01DPA6OHO?tag=eloabder-20&linkCode=osi&th=1&psc=1"><img src="https://m.media-amazon.com/images/I/31xGLWu4IKL._SL500_.jpg" alt="Product Image"></a><p>L'Oreal Paris Makeup Voluminous Lash Boosting Conditioning Primer Mascara, White Primer, 0.24 fl; oz.</p><p>$8.88</p><a href="https://www.amazon.com/dp/B01DPA6OHO?tag=eloabder-20&linkCode=osi&th=1&psc=1">View Product</a></div><div class="product"><a href="https://www.amazon.com/dp/B06XF2TR11?tag=eloabder-20&linkCode=osi&th=1&psc=1"><img src="https://m.media-amazon.com/images/I/31B6RR270IL._SL500_.jpg" alt="Product Image"></a><p>L'Oreal Paris Voluminous Makeup Lash Paradise Mascara, Voluptuous Volume, Intense Length, Feathery Soft Full Lashes, No Flaking, No Smudging, No Clumping, Blackest Black, 1 Count</p><p>$9.97</p><a href="https://www.amazon.com/dp/B06XF2TR11?tag=eloabder-20&linkCode=osi&th=1&psc=1">View Product</a></div><div class="product"><a href="https://www.amazon.com/dp/B004BCTFVS?tag=eloabder-20&linkCode=osi&th=1&psc=1"><img src="https://m.media-amazon.com/images/I/31-ICBRxi9L._SL500_.jpg" alt="Product Image"></a><p>L'Oreal Paris Makeup Voluminous Original Volume Building Mascara, Blackest Black, 0.28 fl; Oz, 1 Count</p><p>$8.95</p><a href="https://www.amazon.com/dp/B004BCTFVS?tag=eloabder-20&linkCode=osi&th=1&psc=1">View Product</a></div><div class="product"><a href="https://www.amazon.com/dp/B004BD107O?tag=eloabder-20&linkCode=osi&th=1&psc=1"><img src="https://m.media-amazon.com/images/I/31OWqsdljyL._SL500_.jpg" alt="Product Image"></a><p>L'Oreal Paris Makeup Telescopic Original Lengthening Mascara, Blackest Black, 0.27 Fl Oz (1 Count)</p><p>$10.99</p><a href="https://www.amazon.com/dp/B004BD107O?tag=eloabder-20&linkCode=osi&th=1&psc=1">View Product</a></div><div class="product"><a href="https://www.amazon.com/dp/B00PFCT2R0?tag=eloabder-20&linkCode=osi&th=1&psc=1"><img src="https://m.media-amazon.com/images/I/31RyE6ZtDIL._SL500_.jpg" alt="Product Image"></a><p>Maybelline Lash Sensational Washable Mascara, Lengthening and Volumizing for a Full Fan Effect, Blackest Black, 1 Count</p><p>$8.91</p><a href="https://www.amazon.com/dp/B00PFCT2R0?tag=eloabder-20&linkCode=osi&th=1&psc=1">View Product</a></div><div class="product"><a href="https://www.amazon.com/dp/B08TPCHYLW?tag=eloabder-20&linkCode=osi&th=1&psc=1"><img src="https://m.media-amazon.com/images/I/31EWIaihEwL._SL500_.jpg" alt="Product Image"></a><p>Lancôme Lash Idôle Lash-Lifting & Volumizing Mascara - Black Mascara for Instant Volume, Length & Lift - Smudge Proof & Up To 24H Wear - Black</p><p>$30.00 ($111.11 / Fl Oz)</p><a href="https://www.amazon.com/dp/B08TPCHYLW?tag=eloabder-20&linkCode=osi&th=1&psc=1">View Product</a></div><div class="product"><a href="https://www.amazon.com/dp/B079X4DB3J?tag=eloabder-20&linkCode=osi&th=1&psc=1"><img src="https://m.media-amazon.com/images/I/31jCqqzhgIL._SL500_.jpg" alt="Product Image"></a><p>essence | Volume Booster Lash Primer Mascara | Infused with Mango Butter and Acai Oil for Nurtured Lashes | Conditioning Mascara Primer | White | Vegan | Paraben & Cruelty Free (Pack of 1)</p><p>$4.99</p><a href="https://www.amazon.com/dp/B079X4DB3J?tag=eloabder-20&linkCode=osi&th=1&psc=1">View Product</a></div>
<div class="product"><a href="https://www.amazon.com/dp/B079B8BFR3?tag=eloabder-20&linkCode=osi&th=1&psc=1"><img src="https://m.media-amazon.com/images/I/41DSmndr3KL._SL500_.jpg" alt="Product Image"></a><p>KISS Looks So Natural, False Eyelashes, Shy', 12 mm, Includes 5 Pairs Of Lashes, Contact Lens Friendly, Easy to Apply, Reusable Strip Lashes, Glue On</p><p>$7.09</p><a href="https://www.amazon.com/dp/B079B8BFR3?tag=eloabder-20&linkCode=osi&th=1&psc=1">View Product</a></div><div class="product"><a href="https://www.amazon.com/dp/B09MQCDVM7?tag=eloabder-20&linkCode=osi&th=1&psc=1"><img src="https://m.media-amazon.com/images/I/510lQqrrVtL._SL500_.jpg" alt="Product Image"></a><p>False Eyelashes 14mm Faux 3D Mink Lashes Natural Look Fluffy Cat Eye Wispy Lashes Pack by Kiromiro, 14 Pairs</p><p>$8.89</p><a href="https://www.amazon.com/dp/B09MQCDVM7?tag=eloabder-20&linkCode=osi&th=1&psc=1">View Product</a></div><div class="product"><a href="https://www.amazon.com/dp/B0C5QK1QHP?tag=eloabder-20&linkCode=osi&th=1&psc=1"><img src="https://m.media-amazon.com/images/I/51eSQ4cj35L._SL500_.jpg" alt="Product Image"></a><p>Veleasha Lashes 5D Faux Mink Lashes 100% Handmade Luxurious Fake Eyelashes Lightweight Fluffy False Eyelashes 5 Pairs Pack (G2)</p><p>$6.98 ($1.40 / Count)</p><a href="https://www.amazon.com/dp/B0C5QK1QHP?tag=eloabder-20&linkCode=osi&th=1&psc=1">View Product</a></div><div class="product"><a href="https://www.amazon.com/dp/B00DS4EIEE?tag=eloabder-20&linkCode=osi&th=1&psc=1"><img src="https://m.media-amazon.com/images/I/415k4JSKxOL._SL500_.jpg" alt="Product Image"></a><p>KISS So Wispy, False Eyelashes, Style #11', 12 mm, Includes 5 Pairs Of Lashes, Contact Lens Friendly, Easy to Apply, Reusable Strip Lashes, Glue On, Mulitpack</p><p>$8.97 ($1.79 / Count)</p><a href="https://www.amazon.com/dp/B00DS4EIEE?tag=eloabder-20&linkCode=osi&th=1&psc=1">View Product</a></div><div class="product"><a href="https://www.amazon.com/dp/B08R6PR7ND?tag=eloabder-20&linkCode=osi&th=1&psc=1"><img src="https://m.media-amazon.com/images/I/41r4c3ZiCWL._SL500_.jpg" alt="Product Image"></a><p>KISS My Lash But Better, False Eyelashes, All Mine', 10 mm, Includes 1 Pair Of Lashes, Contact Lens Friendly, Easy to Apply, Reusable Strip Lashes, Glue-On</p><p>$3.97</p><a href="https://www.amazon.com/dp/B08R6PR7ND?tag=eloabder-20&linkCode=osi&th=1&psc=1">View Product</a></div><div class="product"><a href="https://www.amazon.com/dp/B0B1LRRTCH?tag=eloabder-20&linkCode=osi&th=1&psc=1"><img src="https://m.media-amazon.com/images/I/41gc2Df+nAL._SL500_.jpg" alt="Product Image"></a><p>GMAGICTOBO False Eyelashes Natural Half Lashes Short Wispy Clear Band Lashes Pack Cat Eye 3D Faux Mink Lashes Fake Eyelashes 7 Pairs Multipack</p><p>$8.59 ($1.23 / Count)</p><a href="https://www.amazon.com/dp/B0B1LRRTCH?tag=eloabder-20&linkCode=osi&th=1&psc=1">View Product</a></div><div class="product"><a href="https://www.amazon.com/dp/B0BX3YHN14?tag=eloabder-20&linkCode=osi&th=1&psc=1"><img src="https://m.media-amazon.com/images/I/51YYa1vTElL._SL500_.jpg" alt="Product Image"></a><p>KISS imPRESS Falsies False Eyelashes, Lash Clusters, Voluminous', 14 mm, Includes 20 Clusters, 1 applicator, Contact Lens Friendly, Easy to Apply, Reusable Strip Lashes</p><p>$12.72</p><a href="https://www.amazon.com/dp/B0BX3YHN14?tag=eloabder-20&linkCode=osi&th=1&psc=1">View Product</a></div><div class="product"><a href="https://www.amazon.com/dp/B00YYHHI1E?tag=eloabder-20&linkCode=osi&th=1&psc=1"><img src="https://m.media-amazon.com/images/I/419bv9iNI9L._SL500_.jpg" alt="Product Image"></a><p>Ardell False Eyelashes Demi Wispies Black, 1 pack (6 pairs per pack)</p><p>$9.74 ($1.95 / Count)</p><a href="https://www.amazon.com/dp/B00YYHHI1E?tag=eloabder-20&linkCode=osi&th=1&psc=1">View Product</a></div><div class="product"><a href="https://www.amazon.com/dp/B0CG5SY8J1?tag=eloabder-20&linkCode=osi&th=1&psc=1"><img src="https://m.media-amazon.com/images/I/41SWlZB3plL._SL500_.jpg" alt="Product Image"></a><p>Natural Lashes Natural Eyelashes Short Eyelashes Natural Look False Eyelashes Wispy Eye Lashes 10mm Small Lashes Fake Lashes K50</p><p>$7.93 ($1.13 / Count)</p><a href="https://www.amazon.com/dp/B0CG5SY8J1?tag=eloabder-20&linkCode=osi&th=1&psc=1">View Product</a></div><div class="product"><a href="https://www.amazon.com/dp/B08SPVMDTV?tag=eloabder-20&linkCode=osi&th=1&psc=1"><img src="https://m.media-amazon.com/images/I/41Q6wh0HacL._SL500_.jpg" alt="Product Image"></a><p>KISS Falscara Multipack False Eyelashes, Lash Clusters, Natural Wispy Wisps', 10mm-12mm-14mm, Includes 24 Assorted Lengths Wisps, Contact Lens Friendly, Easy to Apply, Reusable Strip Lashes</p><p>$6.47 ($0.27 / Count)</p><a href="https://www.amazon.com/dp/B08SPVMDTV?tag=eloabder-20&linkCode=osi&th=1&psc=1">View Product</a></div>
<div class="product"><a href="https://www.amazon.com/dp/B01BMMOAFU?tag=eloabder-20&linkCode=osi&th=1&psc=1"><img src="https://m.media-amazon.com/images/I/41RH+KsNzoS._SL500_.jpg" alt="Product Image"></a><p>KISS Strip Lash Adhesive, Lash Glue, 24hr Strip Eyelash Adhesive, Clear, Includes Lash Adhesive, Long Lasting Wear, Can Be Used with Strip Lashes and Lash Clusters</p><p>$3.97 ($23.35 / Ounce)</p><a href="https://www.amazon.com/dp/B01BMMOAFU?tag=eloabder-20&linkCode=osi&th=1&psc=1">View Product</a></div><div class="product"><a href="https://www.amazon.com/dp/B0BFRB2LNS?tag=eloabder-20&linkCode=osi&th=1&psc=1"><img src="https://m.media-amazon.com/images/I/41uxD-vIXQL._SL500_.jpg" alt="Product Image"></a><p>Cluster Lash Bond and Seal, Lash Cluster Glue for Individual Eyelash Extensions Strong Hold Individual Lash Glue Individual Eyelashes Glue Mascara for Personal Makeup Use at Home(5ml)</p><p>$8.99 ($52.88 / Fl Oz)</p><a href="https://www.amazon.com/dp/B0BFRB2LNS?tag=eloabder-20&linkCode=osi&th=1&psc=1">View Product</a></div><div class="product"><a href="https://www.amazon.com/dp/B006UZMXZY?tag=eloabder-20&linkCode=osi&th=1&psc=1"><img src="https://m.media-amazon.com/images/I/41YrQ9QUhlL._SL500_.jpg" alt="Product Image"></a><p>DUO Brush-On Lash Adhesive with Vitamins A, C & E, Clear, 0.18 oz, 1-Pack</p><p>$4.92 ($27.33 / Ounce)</p><a href="https://www.amazon.com/dp/B006UZMXZY?tag=eloabder-20&linkCode=osi&th=1&psc=1">View Product</a></div><div class="product"><a href="https://www.amazon.com/dp/B0BVLL8ZQF?tag=eloabder-20&linkCode=osi&th=1&psc=1"><img src="https://m.media-amazon.com/images/I/41OSC3l2NuL._SL500_.jpg" alt="Product Image"></a><p>Lash Glue Bond and Seal Long Lasting Strong Hold Waterproof 2 in 1 Cluster Eyelash Glue for DIY Lash Extensions by Mavphnee</p><p>$7.99 ($23.50 / Fl Oz)</p><a href="https://www.amazon.com/dp/B0BVLL8ZQF?tag=eloabder-20&linkCode=osi&th=1&psc=1">View Product</a></div><div class="product"><a href="https://www.amazon.com/dp/B01N143CA0?tag=eloabder-20&linkCode=osi&th=1&psc=1"><img src="https://m.media-amazon.com/images/I/31DwI2yjwYL._SL500_.jpg" alt="Product Image"></a><p>Extra Strong Eyelash Extension Glue Stacy Lash (0.17fl.oz / 5ml) / 0.5-1 Sec Dry/Retention – 8 Weeks/Black Adhesive/Professional Supplies</p><p>$21.49 ($126.41 / Fl Oz)</p><a href="https://www.amazon.com/dp/B01N143CA0?tag=eloabder-20&linkCode=osi&th=1&psc=1">View Product</a></div><div class="product"><a href="https://www.amazon.com/dp/B00RH8XUZK?tag=eloabder-20&linkCode=osi&th=1&psc=1"><img src="https://m.media-amazon.com/images/I/41ywEIr4LGL._SL500_.jpg" alt="Product Image"></a><p>i-Envy by KISS Super Strong Hold Eyelash Adhesive, Brush on, Waterproof Long-Lasting Strip Lash Glue, Natural-Looking Allergy & Latex Free with Brush Applicator (Clear)</p><p>$5.09</p><a href="https://www.amazon.com/dp/B00RH8XUZK?tag=eloabder-20&linkCode=osi&th=1&psc=1">View Product</a></div><div class="product"><a href="https://www.amazon.com/dp/B0B138BNSQ?tag=eloabder-20&linkCode=osi&th=1&psc=1"><img src="https://m.media-amazon.com/images/I/41y28D4CT2L._SL500_.jpg" alt="Product Image"></a><p>AOA Studio Eyelash Lash Glue Enhancers 4pcs Strip Lash Adhesive Strong Hold Water Proof Formula No Irritation Latex Free Long Lasing Quick Dry Eyelash adhesive 0.17oz Each (4 Pack) (Clear)</p><p>$8.95 ($2.24 / Count)</p><a href="https://www.amazon.com/dp/B0B138BNSQ?tag=eloabder-20&linkCode=osi&th=1&psc=1">View Product</a></div><div class="product"><a href="https://www.amazon.com/dp/B0CGKV8WRR?tag=eloabder-20&linkCode=osi&th=1&psc=1"><img src="https://m.media-amazon.com/images/I/31KsdJxWyQL._SL500_.jpg" alt="Product Image"></a><p>FlutterHabit Made for This Adhesive Lash Glue for Eyelash Extensions - Your Ultimate All-Day Hold Lash Cluster Glue for Effortless, Stunning, and Long-Lasting Eyelashes - All-in-one Lash Glue</p><p>$17.99</p><a href="https://www.amazon.com/dp/B0CGKV8WRR?tag=eloabder-20&linkCode=osi&th=1&psc=1">View Product</a></div><div class="product"><a href="https://www.amazon.com/dp/B09HK77CF1?tag=eloabder-20&linkCode=osi&th=1&psc=1"><img src="https://m.media-amazon.com/images/I/41md8lf4CYL._SL500_.jpg" alt="Product Image"></a><p>Lilac St - Pro Lash Glue - Long Lasting & Fast Drying Lash Application - Mini Mascara Wand Applicator - Latex Free - Vegan & Cruelty Free - Black</p><p>$19.00 ($111.76 / Ounce)</p><a href="https://www.amazon.com/dp/B09HK77CF1?tag=eloabder-20&linkCode=osi&th=1&psc=1">View Product</a></div><div class="product"><a href="https://www.amazon.com/dp/B07BGT18DP?tag=eloabder-20&linkCode=osi&th=1&psc=1"><img src="https://m.media-amazon.com/images/I/41FjwdBfRYL._SL500_.jpg" alt="Product Image"></a><p>Extra Strong Evolution Eyelash Extension Glue Stacy Lash (0.17fl.oz/5ml)/1-2 Sec Dry/Retention – 8 Weeks/Professional Supplies/Black Adhesive</p><p>$21.99 ($129.35 / Fl Oz)</p><a href="https://www.amazon.com/dp/B07BGT18DP?tag=eloabder-20&linkCode=osi&th=1&psc=1">View Product</a></div>
<div class="product"><a href="https://www.amazon.com/dp/B09T8DQ1SG?tag=eloabder-20&linkCode=osi&th=1&psc=1"><img src="https://m.media-amazon.com/images/I/41gpuwrIhOL._SL500_.jpg" alt="Product Image"></a><p>Maybelline Super Stay Vinyl Ink Longwear No-Budge Liquid Lipcolor Makeup, Highly Pigmented Color and Instant Shine, Royal, Deep Wine Red Lipstick, 0.14 fl oz, 1 Count</p><p>$9.98</p><a href="https://www.amazon.com/dp/B09T8DQ1SG?tag=eloabder-20&linkCode=osi&th=1&psc=1">View Product</a></div><div class="product"><a href="https://www.amazon.com/dp/B08H4FSGDX?tag=eloabder-20&linkCode=osi&th=1&psc=1"><img src="https://m.media-amazon.com/images/I/31OAiyoloML._SL500_.jpg" alt="Product Image"></a><p>Maybelline Super Stay Matte Ink Liquid Lipstick Makeup, Long Lasting High Impact Color, Up to 16H Wear, Exhilarator, Ruby Red, 1 Count</p><p>$9.18</p><a href="https://www.amazon.com/dp/B08H4FSGDX?tag=eloabder-20&linkCode=osi&th=1&psc=1">View Product</a></div><div class="product"><a href="https://www.amazon.com/dp/B07XTTDTWR?tag=eloabder-20&linkCode=osi&th=1&psc=1"><img src="https://m.media-amazon.com/images/I/31M4QldCq3L._SL500_.jpg" alt="Product Image"></a><p>REVLON Lipstick, Super Lustrous Lipstick, Creamy Formula For Soft, Fuller-Looking Lips, Moisturized Feel in Nudes & Browns, Bare It All (755) 0.15 oz</p><p>$6.48</p><a href="https://www.amazon.com/dp/B07XTTDTWR?tag=eloabder-20&linkCode=osi&th=1&psc=1">View Product</a></div><div class="product"><a href="https://www.amazon.com/dp/B079KFP7NT?tag=eloabder-20&linkCode=osi&th=1&psc=1"><img src="https://m.media-amazon.com/images/I/41Ih8G0FSmL._SL500_.jpg" alt="Product Image"></a><p>wet n wild Silk Finish Lipstick, Hydrating Rich Buildable Lip Color, Formulated with Vitamins A,E, & Macadamia for Ultimate Hydration, Cruelty-Free & Vegan - Raging Red</p><p>$1.29</p><a href="https://www.amazon.com/dp/B079KFP7NT?tag=eloabder-20&linkCode=osi&th=1&psc=1">View Product</a></div><div class="product"><a href="https://www.amazon.com/dp/B002F3R44K?tag=eloabder-20&linkCode=osi&th=1&psc=1"><img src="https://m.media-amazon.com/images/I/41-gXIE96GL._SL500_.jpg" alt="Product Image"></a><p>Revlon Lipstick, Super Lustrous Lipstick, Creamy Formula For Soft, Fuller-Looking Lips, Moisturized Feel in Pinks, Pink In The Afternoon (415) 0.15 oz</p><p>$6.48</p><a href="https://www.amazon.com/dp/B002F3R44K?tag=eloabder-20&linkCode=osi&th=1&psc=1">View Product</a></div><div class="product"><a href="https://www.amazon.com/dp/B001LFER98?tag=eloabder-20&linkCode=osi&th=1&psc=1"><img src="https://m.media-amazon.com/images/I/41wezVKuIoL._SL500_.jpg" alt="Product Image"></a><p>REVLON Lipstick, Super Lustrous Lipstick, Creamy Formula For Soft, Fuller-Looking Lips, Moisturized Feel in Reds & Corals, Peach Me (628) 0.15 oz</p><p>$4.99</p><a href="https://www.amazon.com/dp/B001LFER98?tag=eloabder-20&linkCode=osi&th=1&psc=1">View Product</a></div><div class="product"><a href="https://www.amazon.com/dp/B0046VESH0?tag=eloabder-20&linkCode=osi&th=1&psc=1"><img src="https://m.media-amazon.com/images/I/31yAUm+1KhL._SL500_.jpg" alt="Product Image"></a><p>MAYBELLINE Super Stay 24, 2-Step Liquid Lipstick Makeup, Long Lasting Highly Pigmented Color with Moisturizing Balm, Blush On, Pink, 1 Count</p><p>$8.98</p><a href="https://www.amazon.com/dp/B0046VESH0?tag=eloabder-20&linkCode=osi&th=1&psc=1">View Product</a></div>
<div class="product"><a href="https://www.amazon.com/dp/B09SP2XHKT?tag=eloabder-20&linkCode=osi&th=1&psc=1"><img src="https://m.media-amazon.com/images/I/31KGrScgA8L._SL500_.jpg" alt="Product Image"></a><p>NYX PROFESSIONAL MAKEUP Butter Gloss, Non-Sticky Lip Gloss - Sugar Glass (Clear)</p><p>$5.97</p><a href="https://www.amazon.com/dp/B09SP2XHKT?tag=eloabder-20&linkCode=osi&th=1&psc=1">View Product</a></div><div class="product"><a href="https://www.amazon.com/dp/B08GSTZ7ZW?tag=eloabder-20&linkCode=osi&th=1&psc=1"><img src="https://m.media-amazon.com/images/I/41nPuTtXVgL._SL500_.jpg" alt="Product Image"></a><p>Ruby Kisses Broadway Vita-Lip Clear Lip Gloss - Moisturizing, Hydrating, Nourishing with Mint, Rosehip, Coconut, Mango, Argan, Honey & Shea</p><p>$7.99 ($2.12 / Ounce)</p><a href="https://www.amazon.com/dp/B08GSTZ7ZW?tag=eloabder-20&linkCode=osi&th=1&psc=1">View Product</a></div><div class="product"><a href="https://www.amazon.com/dp/B015RPE14S?tag=eloabder-20&linkCode=osi&th=1&psc=1"><img src="https://m.media-amazon.com/images/I/31FRC3fz7EL._SL500_.jpg" alt="Product Image"></a><p>L.A. Colors High Shine Shea Butter Lip Gloss, Clear, 0.14 Ounce</p><p>$1.98</p><a href="https://www.amazon.com/dp/B015RPE14S?tag=eloabder-20&linkCode=osi&th=1&psc=1">View Product</a></div><div class="product"><a href="https://www.amazon.com/dp/B00Q26VWZI?tag=eloabder-20&linkCode=osi&th=1&psc=1"><img src="https://m.media-amazon.com/images/I/31Bqig96T0L._SL500_.jpg" alt="Product Image"></a><p>Rimmel Stay Glossy Lip Gloss - Non-Sticky and Lightweight Formula for Lip Color and Shine - 130 Blushing Belgraves, .18oz</p><p>$3.97</p><a href="https://www.amazon.com/dp/B00Q26VWZI?tag=eloabder-20&linkCode=osi&th=1&psc=1">View Product</a></div><div class="product"><a href="https://www.amazon.com/dp/B081C6PXZJ?tag=eloabder-20&linkCode=osi&th=1&psc=1"><img src="https://m.media-amazon.com/images/I/51+emO79aqL._SL500_.jpg" alt="Product Image"></a><p>NICKA K NEW YORK VARIETY SET OF 5 NK Hydrating Lip Gel - Vitamin E (Clear, Rosehip Oil, Bubble Gum, Cherry, Strawberry)</p><p>$5.41</p><a href="https://www.amazon.com/dp/B081C6PXZJ?tag=eloabder-20&linkCode=osi&th=1&psc=1">View Product</a></div><div class="product"><a href="https://www.amazon.com/dp/B085S94V2K?tag=eloabder-20&linkCode=osi&th=1&psc=1"><img src="https://m.media-amazon.com/images/I/41fsuEw2mbL._SL500_.jpg" alt="Product Image"></a><p>Maybelline Lifter Gloss, Hydrating Lip Gloss with Hyaluronic Acid, Moon, Nude Pink, 0.18 Ounce</p><p>$7.71</p><a href="https://www.amazon.com/dp/B085S94V2K?tag=eloabder-20&linkCode=osi&th=1&psc=1">View Product</a></div><div class="product"><a href="https://www.amazon.com/dp/B01N1ZC8JZ?tag=eloabder-20&linkCode=osi&th=1&psc=1"><img src="https://m.media-amazon.com/images/I/41fsaqWz6SL._SL500_.jpg" alt="Product Image"></a><p>Broadway Vita-Lip Clear Lip Gloss 0.47oz/14ml (5PCS Mint & Coconut & Rosehip & Mango Butter & Argan Oil) (5 PCS SET)</p><p>$5.99</p><a href="https://www.amazon.com/dp/B01N1ZC8JZ?tag=eloabder-20&linkCode=osi&th=1&psc=1">View Product</a></div><div class="product"><a href="https://www.amazon.com/dp/B07DY2QRF6?tag=eloabder-20&linkCode=osi&th=1&psc=1"><img src="https://m.media-amazon.com/images/I/31qXrVfhvCL._SL500_.jpg" alt="Product Image"></a><p>LANEIGE Lip Glowy Balm Berry: Hydrate, Glossy, Lightweight, Moisturize & Tint with Shea Butter</p><p>$19.00 ($54.29 / Ounce)</p><a href="https://www.amazon.com/dp/B07DY2QRF6?tag=eloabder-20&linkCode=osi&th=1&psc=1">View Product</a></div><div class="product"><a href="https://www.amazon.com/dp/B0BSR85M24?tag=eloabder-20&linkCode=osi&th=1&psc=1"><img src="https://m.media-amazon.com/images/I/31eKHNoE3KL._SL500_.jpg" alt="Product Image"></a><p>e.l.f. Lip Lacquer, Nourishing, Non-Sticky Ultra-Shine Lip Gloss With Sheer Color, Infused With Vitamins A & E, Vegan & Cruelty-Free, Whisper Pink</p><p>$3.00</p><a href="https://www.amazon.com/dp/B0BSR85M24?tag=eloabder-20&linkCode=osi&th=1&psc=1">View Product</a></div><div class="product"><a href="https://www.amazon.com/dp/B09DMGWJKY?tag=eloabder-20&linkCode=osi&th=1&psc=1"><img src="https://m.media-amazon.com/images/I/41nIFmIKHRL._SL500_.jpg" alt="Product Image"></a><p>Broadway Vita-Lip Clear Lip Gloss Moisturizing Hydrating Nourishing Long Lasting High Shine Glossy Lip Care Gloss 0.47oz/14ml (10 PCS SET)</p><p>$9.99</p><a href="https://www.amazon.com/dp/B09DMGWJKY?tag=eloabder-20&linkCode=osi&th=1&psc=1">View Product</a></div>
<div class="product"><a href="https://www.amazon.com/dp/B079ZX2QBD?tag=eloabder-20&linkCode=osi&th=1&psc=1"><img src="https://m.media-amazon.com/images/I/41b133H9ouL._SL500_.jpg" alt="Product Image"></a><p>NYX PROFESSIONAL MAKEUP Slim Lip Pencil, Long-Lasting Creamy Lip Liner - Espresso</p><p>$3.99</p><a href="https://www.amazon.com/dp/B079ZX2QBD?tag=eloabder-20&linkCode=osi&th=1&psc=1">View Product</a></div><div class="product"><a href="https://www.amazon.com/dp/B01LTI19EM?tag=eloabder-20&linkCode=osi&th=1&psc=1"><img src="https://m.media-amazon.com/images/I/31dqwnDSWYL._SL500_.jpg" alt="Product Image"></a><p>Revlon Lip Liner, Colorstay Lip Makeup with Built-in-Sharpener, Longwear Rich Lip Colors, Smooth Application, 630 Nude, 0.01 oz</p><p>$6.94</p><a href="https://www.amazon.com/dp/B01LTI19EM?tag=eloabder-20&linkCode=osi&th=1&psc=1">View Product</a></div><div class="product"><a href="https://www.amazon.com/dp/B07PKW2MKF?tag=eloabder-20&linkCode=osi&th=1&psc=1"><img src="https://m.media-amazon.com/images/I/41Z7GVpsqBL._SL500_.jpg" alt="Product Image"></a><p>wet n wild Lip Liner Perfect Pout Matte Retractable Gel Lip Liner Pencil, Purple Lay Down the Mauves</p><p>$3.29</p><a href="https://www.amazon.com/dp/B07PKW2MKF?tag=eloabder-20&linkCode=osi&th=1&psc=1">View Product</a></div><div class="product"><a href="https://www.amazon.com/dp/B0CMYQBRTW?tag=eloabder-20&linkCode=osi&th=1&psc=1"><img src="https://m.media-amazon.com/images/I/21uY0T3ER3L._SL500_.jpg" alt="Product Image"></a><p>e.l.f. Cream Glide Lip Liner, Highly-Pigmented Pencil For Shaping & Sculpting Lips, Semi-Matte Finish, Vegan & Cruelty-Free, Truth or Bare</p><p>$2.00</p><a href="https://www.amazon.com/dp/B0CMYQBRTW?tag=eloabder-20&linkCode=osi&th=1&psc=1">View Product</a></div><div class="product"><a href="https://www.amazon.com/dp/B01LZ2A9H5?tag=eloabder-20&linkCode=osi&th=1&psc=1"><img src="https://m.media-amazon.com/images/I/317eibjWZ1L._SL500_.jpg" alt="Product Image"></a><p>Maybelline Color Sensational Shaping Lip Liner with Self-Sharpening Tip, Magnetic Mauve, Mauve Pink, 1 Count</p><p>$6.98</p><a href="https://www.amazon.com/dp/B01LZ2A9H5?tag=eloabder-20&linkCode=osi&th=1&psc=1">View Product</a></div><div class="product"><a href="https://www.amazon.com/dp/B0CZBMYB36?tag=eloabder-20&linkCode=osi&th=1&psc=1"><img src="https://m.media-amazon.com/images/I/313kn3zESlL._SL500_.jpg" alt="Product Image"></a><p>MAYBELLINE Lifter Liner Lip Liner Pencil with Hyaluronic Acid, On It, 1 Count</p><p>$7.98</p><a href="https://www.amazon.com/dp/B0CZBMYB36?tag=eloabder-20&linkCode=osi&th=1&psc=1">View Product</a></div><div class="product"><a href="https://www.amazon.com/dp/B013VWRYXE?tag=eloabder-20&linkCode=osi&th=1&psc=1"><img src="https://m.media-amazon.com/images/I/51DYeydMNqL._SL500_.jpg" alt="Product Image"></a><p>12pc Italia Deluxe Ultra Fine Lip Liner set of 12 color</p><p>$9.85</p><a href="https://www.amazon.com/dp/B013VWRYXE?tag=eloabder-20&linkCode=osi&th=1&psc=1">View Product</a></div><div class="product"><a href="https://www.amazon.com/dp/B08CFSS35N?tag=eloabder-20&linkCode=osi&th=1&psc=1"><img src="https://m.media-amazon.com/images/I/212BftJ6SzL._SL500_.jpg" alt="Product Image"></a><p>Rimmel Lasting Finish 8HR Soft Lip Liner Pencil - Vibrant, Blendable Formula to Lock Lipstick in Place for 8 Hours - 705 Cappuccino, .04oz</p><p>$5.99</p><a href="https://www.amazon.com/dp/B08CFSS35N?tag=eloabder-20&linkCode=osi&th=1&psc=1">View Product</a></div><div class="product"><a href="https://www.amazon.com/dp/B0BVPNQW1C?tag=eloabder-20&linkCode=osi&th=1&psc=1"><img src="https://m.media-amazon.com/images/I/31a29qwVsOL._SL500_.jpg" alt="Product Image"></a><p>Sacheu Lip Liner Stay-N - Peel Off Lip Liner Tattoo, Peel Off Lip Stain, Long Lasting Lip Stain Peel Off, Infused with Hyaluronic Acid & Vitamin E, For All Skin Types, p-INKED</p><p>$12.00</p><a href="https://www.amazon.com/dp/B0BVPNQW1C?tag=eloabder-20&linkCode=osi&th=1&psc=1">View Product</a></div><div class="product"><a href="https://www.amazon.com/dp/B005G9LPDQ?tag=eloabder-20&linkCode=osi&th=1&psc=1"><img src="https://m.media-amazon.com/images/I/31S6bAW3pDL._SL500_.jpg" alt="Product Image"></a><p>NYX PROFESSIONAL MAKEUP Mechanical Lip Liner Pencil, Nude Pink</p><p>$4.99</p><a href="https://www.amazon.com/dp/B005G9LPDQ?tag=eloabder-20&linkCode=osi&th=1&psc=1">View Product</a></div>
<div class="product"><a href="https://www.amazon.com/dp/B0C7W6GW8P?tag=eloabder-20&linkCode=osi&th=1&psc=1"><img src="https://m.media-amazon.com/images/I/31Z6RdO3GRL._SL500_.jpg" alt="Product Image"></a><p>e.l.f. Squeeze Me Lip Balm, Moisturizing Lip Balm For A Sheer Tint Of Color, Infused With Hyaluronic Acid, Vegan & Cruelty-free, Strawberry</p><p>$4.00</p><a href="https://www.amazon.com/dp/B0C7W6GW8P?tag=eloabder-20&linkCode=osi&th=1&psc=1">View Product</a></div><div class="product"><a href="https://www.amazon.com/dp/B001R1UD3K?tag=eloabder-20&linkCode=osi&th=1&psc=1"><img src="https://m.media-amazon.com/images/I/41QzfNZqHrL._SL500_.jpg" alt="Product Image"></a><p>Carmex Original Flavor Moisturizing Lip Balm Tube Value Pack,0.35 Ounce (3 Count)</p><p>$2.94</p><a href="https://www.amazon.com/dp/B001R1UD3K?tag=eloabder-20&linkCode=osi&th=1&psc=1">View Product</a></div><div class="product"><a href="https://www.amazon.com/dp/B07QYWXCCT?tag=eloabder-20&linkCode=osi&th=1&psc=1"><img src="https://m.media-amazon.com/images/I/51T+6mCUskL._SL500_.jpg" alt="Product Image"></a><p>Jack Black Intense Therapy Lip Balm, 0.25-Oz., Pack of 3 – Natural Mint & Shea Butter, SPF 25 Sun Protection, Lip Moisturizer, Hydrating Lip Balm with SPF, Long Lasting Treatment</p><p>$24.00 ($32.00 / Ounce)</p><a href="https://www.amazon.com/dp/B07QYWXCCT?tag=eloabder-20&linkCode=osi&th=1&psc=1">View Product</a></div><div class="product"><a href="https://www.amazon.com/dp/B0044B4HSM?tag=eloabder-20&linkCode=osi&th=1&psc=1"><img src="https://m.media-amazon.com/images/I/51-qb5fLclL._SL500_.jpg" alt="Product Image"></a><p>Blistex Medicated Lip Balm, 0.15 Ounce, 3 Count (Pack of 1) Prevent Dryness & Chapping, SPF 15 Sun Protection, Seals in Moisture, Hydrating Lip Balm, Easy Glide Formula for Full Coverage</p><p>$3.94</p><a href="https://www.amazon.com/dp/B0044B4HSM?tag=eloabder-20&linkCode=osi&th=1&psc=1">View Product</a></div><div class="product"><a href="https://www.amazon.com/dp/B0C1TFHMCT?tag=eloabder-20&linkCode=osi&th=1&psc=1"><img src="https://m.media-amazon.com/images/I/51aYODckhsL._SL500_.jpg" alt="Product Image"></a><p>Vaseline Lip Therapy Care Original, Fast-Acting Nourishment, Ideal for Chapped, Dry, Cracked, or Damaged Lips, Lip Balm, 0.16 Ounce (Pack of 4)</p><p>$5.00</p><a href="https://www.amazon.com/dp/B0C1TFHMCT?tag=eloabder-20&linkCode=osi&th=1&psc=1">View Product</a></div><div class="product"><a href="https://www.amazon.com/dp/B0CZXG68J4?tag=eloabder-20&linkCode=osi&th=1&psc=1"><img src="https://m.media-amazon.com/images/I/41Xkis0092L._SL500_.jpg" alt="Product Image"></a><p>CNP Honey Lip Butter (0.5 fl.oz / 15ml) - Propolis Lipcerin™, Hydrating Overnight Manuka Lip Balm & Mask, 12hrs Long-lasting Moisture, Gentle Exfoliation, Hygienic Twist Dispenser, Korean Skin Care</p><p>$13.64 ($27.28 / Fl Oz)</p><a href="https://www.amazon.com/dp/B0CZXG68J4?tag=eloabder-20&linkCode=osi&th=1&psc=1">View Product</a></div><div class="product"><a href="https://www.amazon.com/dp/B07MSG1HPK?tag=eloabder-20&linkCode=osi&th=1&psc=1"><img src="https://m.media-amazon.com/images/I/21RmonQcC5L._SL500_.jpg" alt="Product Image"></a><p>La Roche-Posay Cicaplast Lip Balm B5 | Hydrating Lip Balm with Shea Butter | Lip Treatment for Dry Cracked Lips | Moisturizing and Repairing Lip Balm | Fragrance Free</p><p>$9.99</p><a href="https://www.amazon.com/dp/B07MSG1HPK?tag=eloabder-20&linkCode=osi&th=1&psc=1">View Product</a></div>
<div class="product"><a href="https://www.amazon.com/dp/B099RYFLSW?tag=eloabder-20&linkCode=osi&th=1&psc=1"><img src="https://m.media-amazon.com/images/I/31IMjST8noL._SL500_.jpg" alt="Product Image"></a><p>ETUDE Dear Darling Water Tint Cherry Ade (21AD) | Vivid Color Lip Stain with Moisturizing Weightless & Non-sticky Finish Lip Stain | Smudge-proof & Lightweight Lip Tint | K-beauty</p><p>$6.67 ($20.84 / Fl Oz)</p><a href="https://www.amazon.com/dp/B099RYFLSW?tag=eloabder-20&linkCode=osi&th=1&psc=1">View Product</a></div><div class="product"><a href="https://www.amazon.com/dp/B0C7Q4Q9SX?tag=eloabder-20&linkCode=osi&th=1&psc=1"><img src="https://m.media-amazon.com/images/I/51SO2tY6q-L._SL500_.jpg" alt="Product Image"></a><p>6 Colors Lip Tint Stain Set, Korean Lip Gloss Plumping Mini Liquid Lipstick, Multi-use Lip and Cheek Tint,Waterproof&Long Lasting,Natural Lip Stain Non-Sticky,Vivid Color (Avocado)</p><p>$7.99 ($4.00 / Fl Oz)</p><a href="https://www.amazon.com/dp/B0C7Q4Q9SX?tag=eloabder-20&linkCode=osi&th=1&psc=1">View Product</a></div><div class="product"><a href="https://www.amazon.com/dp/B0B56TC2G5?tag=eloabder-20&linkCode=osi&th=1&psc=1"><img src="https://m.media-amazon.com/images/I/31wrei57oIL._SL500_.jpg" alt="Product Image"></a><p>essence | What a Tint! Lip & Cheek Tint | Long-Lasting Liquid Blush & Lip Stain | Non-Sticky & Kiss-Proof | Vegan & Cruelty Free</p><p>$4.99 ($31.19 / Fl Oz)</p><a href="https://www.amazon.com/dp/B0B56TC2G5?tag=eloabder-20&linkCode=osi&th=1&psc=1">View Product</a></div><div class="product"><a href="https://www.amazon.com/dp/B0163BMUFM?tag=eloabder-20&linkCode=osi&th=1&psc=1"><img src="https://m.media-amazon.com/images/I/41p6DP49DfL._SL500_.jpg" alt="Product Image"></a><p>Burt's Bees Lip Tint Balm with Long Lasting 2 in 1 Duo Tinted Balm Formula, Color Infused with Deeply Hydrating Shea Butter for a Natural Looking Buildable Finish, Fiery Red Dahlia (2-Pack)</p><p>$9.20</p><a href="https://www.amazon.com/dp/B0163BMUFM?tag=eloabder-20&linkCode=osi&th=1&psc=1">View Product</a></div><div class="product"><a href="https://www.amazon.com/dp/B07NTPQRL5?tag=eloabder-20&linkCode=osi&th=1&psc=1"><img src="https://m.media-amazon.com/images/I/21-ZJZEUADL._SL500_.jpg" alt="Product Image"></a><p>Honest Beauty Tinted Lip Balm | Antioxidant-rich Acai Extracts + Avocado Oil | EWG Certified, Vegan, Cruelty Free | Summer Melon</p><p>$7.80</p><a href="https://www.amazon.com/dp/B07NTPQRL5?tag=eloabder-20&linkCode=osi&th=1&psc=1">View Product</a></div><div class="product"><a href="https://www.amazon.com/dp/B0CMJXGCFQ?tag=eloabder-20&linkCode=osi&th=1&psc=1"><img src="https://m.media-amazon.com/images/I/31c6yEqB00L._SL500_.jpg" alt="Product Image"></a><p>e.l.f. Glow Reviver Lip Oil, Nourishing Tinted Lip Oil For A High-shine Finish, Infused With Jojoba Oil, Vegan & Cruelty-free, Jam Session</p><p>$8.00</p><a href="https://www.amazon.com/dp/B0CMJXGCFQ?tag=eloabder-20&linkCode=osi&th=1&psc=1">View Product</a></div><div class="product"><a href="https://www.amazon.com/dp/B0B9YHX8DX?tag=eloabder-20&linkCode=osi&th=1&psc=1"><img src="https://m.media-amazon.com/images/I/31A-yoM7ZqL._SL500_.jpg" alt="Product Image"></a><p>Wonderskin Wonder Blading Lip Stain Peel Off Masque - Long Lasting, Waterproof and Transfer Proof Nude Lip Tint, Matte Finish Peel Off Lip Stain (Whimsical Masque)</p><p>$22.00</p><a href="https://www.amazon.com/dp/B0B9YHX8DX?tag=eloabder-20&linkCode=osi&th=1&psc=1">View Product</a></div><div class="product"><a href="https://www.amazon.com/dp/B0C3CWWMJM?tag=eloabder-20&linkCode=osi&th=1&psc=1"><img src="https://m.media-amazon.com/images/I/51evW1YGQdL._SL500_.jpg" alt="Product Image"></a><p>Eakroo 6 Colors Lip Tint Stain Mini Liquid Lipstick, Korean Lip Gloss Moisturizing Natural, Multi-Use Lip and Cheek Tint, Non-Stick Cup, Lightweight, High Pigment, Long-Lasting, Vivid Color</p><p>$7.99 ($2.89 / Fl Oz)</p><a href="https://www.amazon.com/dp/B0C3CWWMJM?tag=eloabder-20&linkCode=osi&th=1&psc=1">View Product</a></div><div class="product"><a href="https://www.amazon.com/dp/B09LB91W1H?tag=eloabder-20&linkCode=osi&th=1&psc=1"><img src="https://m.media-amazon.com/images/I/21UsOgVkNxL._SL500_.jpg" alt="Product Image"></a><p>CoverGirl Clean Fresh Tinted Lip Balm, Vegan Formula, Hydrating, Natural Finish, Cruelty Free, Bliss You Berry, 1 Count</p><p>$5.88 ($42.00 / Ounce)</p><a href="https://www.amazon.com/dp/B09LB91W1H?tag=eloabder-20&linkCode=osi&th=1&psc=1">View Product</a></div>
<div class="product"><a href="https://www.amazon.com/dp/B0B4F8FP1V?tag=eloabder-20&linkCode=osi&th=1&psc=1"><img src="https://m.media-amazon.com/images/I/31zD0oZazrL._SL500_.jpg" alt="Product Image"></a><p>e.l.f. Cosmetics Glossy Lip Stain, Lightweight, Long-Wear Lip Stain For A Sheer Pop Of Color & Subtle Gloss Effect, Berry Queen</p><p>$6.00</p><a href="https://www.amazon.com/dp/B0B4F8FP1V?tag=eloabder-20&linkCode=osi&th=1&psc=1">View Product</a></div><div class="product"><a href="https://www.amazon.com/dp/B0B9YH9PZK?tag=eloabder-20&linkCode=osi&th=1&psc=1"><img src="https://m.media-amazon.com/images/I/31irqkpVbvL._SL500_.jpg" alt="Product Image"></a><p>Wonderskin Wonder Blading Lip Stain Peel Off Masque - Long Lasting, Waterproof and Transfer Proof Pink Lip Tint, Matte Finish Peel Off Lip Stain (First Kiss Masque)</p><p>$22.00</p><a href="https://www.amazon.com/dp/B0B9YH9PZK?tag=eloabder-20&linkCode=osi&th=1&psc=1">View Product</a></div><div class="product"><a href="https://www.amazon.com/dp/B0CLYN8F9L?tag=eloabder-20&linkCode=osi&th=1&psc=1"><img src="https://m.media-amazon.com/images/I/218WFwKw6qL._SL500_.jpg" alt="Product Image"></a><p>COVERGIRL Outlast, 05 All-Star, Lipstain, Smooth Application, Precise Pen-Like Tip, Transfer-Proof, Satin Stained Finish, Vegan Formula, 0.06oz</p><p>$8.98</p><a href="https://www.amazon.com/dp/B0CLYN8F9L?tag=eloabder-20&linkCode=osi&th=1&psc=1">View Product</a></div><div class="product"><a href="https://www.amazon.com/dp/B0CLDDVBF4?tag=eloabder-20&linkCode=osi&th=1&psc=1"><img src="https://m.media-amazon.com/images/I/318rUce3+fL._SL500_.jpg" alt="Product Image"></a><p>Sacheu Lip Liner Stay-N - Peel Off Lip Liner Tattoo, Peel Off Lip Stain, Long Lasting Lip Stain Peel Off, Infused with Hyaluronic Acid & Vitamin E, For All Skin Types, HEY-zel</p><p>$12.00 ($100.00 / Fl Oz)</p><a href="https://www.amazon.com/dp/B0CLDDVBF4?tag=eloabder-20&linkCode=osi&th=1&psc=1">View Product</a></div><div class="product"><a href="https://www.amazon.com/dp/B001CWGFYU?tag=eloabder-20&linkCode=osi&th=1&psc=1"><img src="https://m.media-amazon.com/images/I/41wMMGxFtlL._SL500_.jpg" alt="Product Image"></a><p>Palladio Lip Stain, Hydrating and Waterproof Formula, Matte Color Look, Longlasting All Day Wear Lip Color, Smudge Proof Natural Finish, Precise Chisel Tip Marker, Nude</p><p>$8.99</p><a href="https://www.amazon.com/dp/B001CWGFYU?tag=eloabder-20&linkCode=osi&th=1&psc=1">View Product</a></div><div class="product"><a href="https://www.amazon.com/dp/B0CHJ8YL6G?tag=eloabder-20&linkCode=osi&th=1&psc=1"><img src="https://m.media-amazon.com/images/I/41amIuqcaJL._SL500_.jpg" alt="Product Image"></a><p>Cilrofelr Peel Off Lip Liner Stain, Long Wear Tattoo Lip Liner with Tweezer, Peel Off Lip Stain with Matte Finish, Long Lasting, Waterproof, Transfer-proof, Highly Pigmented Color (Mauve)</p><p>$14.99 ($187.38 / Fl Oz)</p><a href="https://www.amazon.com/dp/B0CHJ8YL6G?tag=eloabder-20&linkCode=osi&th=1&psc=1">View Product</a></div><div class="product"><a href="https://www.amazon.com/dp/B0CNCSLDBB?tag=eloabder-20&linkCode=osi&th=1&psc=1"><img src="https://m.media-amazon.com/images/I/31EPLmbi1eL._SL500_.jpg" alt="Product Image"></a><p>ETUDE Fixing Tint #05 Midnight Mauve (23AD) | Long Lasting High Pigmented Liquid Lipstick | Waterproof Lightweight Matte Finish Lip Stain | Full Coverage</p><p>$12.00</p><a href="https://www.amazon.com/dp/B0CNCSLDBB?tag=eloabder-20&linkCode=osi&th=1&psc=1">View Product</a></div><div class="product"><a href="https://www.amazon.com/dp/B0CKF2WFNQ?tag=eloabder-20&linkCode=osi&th=1&psc=1"><img src="https://m.media-amazon.com/images/I/41GyA+oYguL._SL500_.jpg" alt="Product Image"></a><p>NOONI Korean Lip Oil - Applefig | Lip Stain, Gift, Long-Lasting, Moisturizing, Plumping, Revitalizing for Dry Lips, Waterproof, No Peel Off, Korean Lip Tint, Magenta Purple, 0.12 Fl Oz</p><p>$12.00 ($100.00 / Fl Oz)</p><a href="https://www.amazon.com/dp/B0CKF2WFNQ?tag=eloabder-20&linkCode=osi&th=1&psc=1">View Product</a></div>
<div class="product"><a href="https://www.amazon.com/dp/B01NAI251H?tag=eloabder-20&linkCode=osi&th=1&psc=1"><img src="https://m.media-amazon.com/images/I/51gC3z3vEIL._SL500_.jpg" alt="Product Image"></a><p>Handmade Heroes 100% Natural Lip Scrub, Vegan Conditioning Coconut Exfoliator - Gentle Exfoliant, Sugar Polish and Scrubber for Chapped Dry Lips, 1oz (Coconut Sorbet)</p><p>$6.99</p><a href="https://www.amazon.com/dp/B01NAI251H?tag=eloabder-20&linkCode=osi&th=1&psc=1">View Product</a></div><div class="product"><a href="https://www.amazon.com/dp/B0C7WQ3Z6H?tag=eloabder-20&linkCode=osi&th=1&psc=1"><img src="https://m.media-amazon.com/images/I/318wm99nh1L._SL500_.jpg" alt="Product Image"></a><p>e.l.f. Lip Exfoliator, Moisturizing Scented Lip Scrub For Exfoliating & Smoothing Lips, Infused With Jojoba Oil, Vegan & Cruelty-free, Strawberry</p><p>$5.00 ($50.00 / Ounce)</p><a href="https://www.amazon.com/dp/B0C7WQ3Z6H?tag=eloabder-20&linkCode=osi&th=1&psc=1">View Product</a></div><div class="product"><a href="https://www.amazon.com/dp/B0759HSBQC?tag=eloabder-20&linkCode=osi&th=1&psc=1"><img src="https://m.media-amazon.com/images/I/3165YiRlcNL._SL500_.jpg" alt="Product Image"></a><p>Revlon Lip Scrub Balm, Kiss Sugar Scrub Exfoliator, Lip Makeup with 24 Hour Long Lasting Hydration, Sugar Mint, 0.09 oz</p><p>$5.48</p><a href="https://www.amazon.com/dp/B0759HSBQC?tag=eloabder-20&linkCode=osi&th=1&psc=1">View Product</a></div><div class="product"><a href="https://www.amazon.com/dp/B0B15MRHM4?tag=eloabder-20&linkCode=osi&th=1&psc=1"><img src="https://m.media-amazon.com/images/I/414XRjPg6AL._SL500_.jpg" alt="Product Image"></a><p>Brooklyn Botany Lip Scrub Exfoliator 1 oz – Lip Moisturizer for Dry Lips and Chapped Lips – Gentle Lip Exfoliator for Smooth and Brighter Lips – Vanilla Flavor</p><p>$7.99</p><a href="https://www.amazon.com/dp/B0B15MRHM4?tag=eloabder-20&linkCode=osi&th=1&psc=1">View Product</a></div><div class="product"><a href="https://www.amazon.com/dp/B0CNQ72M6B?tag=eloabder-20&linkCode=osi&th=1&psc=1"><img src="https://m.media-amazon.com/images/I/310xvYvYEkL._SL500_.jpg" alt="Product Image"></a><p>W7 Sweet Dreams Lip Scrub & Overnight Lip Mask Duo - 2Pcs Set - Strawberry Flavour - Exfoliate, Condition, Soothe & Hydrate</p><p>$9.95 ($4.98 / Count)</p><a href="https://www.amazon.com/dp/B0CNQ72M6B?tag=eloabder-20&linkCode=osi&th=1&psc=1">View Product</a></div><div class="product"><a href="https://www.amazon.com/dp/B09FYYRJ4Y?tag=eloabder-20&linkCode=osi&th=1&psc=1"><img src="https://m.media-amazon.com/images/I/41HDVJYOBRL._SL500_.jpg" alt="Product Image"></a><p>Lip Scrub Treatment, Lip Scrubs Exfoliating Moisturizer Sugar Lip Surb Cruelty-Free for Repairing Dry & Chapped & Peeling and Cracked Lips, the Best Gift for Lip Care in Autumn and Winter(Orange)</p><p>$2.99 ($1.04 / Ounce)</p><a href="https://www.amazon.com/dp/B09FYYRJ4Y?tag=eloabder-20&linkCode=osi&th=1&psc=1">View Product</a></div><div class="product"><a href="https://www.amazon.com/dp/B083588MZP?tag=eloabder-20&linkCode=osi&th=1&psc=1"><img src="https://m.media-amazon.com/images/I/31qe+dPu0WL._SL500_.jpg" alt="Product Image"></a><p>Milani Rose Sugar Lip Scrub - Lip Exfoliator to Help With Lip Care and Lip Repair</p><p>$7.04 ($7.04 / Count)</p><a href="https://www.amazon.com/dp/B083588MZP?tag=eloabder-20&linkCode=osi&th=1&psc=1">View Product</a></div><div class="product"><a href="https://www.amazon.com/dp/B085NDWSZW?tag=eloabder-20&linkCode=osi&th=1&psc=1"><img src="https://m.media-amazon.com/images/I/31QVvbj+z9L._SL500_.jpg" alt="Product Image"></a><p>3 Pcs Lip Scrub Brush,Lip Scrubber Exfoliator,Silicone Lip Brush Tool Double-Sided Mini Exfoliating Brush For Men Women Lip Lightening For Dark Lips Exfoliator Scrub Brush</p><p>$3.47 ($1.16 / Count)</p><a href="https://www.amazon.com/dp/B085NDWSZW?tag=eloabder-20&linkCode=osi&th=1&psc=1">View Product</a></div><div class="product"><a href="https://www.amazon.com/dp/B0CMQ6YN87?tag=eloabder-20&linkCode=osi&th=1&psc=1"><img src="https://m.media-amazon.com/images/I/41KZ7zmBA8L._SL500_.jpg" alt="Product Image"></a><p>EJW Nourishing Lip Scrub - Infused with Coconut Oil, Olive Fruit Oil, and Jojoba Seed Oil, 1.05oz - Exfoliate, Hydrate, and Glow for Chapped Dry, Dark Lips</p><p>$7.27</p><a href="https://www.amazon.com/dp/B0CMQ6YN87?tag=eloabder-20&linkCode=osi&th=1&psc=1">View Product</a></div>
<div class="product"><a href="https://www.amazon.com/dp/B01LYWTZT2?tag=eloabder-20&linkCode=osi&th=1&psc=1"><img src="https://m.media-amazon.com/images/I/315xsyPtBfL._SL500_.jpg" alt="Product Image"></a><p>Too Faced Lip Injection Travel Size Extreme Lip Plumper, Original, 0.1 Fl Oz</p><p>$16.00 ($160.00 / Fl Oz)</p><a href="https://www.amazon.com/dp/B01LYWTZT2?tag=eloabder-20&linkCode=osi&th=1&psc=1">View Product</a></div><div class="product"><a href="https://www.amazon.com/dp/B094LT5LM4?tag=eloabder-20&linkCode=osi&th=1&psc=1"><img src="https://m.media-amazon.com/images/I/1174dCa9FqS._SL500_.jpg" alt="Product Image"></a><p>City Beauty City Lips Plumping Lip Gloss - Ultra High-Shine Gloss for Fuller, Healthier, Younger-Looking Lips | Hydrating & Smoothing Lip Treatment Lip Plumper with Hyaluronic Acid & Oligopeptides</p><p>$35.00 ($218.75 / Fl Oz)</p><a href="https://www.amazon.com/dp/B094LT5LM4?tag=eloabder-20&linkCode=osi&th=1&psc=1">View Product</a></div><div class="product"><a href="https://www.amazon.com/dp/B08XZQ4YQ2?tag=eloabder-20&linkCode=osi&th=1&psc=1"><img src="https://m.media-amazon.com/images/I/41cN7l9csUL._SL500_.jpg" alt="Product Image"></a><p>essence | What the Fake! Plumping Lip Filler | Lip Gloss for Full, Voluminous Lips | Translucent Pearly Finish | Vegan & Cruelty Free, Gluten Free, Paraben Free</p><p>$4.99 ($35.64 / Fl Oz )</p><a href="https://www.amazon.com/dp/B08XZQ4YQ2?tag=eloabder-20&linkCode=osi&th=1&psc=1">View Product</a></div><div class="product"><a href="https://www.amazon.com/dp/B0CR7GSPFP?tag=eloabder-20&linkCode=osi&th=1&psc=1"><img src="https://m.media-amazon.com/images/I/41y+VaB2iDL._SL500_.jpg" alt="Product Image"></a><p>NYX PROFESSIONAL MAKEUP Duck Plump High Pigment Plumping Lip Gloss with Spicy Ginger, Vegan Lip Makeup - Cherry Spice (Transparent Red)</p><p>$9.75</p><a href="https://www.amazon.com/dp/B0CR7GSPFP?tag=eloabder-20&linkCode=osi&th=1&psc=1">View Product</a></div><div class="product"><a href="https://www.amazon.com/dp/B0CPYMLVJJ?tag=eloabder-20&linkCode=osi&th=1&psc=1"><img src="https://m.media-amazon.com/images/I/31qGoOFwP7L._SL500_.jpg" alt="Product Image"></a><p>e.l.f. Pout Clout Lip Plumping Pen, Nourishing Lip Balm For Sheer Color & Shine, Plumps & Moisturizes, Vegan & Cruelty-Free, In The Clear</p><p>$8.00</p><a href="https://www.amazon.com/dp/B0CPYMLVJJ?tag=eloabder-20&linkCode=osi&th=1&psc=1">View Product</a></div><div class="product"><a href="https://www.amazon.com/dp/B086QRYHYT?tag=eloabder-20&linkCode=osi&th=1&psc=1"><img src="https://m.media-amazon.com/images/I/41IVWGl-frL._SL500_.jpg" alt="Product Image"></a><p>KISSIO Lip Plumper,Natural Lip Plumper for Day Use,Lip Plumping Gloss Make Lips Fuller and Moisturizing 5.5ml</p><p>$9.89</p><a href="https://www.amazon.com/dp/B086QRYHYT?tag=eloabder-20&linkCode=osi&th=1&psc=1">View Product</a></div><div class="product"><a href="https://www.amazon.com/dp/B074G382ZR?tag=eloabder-20&linkCode=osi&th=1&psc=1"><img src="https://m.media-amazon.com/images/I/31h-Mpx5OOL._SL500_.jpg" alt="Product Image"></a><p>e.l.f. Lip Plumping Gloss, Hydrating, Nourishing, Invigorating, High-Shine, Plumps, Volumizes, Cools, Soothes, Shimmer, Pink Cosmo 8 Ounce 0.09 Fl Oz</p><p>$7.00</p><a href="https://www.amazon.com/dp/B074G382ZR?tag=eloabder-20&linkCode=osi&th=1&psc=1">View Product</a></div><div class="product"><a href="https://www.amazon.com/dp/B08RRY5PF2?tag=eloabder-20&linkCode=osi&th=1&psc=1"><img src="https://m.media-amazon.com/images/I/41HjvvFXBpL._SL500_.jpg" alt="Product Image"></a><p>Physicians Formula Mineral Wear Diamond Lip Plumper Gloss, Dermatologist Tested, Light Pink Princess Cut</p><p>$7.28</p><a href="https://www.amazon.com/dp/B08RRY5PF2?tag=eloabder-20&linkCode=osi&th=1&psc=1">View Product</a></div>
<div class="product"><a href="https://www.amazon.com/dp/B017PCGAXQ?tag=eloabder-20&linkCode=osi&th=1&psc=1"><img src="https://m.media-amazon.com/images/I/31-daQlUgGL._SL500_.jpg" alt="Product Image"></a><p>Garnier Micellar Water For Waterproof Makeup, Hydrating Facial Cleanser & Makeup Remover, Suitable for Sensitive Skin, Vegan, Cruelty Free, 13.5 Fl Oz (400mL), 1 Count</p><p>$8.97 ($0.66 / Fl Oz)</p><a href="https://www.amazon.com/dp/B017PCGAXQ?tag=eloabder-20&linkCode=osi&th=1&psc=1">View Product</a></div><div class="product"><a href="https://www.amazon.com/dp/B017PCGABI?tag=eloabder-20&linkCode=osi&th=1&psc=1"><img src="https://m.media-amazon.com/images/I/3106WC85aAL._SL500_.jpg" alt="Product Image"></a><p>Garnier Micellar Water, Hydrating Facial Cleanser & Makeup Remover, Suitable for Sensitive Skin, Vegan, Cruelty Free, 13.5 Fl Oz (400mL), 1 Count</p><p>$8.97 ($0.66 / Fl Oz)</p><a href="https://www.amazon.com/dp/B017PCGABI?tag=eloabder-20&linkCode=osi&th=1&psc=1">View Product</a></div><div class="product"><a href="https://www.amazon.com/dp/B00U2VQZDS?tag=eloabder-20&linkCode=osi&th=1&psc=1"><img src="https://m.media-amazon.com/images/I/41VzZfHAKpL._SL500_.jpg" alt="Product Image"></a><p>Neutrogena Makeup Remover Wipes, Ultra-Soft Cleansing Facial Towelettes for Waterproof Makeup, Alcohol-Free, Plant-Based, Twin Pack, 25 Count (Pack of 2)</p><p>$8.97 ($0.18 / Count)</p><a href="https://www.amazon.com/dp/B00U2VQZDS?tag=eloabder-20&linkCode=osi&th=1&psc=1">View Product</a></div><div class="product"><a href="https://www.amazon.com/dp/B07T9JV956?tag=eloabder-20&linkCode=osi&th=1&psc=1"><img src="https://m.media-amazon.com/images/I/310x+0QrxsL._SL500_.jpg" alt="Product Image"></a><p>Neutrogena Gentle Oil-Free Eye Makeup Remover & Cleanser for Sensitive Eyes, Non-Greasy Makeup Remover, Removes Waterproof Mascara, Dermatologist & Ophthalmologist Tested, 8.0 fl. oz</p><p>$9.39 ($1.17 / Fl Oz)</p><a href="https://www.amazon.com/dp/B07T9JV956?tag=eloabder-20&linkCode=osi&th=1&psc=1">View Product</a></div><div class="product"><a href="https://www.amazon.com/dp/B01M31HY3S?tag=eloabder-20&linkCode=osi&th=1&psc=1"><img src="https://m.media-amazon.com/images/I/319i79e7f4L._SL500_.jpg" alt="Product Image"></a><p>Cetaphil Gentle Waterproof Makeup Remover, Mother's Day Gifts, Oil-Free Formula Suitable for Sensitive Skin, 6.0 Fluid Ounce</p><p>$9.87 ($1.64 / Fl Oz)</p><a href="https://www.amazon.com/dp/B01M31HY3S?tag=eloabder-20&linkCode=osi&th=1&psc=1">View Product</a></div><div class="product"><a href="https://www.amazon.com/dp/B07SS6LFRG?tag=eloabder-20&linkCode=osi&th=1&psc=1"><img src="https://m.media-amazon.com/images/I/31Mwa89HfCL._SL500_.jpg" alt="Product Image"></a><p>Amazon Basics Eye Makeup Remover, Removes Waterproof Mascara, Dermatologist Tested, Fragrance Free, 5.5 Fl Oz (Pack of 1)</p><p>$5.99 ($1.09 / Fl Oz)</p><a href="https://www.amazon.com/dp/B07SS6LFRG?tag=eloabder-20&linkCode=osi&th=1&psc=1">View Product</a></div><div class="product"><a href="https://www.amazon.com/dp/B08TQTT8LK?tag=eloabder-20&linkCode=osi&th=1&psc=1"><img src="https://m.media-amazon.com/images/I/31R-Y-dhjEL._SL500_.jpg" alt="Product Image"></a><p>e.l.f. Holy Hydration! Makeup Melting Cleansing Balm, Face Cleanser & Makeup Remover, Infused with Hyaluronic Acid to Hydrate Skin, 2 Oz</p><p>$11.00 ($5.50 / Ounce)</p><a href="https://www.amazon.com/dp/B08TQTT8LK?tag=eloabder-20&linkCode=osi&th=1&psc=1">View Product</a></div><div class="product"><a href="https://www.amazon.com/dp/B08Q3CQM7X?tag=eloabder-20&linkCode=osi&th=1&psc=1"><img src="https://m.media-amazon.com/images/I/31edyzkByfL._SL500_.jpg" alt="Product Image"></a><p>JUNO & Co. Clean 10 Cleansing Balm 10 Ingredients Makeup Remover 85g / 3.0oz</p><p>$14.99 ($5.00 / Ounce)</p><a href="https://www.amazon.com/dp/B08Q3CQM7X?tag=eloabder-20&linkCode=osi&th=1&psc=1">View Product</a></div><div class="product"><a href="https://www.amazon.com/dp/B0B1PP1XCM?tag=eloabder-20&linkCode=osi&th=1&psc=1"><img src="https://m.media-amazon.com/images/I/31kOCqV2+BL._SL500_.jpg" alt="Product Image"></a><p>CeraVe Cleansing Balm for Sensitive Skin | Hydrating Makeup Remover with Ceramides and Plant-based Jojoba Oil for Face | Non-Comedogenic Fragrance Free Non-Greasy |1.3 Ounces</p><p>$9.97 ($7.67 / Ounce)</p><a href="https://www.amazon.com/dp/B0B1PP1XCM?tag=eloabder-20&linkCode=osi&th=1&psc=1">View Product</a></div><div class="product"><a href="https://www.amazon.com/dp/B0BX65V1BZ?tag=eloabder-20&linkCode=osi&th=1&psc=1"><img src="https://m.media-amazon.com/images/I/31t6WiWvdDL._SL500_.jpg" alt="Product Image"></a><p>Prime Prometics PrimeSkin Beauty Water – Deeply Hydrating Pro-Age Make-Up Remover for Mature Women – Clean, One Swipe – for All Skin Types – pH balanced, Hypoallergenic</p><p>$27.00 ($5.29 / Fl Oz)</p><a href="https://www.amazon.com/dp/B0BX65V1BZ?tag=eloabder-20&linkCode=osi&th=1&psc=1">View Product</a></div>
<div class="product"><a href="https://www.amazon.com/dp/B0B642XWV8?tag=eloabder-20&linkCode=osi&th=1&psc=1"><img src="https://m.media-amazon.com/images/I/31PQPhUWqyL._SL500_.jpg" alt="Product Image"></a><p>Cetaphil Face and Body Wipes, Gentle Skin Cleansing Cloths, Mother's Day Gifts, 25 Count (Pack of 2), for Dry, Sensitive Skin, Flip Top Closure, Hypoallergenic, Fragrance Free</p><p>$13.69 ($0.27 / Count)</p><a href="https://www.amazon.com/dp/B0B642XWV8?tag=eloabder-20&linkCode=osi&th=1&psc=1">View Product</a></div><div class="product"><a href="https://www.amazon.com/dp/B0B644ZQLV?tag=eloabder-20&linkCode=osi&th=1&psc=1"><img src="https://m.media-amazon.com/images/I/41E5FGVZrnL._SL500_.jpg" alt="Product Image"></a><p>Cetaphil Face and Body Wipes, Gentle Skin Cleansing Cloths, 25 Count (Pack of 3), for Dry, Sensitive Skin, Flip Top Closure, Great for the Gym, Hypoallergenic, Fragrance Free</p><p>$20.91 ($0.28 / Count)</p><a href="https://www.amazon.com/dp/B0B644ZQLV?tag=eloabder-20&linkCode=osi&th=1&psc=1">View Product</a></div><div class="product"><a href="https://www.amazon.com/dp/B0958JYLZN?tag=eloabder-20&linkCode=osi&th=1&psc=1"><img src="https://m.media-amazon.com/images/I/312T32wjaYL._SL500_.jpg" alt="Product Image"></a><p>The Honest Company Hydrate + Cleanse Naturally Scented Wipes | Cleansing Multi-Tasking Wipes | 99% Water, Plant-Based, Hypoallergenic | Aloe + Cucumber, 60 Count</p><p>$5.97 ($9.95 / 100 Count)</p><a href="https://www.amazon.com/dp/B0958JYLZN?tag=eloabder-20&linkCode=osi&th=1&psc=1">View Product</a></div><div class="product"><a href="https://www.amazon.com/dp/B0BR3GVFL4?tag=eloabder-20&linkCode=osi&th=1&psc=1"><img src="https://m.media-amazon.com/images/I/41E2x2jaumL._SL500_.jpg" alt="Product Image"></a><p>Amazon Basics Hydrating Makeup Remover Wipes, 150 wipes (Pack of 6)</p><p>$17.79 ($0.12 / Count)</p><a href="https://www.amazon.com/dp/B0BR3GVFL4?tag=eloabder-20&linkCode=osi&th=1&psc=1">View Product</a></div><div class="product"><a href="https://www.amazon.com/dp/B093T3LQPP?tag=eloabder-20&linkCode=osi&th=1&psc=1"><img src="https://m.media-amazon.com/images/I/51mLU+qr6tL._SL500_.jpg" alt="Product Image"></a><p>Burt's Bees Rose Water Face Wipes, for All Skin Types, Hydrating Micellar Makeup Remover & Facial Cleansing Towelettes, 30 Ct (3-Pack)</p><p>$16.47 ($0.18 / Count)</p><a href="https://www.amazon.com/dp/B093T3LQPP?tag=eloabder-20&linkCode=osi&th=1&psc=1">View Product</a></div><div class="product"><a href="https://www.amazon.com/dp/B09LXWPB1V?tag=eloabder-20&linkCode=osi&th=1&psc=1"><img src="https://m.media-amazon.com/images/I/4117i-jJMKL._SL500_.jpg" alt="Product Image"></a><p>CeraVe Hydrating Facial Cleansing Makeup Remover Wipes| Plant Based Face Biodegradable in Home Compost| Wash Cloth| Suitable for Sensitive Skin| Fragrance-free Non-comedogenic| 25 Count</p><p>$9.97 ($0.40 / Count)</p><a href="https://www.amazon.com/dp/B09LXWPB1V?tag=eloabder-20&linkCode=osi&th=1&psc=1">View Product</a></div><div class="product"><a href="https://www.amazon.com/dp/B00NUJQG7Y?tag=eloabder-20&linkCode=osi&th=1&psc=1"><img src="https://m.media-amazon.com/images/I/51apu8FIluL._SL500_.jpg" alt="Product Image"></a><p>Burt's Bees Aloe Vera Face Wipes, for Sensitive Skin, Soothing Makeup Remover & Facial Cleansing Towelettes, 30 Ct. (3-Pack)</p><p>$16.41 ($0.18 / Count)</p><a href="https://www.amazon.com/dp/B00NUJQG7Y?tag=eloabder-20&linkCode=osi&th=1&psc=1">View Product</a></div>
<div class="product"><a href="https://www.amazon.com/dp/B08KQMXZFB?tag=eloabder-20&linkCode=osi&th=1&psc=1"><img src="https://m.media-amazon.com/images/I/31HvJEoHtwL._SL500_.jpg" alt="Product Image"></a><p>Garnier Micellar Water with Vitamin C, Facial Cleanser & Makeup Remover, Brightening & Hydrating, For All Skin Types, Vegan, Cruelty Free, 13.5 Fl Oz (400mL), 1 Count</p><p>$8.97 ($0.66 / Fl Oz)</p><a href="https://www.amazon.com/dp/B08KQMXZFB?tag=eloabder-20&linkCode=osi&th=1&psc=1">View Product</a></div><div class="product"><a href="https://www.amazon.com/dp/B0036SFTK4?tag=eloabder-20&linkCode=osi&th=1&psc=1"><img src="https://m.media-amazon.com/images/I/31+tj+uVB+L._SL500_.jpg" alt="Product Image"></a><p>Bioderma Sensibio H2O Micellar Water, Makeup Remover, Gentle for Skin, Fragrance-Free & Alcohol-Free, No Rinse Skincare With Micellar Technology for Normal To Sensitive Skin Types</p><p>$12.99 ($1.55 / Fl Oz)</p><a href="https://www.amazon.com/dp/B0036SFTK4?tag=eloabder-20&linkCode=osi&th=1&psc=1">View Product</a></div><div class="product"><a href="https://www.amazon.com/dp/B07TB2MKJJ?tag=eloabder-20&linkCode=osi&th=1&psc=1"><img src="https://m.media-amazon.com/images/I/41SyeAmsnOL._SL500_.jpg" alt="Product Image"></a><p>Garnier Micellar Water with Rose Water and Glycerin, Hydrating Facial Cleanser & Makeup Remover, For All Skin Types, Vegan, Cruelty Free, 13.5 Fl Oz (400mL), 1 Count</p><p>$8.97 ($0.66 / Fl Oz)</p><a href="https://www.amazon.com/dp/B07TB2MKJJ?tag=eloabder-20&linkCode=osi&th=1&psc=1">View Product</a></div><div class="product"><a href="https://www.amazon.com/dp/B01MQ495N0?tag=eloabder-20&linkCode=osi&th=1&psc=1"><img src="https://m.media-amazon.com/images/I/31wWu56DBJL._SL500_.jpg" alt="Product Image"></a><p>Garnier Micellar Water for Oily Skin, Facial Cleanser & Makeup Remover, Mattifying, For All Skin Types, Vegan, Cruelty Free, 13.5 Fl Oz (400mL), 1 Count</p><p>$8.97 ($0.66 / Fl Oz)</p><a href="https://www.amazon.com/dp/B01MQ495N0?tag=eloabder-20&linkCode=osi&th=1&psc=1">View Product</a></div><div class="product"><a href="https://www.amazon.com/dp/B0B59TJN3R?tag=eloabder-20&linkCode=osi&th=1&psc=1"><img src="https://m.media-amazon.com/images/I/410aYbZluvL._SL500_.jpg" alt="Product Image"></a><p>Garnier Micellar Water with Hyaluronic Acid, Facial Cleanser & Makeup Remover, Hydrating and Plumping, For All Skin Types, Vegan, Cruelty Free, 13.5 Fl Oz (400mL), 2 Count</p><p>$17.94 ($0.66 / Fl Oz)</p><a href="https://www.amazon.com/dp/B0B59TJN3R?tag=eloabder-20&linkCode=osi&th=1&psc=1">View Product</a></div><div class="product"><a href="https://www.amazon.com/dp/B07VHZPBZ3?tag=eloabder-20&linkCode=osi&th=1&psc=1"><img src="https://m.media-amazon.com/images/I/41Ow8cEJaFL._SL500_.jpg" alt="Product Image"></a><p>CeraVe Micellar Water | New & Improved Formula | Hydrating Facial Cleanser & Eye Makeup Remover | Fragrance Free & Non-Irritating | 10 Fl. Oz</p><p>$10.74 ($1.07 / Ounce)</p><a href="https://www.amazon.com/dp/B07VHZPBZ3?tag=eloabder-20&linkCode=osi&th=1&psc=1">View Product</a></div><div class="product"><a href="https://www.amazon.com/dp/B005EZSUS0?tag=eloabder-20&linkCode=osi&th=1&psc=1"><img src="https://m.media-amazon.com/images/I/31Cwqaks+tL._SL500_.jpg" alt="Product Image"></a><p>La Roche-Posay Micellar Cleansing Water for Sensitive Skin, Micellar Water Makeup Remover, Cleanses and Hydrates Skin, Gentle Face Toner, Oil Free</p><p>$18.99 ($1.40 / Fl Oz)</p><a href="https://www.amazon.com/dp/B005EZSUS0?tag=eloabder-20&linkCode=osi&th=1&psc=1">View Product</a></div><div class="product"><a href="https://www.amazon.com/dp/B0CY25DD2N?tag=eloabder-20&linkCode=osi&th=1&psc=1"><img src="https://m.media-amazon.com/images/I/41jb6YrZnRL._SL500_.jpg" alt="Product Image"></a><p>ma:nyo Pure Cleansing Water Sensitive (16.9 fl oz/500ml) - Triple+ Micellar Technology, Makeup Removal Cleanser, Gentle Face Cleanser for all skin types, Cleanses and Hydrates Skin</p><p>$18.99 ($1.12 / Fl Oz)</p><a href="https://www.amazon.com/dp/B0CY25DD2N?tag=eloabder-20&linkCode=osi&th=1&psc=1">View Product</a></div>
<div class="product"><a href="https://www.amazon.com/dp/B09LKXR62L?tag=eloabder-20&linkCode=osi&th=1&psc=1"><img src="https://m.media-amazon.com/images/I/31D6ydy59dL._SL500_.jpg" alt="Product Image"></a><p>CeraVe Hydrating Toner for Face Non-Alcoholic with Hyaluronic Acid, Niacinamide, and Ceramides for Sensitive Dry Skin, Fragrance-Free Non Comedogenic, Full Size, 6.8 Fl Oz</p><p>$9.86 ($1.45 / Ounce)</p><a href="https://www.amazon.com/dp/B09LKXR62L?tag=eloabder-20&linkCode=osi&th=1&psc=1">View Product</a></div><div class="product"><a href="https://www.amazon.com/dp/B08CMS8P67?tag=eloabder-20&linkCode=osi&th=1&psc=1"><img src="https://m.media-amazon.com/images/I/31LVyuSsJEL._SL500_.jpg" alt="Product Image"></a><p>Anua Heartleaf 77 Soothing Toner I pH 5.5 Trouble Care, Calming Skin, Refreshing, Hydrating, Purifying, Cruelty Free, Vegan,(250ml / 8.45 fl.oz.)</p><p>$19.69 ($2.33 / Fl Oz)</p><a href="https://www.amazon.com/dp/B08CMS8P67?tag=eloabder-20&linkCode=osi&th=1&psc=1">View Product</a></div><div class="product"><a href="https://www.amazon.com/dp/B001BR97A0?tag=eloabder-20&linkCode=osi&th=1&psc=1"><img src="https://m.media-amazon.com/images/I/41ooiOilk5L._SL500_.jpg" alt="Product Image"></a><p>THAYERS Alcohol-Free, Hydrating Cucumber Witch Hazel Facial Toner with Aloe Vera Formula, Vegan, Dermatologist Tested and Recommended, 12 Oz</p><p>$10.53 ($0.88 / Fl Oz)</p><a href="https://www.amazon.com/dp/B001BR97A0?tag=eloabder-20&linkCode=osi&th=1&psc=1">View Product</a></div><div class="product"><a href="https://www.amazon.com/dp/B0CG1H8YRS?tag=eloabder-20&linkCode=osi&th=1&psc=1"><img src="https://m.media-amazon.com/images/I/31OZES5j9LL._SL500_.jpg" alt="Product Image"></a><p>TIRTIR Milk Skin Rice Toner | Deep Moisturizing, Instant Glow, 2% Niacinamide, Rice Bran Extract, Ceramide, Panthenol, Cruelty-Free, Fungal Acne Friendly, Vegan, 5.07 fl.oz.</p><p>$24.99 ($4.93 / Fl Oz)</p><a href="https://www.amazon.com/dp/B0CG1H8YRS?tag=eloabder-20&linkCode=osi&th=1&psc=1">View Product</a></div><div class="product"><a href="https://www.amazon.com/dp/B008EPPIQ4?tag=eloabder-20&linkCode=osi&th=1&psc=1"><img src="https://m.media-amazon.com/images/I/31-lQL0AkZL._SL500_.jpg" alt="Product Image"></a><p>Paula's Choice Skin Balancing Pore-Reducing Toner for Combination and Oily Skin, Minimizes Large Pores, 6.4 Fluid Ounce Bottle</p><p>$26.00 ($4.06 / Fl Oz)</p><a href="https://www.amazon.com/dp/B008EPPIQ4?tag=eloabder-20&linkCode=osi&th=1&psc=1">View Product</a></div><div class="product"><a href="https://www.amazon.com/dp/B0BNC5ZF3T?tag=eloabder-20&linkCode=osi&th=1&psc=1"><img src="https://m.media-amazon.com/images/I/31ZMbyd3gbL._SL500_.jpg" alt="Product Image"></a><p>Neutrogena Alcohol-Free Gentle Daily Fragrance-Free Face Toner to Tone & Refresh Skin, Toner Gently Removes Impurities & Reconditions Skin, Hypoallergenic, 8 fl. oz</p><p>$6.08 ($0.76 / Fl Oz)</p><a href="https://www.amazon.com/dp/B0BNC5ZF3T?tag=eloabder-20&linkCode=osi&th=1&psc=1">View Product</a></div><div class="product"><a href="https://www.amazon.com/dp/B00LO2RO7K?tag=eloabder-20&linkCode=osi&th=1&psc=1"><img src="https://m.media-amazon.com/images/I/31Wb52+KYzL._SL500_.jpg" alt="Product Image"></a><p>La Roche-Posay Effaclar Clarifying Solution Acne Toner with Salicylic Acid and Glycolic Acid, Pore Refining Oily Skin Toner, Gentle Exfoliant to Unclog Pores and Remove Dead Skin Cells</p><p>$16.99 ($2.51 / Fl Oz)</p><a href="https://www.amazon.com/dp/B00LO2RO7K?tag=eloabder-20&linkCode=osi&th=1&psc=1">View Product</a></div><div class="product"><a href="https://www.amazon.com/dp/B000GCQ04C?tag=eloabder-20&linkCode=osi&th=1&psc=1"><img src="https://m.media-amazon.com/images/I/31Jk+E96wIL._SL500_.jpg" alt="Product Image"></a><p>Dickinson's Original Witch Hazel Pore Perfecting Toner, 100% Natural, 16 Ounce Fragrance free</p><p>$4.94 ($0.31 / Fl Oz)</p><a href="https://www.amazon.com/dp/B000GCQ04C?tag=eloabder-20&linkCode=osi&th=1&psc=1">View Product</a></div><div class="product"><a href="https://www.amazon.com/dp/B073P6BPF5?tag=eloabder-20&linkCode=osi&th=1&psc=1"><img src="https://m.media-amazon.com/images/I/31hqlVDLizL._SL500_.jpg" alt="Product Image"></a><p>COSRX AHA/BHA Clarifying Treatment Toner, 5.07 fl.oz / 150ml | Exfoliating Facial Spray | Korean Skin Care, Hydrating, Mild Exfoliation, Vegan, Animal Testing Free, Paraben Free</p><p>$10.75 ($2.11 / Fl Oz)</p><a href="https://www.amazon.com/dp/B073P6BPF5?tag=eloabder-20&linkCode=osi&th=1&psc=1">View Product</a></div>
<div class="product"><a href="https://www.amazon.com/dp/B01N34XW93?tag=eloabder-20&linkCode=osi&th=1&psc=1"><img src="https://m.media-amazon.com/images/I/31OMOTCxlmL._SL500_.jpg" alt="Product Image"></a><p>La Roche-Posay Toleriane Purifying Foaming Facial Cleanser, Oil Free Face Wash for Oily Skin and for Sensitive Skin with Niacinamide, Pore Cleanser Won’t Dry Out Skin, Unscented</p><p>$17.99 ($1.33 / Fl Oz)</p><a href="https://www.amazon.com/dp/B01N34XW93?tag=eloabder-20&linkCode=osi&th=1&psc=1">View Product</a></div><div class="product"><a href="https://www.amazon.com/dp/B01MSSDEPK?tag=eloabder-20&linkCode=osi&th=1&psc=1"><img src="https://m.media-amazon.com/images/I/41YuSwjJUIL._SL500_.jpg" alt="Product Image"></a><p>CeraVe Hydrating Facial Cleanser | Moisturizing Face Wash For Dry Skin | Hyaluronic Acid + Ceramides + Glycerin | Hydrating Cleanser For Normal To Dry Skin | National Eczema Assosiation Certified</p><p>$15.48 ($0.97 / Fl Oz)</p><a href="https://www.amazon.com/dp/B01MSSDEPK?tag=eloabder-20&linkCode=osi&th=1&psc=1">View Product</a></div><div class="product"><a href="https://www.amazon.com/dp/B01N1LL62W?tag=eloabder-20&linkCode=osi&th=1&psc=1"><img src="https://m.media-amazon.com/images/I/41kwN8dWWzL._SL500_.jpg" alt="Product Image"></a><p>CeraVe Foaming Facial Cleanser | Daily Face Wash for Oily Skin with Hyaluronic Acid, Ceramides, and Niacinamide| Fragrance Free | 16 Fluid Ounce</p><p>$15.19 ($0.95 / Fl Oz)</p><a href="https://www.amazon.com/dp/B01N1LL62W?tag=eloabder-20&linkCode=osi&th=1&psc=1">View Product</a></div><div class="product"><a href="https://www.amazon.com/dp/B01N7T7JKJ?tag=eloabder-20&linkCode=osi&th=1&psc=1"><img src="https://m.media-amazon.com/images/I/31VXK3y1KYL._SL500_.jpg" alt="Product Image"></a><p>La Roche-Posay Toleriane Hydrating Gentle Face Cleanser, Daily Facial Cleanser with Niacinamide and Ceramides for Sensitive Skin, Moisturizing Face Wash for Normal to Dry Skin, Fragrance Free</p><p>$17.99 ($1.33 / Fl Oz)</p><a href="https://www.amazon.com/dp/B01N7T7JKJ?tag=eloabder-20&linkCode=osi&th=1&psc=1">View Product</a></div><div class="product"><a href="https://www.amazon.com/dp/B0719GRD5R?tag=eloabder-20&linkCode=osi&th=1&psc=1"><img src="https://m.media-amazon.com/images/I/41YE7bBHNCL._SL500_.jpg" alt="Product Image"></a><p>Clean & Clear Deep Action Exfoliating Cleanser with Pro-Vitamin B5, Gentle Exfoliating Daily Face Scrub Cleans Deep Down to the Pore for Soft, Smooth, Hydrated Skin, Oil Free Face Wash, 7 FL OZ</p><p>$5.32 ($0.76 / Fl Oz)</p><a href="https://www.amazon.com/dp/B0719GRD5R?tag=eloabder-20&linkCode=osi&th=1&psc=1">View Product</a></div><div class="product"><a href="https://www.amazon.com/dp/B08CQ9T6KN?tag=eloabder-20&linkCode=osi&th=1&psc=1"><img src="https://m.media-amazon.com/images/I/31IpigAgxZL._SL500_.jpg" alt="Product Image"></a><p>CeraVe SA Cleanser | Salicylic Acid Cleanser with Hyaluronic Acid, Niacinamide & Ceramides| BHA Exfoliant for Face | Fragrance Free Non-Comedogenic | 16 Ounce</p><p>$15.48 ($0.97 / Fl Oz)</p><a href="https://www.amazon.com/dp/B08CQ9T6KN?tag=eloabder-20&linkCode=osi&th=1&psc=1">View Product</a></div><div class="product"><a href="https://www.amazon.com/dp/B09Y4HHY1P?tag=eloabder-20&linkCode=osi&th=1&psc=1"><img src="https://m.media-amazon.com/images/I/41Crw80Q3yL._SL500_.jpg" alt="Product Image"></a><p>Cetaphil Face Wash, Daily Facial Cleanser for Sensitive, Combination to Oily Skin, NEW 16 oz, Fragrance Free, Gentle Foaming, Soap Free, Hypoallergenic (Packaging May Vary)</p><p>$11.97 ($0.75 / Fl Oz)</p><a href="https://www.amazon.com/dp/B09Y4HHY1P?tag=eloabder-20&linkCode=osi&th=1&psc=1">View Product</a></div><div class="product"><a href="https://www.amazon.com/dp/B099MSZX25?tag=eloabder-20&linkCode=osi&th=1&psc=1"><img src="https://m.media-amazon.com/images/I/41VHDzUYE6L._SL500_.jpg" alt="Product Image"></a><p>Cetaphil Face Wash, Daily Facial Cleanser for Sensitive, Combination to Oily Skin, Mother's Day Gifts, NEW 20 oz, Gentle Foaming, Soap Free, Hypoallergenic</p><p>$13.97 ($0.70 / Fl Oz)</p><a href="https://www.amazon.com/dp/B099MSZX25?tag=eloabder-20&linkCode=osi&th=1&psc=1">View Product</a></div><div class="product"><a href="https://www.amazon.com/dp/B00LO1DNXU?tag=eloabder-20&linkCode=osi&th=1&psc=1"><img src="https://m.media-amazon.com/images/I/31blEnDdwIL._SL500_.jpg" alt="Product Image"></a><p>La Roche-Posay Effaclar Medicated Gel Cleanser | 2% Salicylic Acid Cleanser + LHA + Glycerin | Foaming Acne Face Wash | Helps Clear & Prevent Acne Breakouts | Oil Free Acne Wash | Targets Excess Oil</p><p>$16.99 ($2.51 / Fl Oz)</p><a href="https://www.amazon.com/dp/B00LO1DNXU?tag=eloabder-20&linkCode=osi&th=1&psc=1">View Product</a></div><div class="product"><a href="https://www.amazon.com/dp/B00FFJ4W0U?tag=eloabder-20&linkCode=osi&th=1&psc=1"><img src="https://m.media-amazon.com/images/I/31NIZChUu9L._SL500_.jpg" alt="Product Image"></a><p>Clean & Clear Morning Burst Hydrating Facial Cleanser with BHA, Cucumber and Aloe Extracts, Oil-Free Face Wash Gently Removes Oil and Pore Clogging Impurities, 8 FL OZ</p><p>$4.97 ($0.62 / Fl Oz)</p><a href="https://www.amazon.com/dp/B00FFJ4W0U?tag=eloabder-20&linkCode=osi&th=1&psc=1">View Product</a></div>
<div class="product"><a href="https://www.amazon.com/dp/B00QY1XZ4W?tag=eloabder-20&linkCode=osi&th=1&psc=1"><img src="https://m.media-amazon.com/images/I/319pG+OQZxL._SL500_.jpg" alt="Product Image"></a><p>Vanicream Gentle Facial Cleanser with Pump Dispenser - 8 fl oz - Formulated Without Common Irritants for Those with Sensitive Skin</p><p>$8.86 ($1.11 / Fl Oz)</p><a href="https://www.amazon.com/dp/B00QY1XZ4W?tag=eloabder-20&linkCode=osi&th=1&psc=1">View Product</a></div><div class="product"><a href="https://www.amazon.com/dp/B00UT47WZ8?tag=eloabder-20&linkCode=osi&th=1&psc=1"><img src="https://m.media-amazon.com/images/I/31LuYFIOBXL._SL500_.jpg" alt="Product Image"></a><p>Neutrogena Deep Clean Daily Facial Cleanser with Beta Hydroxy Acid for Normal to Oily Skin, Alcohol-Free, Oil-Free & Non-Comedogenic, 6.7 fl. oz</p><p>$6.49 ($0.97 / Fl Oz)</p><a href="https://www.amazon.com/dp/B00UT47WZ8?tag=eloabder-20&linkCode=osi&th=1&psc=1">View Product</a></div><div class="product"><a href="https://www.amazon.com/dp/B0BVV8BNYJ?tag=eloabder-20&linkCode=osi&th=1&psc=1"><img src="https://m.media-amazon.com/images/I/31tSZvBReoL._SL500_.jpg" alt="Product Image"></a><p>ANUA Heartleaf Quercetinol Pore Deep Cleansing Foam, Facial Cleanser, for Double Cleansing, BHA, Hyaluronic Acid, Glycerin, Face Wash, Blackhead Remover, Korean Skincare (150ml/5.07 fl.oz.)</p><p>$13.00 ($2.56 / Fl Oz)</p><a href="https://www.amazon.com/dp/B0BVV8BNYJ?tag=eloabder-20&linkCode=osi&th=1&psc=1">View Product</a></div><div class="product"><a href="https://www.amazon.com/dp/B004HLSZYQ?tag=eloabder-20&linkCode=osi&th=1&psc=1"><img src="https://m.media-amazon.com/images/I/31KXj2UGrOL._SL500_.jpg" alt="Product Image"></a><p>EltaMD Foaming Facial Cleanser, Gentle Foaming Face Wash and Makeup Remover, Oil Free Face Wash, 7 oz Pump</p><p>$35.00 ($5.00 / Fl Oz)</p><a href="https://www.amazon.com/dp/B004HLSZYQ?tag=eloabder-20&linkCode=osi&th=1&psc=1">View Product</a></div>
<div class="product"><a href="https://www.amazon.com/dp/B07C5SS6YD?tag=eloabder-20&linkCode=osi&th=1&psc=1"><img src="https://m.media-amazon.com/images/I/31tzIszvgAL._SL500_.jpg" alt="Product Image"></a><p>Paula's Choice Skin Perfecting 2% BHA Liquid Salicylic Acid Exfoliant, Gentle Facial Exfoliator for Blackheads, Large Pores, Wrinkles & Fine Lines, Travel Size, 1 Fluid Ounce</p><p>$14.00</p><a href="https://www.amazon.com/dp/B07C5SS6YD?tag=eloabder-20&linkCode=osi&th=1&psc=1">View Product</a></div><div class="product"><a href="https://www.amazon.com/dp/B07VW3YSWH?tag=eloabder-20&linkCode=osi&th=1&psc=1"><img src="https://m.media-amazon.com/images/I/410j9ZFktHL._SL500_.jpg" alt="Product Image"></a><p>Tree Hut Vitamin C Shea Sugar Scrub, 18 oz, Ultra Hydrating and Exfoliating Scrub for Nourishing Essential Body Care</p><p>$8.94 ($0.50 / Ounce)</p><a href="https://www.amazon.com/dp/B07VW3YSWH?tag=eloabder-20&linkCode=osi&th=1&psc=1">View Product</a></div><div class="product"><a href="https://www.amazon.com/dp/B08YN28CS4?tag=eloabder-20&linkCode=osi&th=1&psc=1"><img src="https://m.media-amazon.com/images/I/41WIWNeKrxL._SL500_.jpg" alt="Product Image"></a><p>Seraphic Skincare (Original) Premium Exfoliating Mitt for Body (1pc) – 100% Vegan Viscose Traditional Body Scrub Glove Kessa Korean Washcloth – Body Exfoliator for Self-Tan Removal & Keratosis Pilaris</p><p>$8.99 ($8.99 / Count)</p><a href="https://www.amazon.com/dp/B08YN28CS4?tag=eloabder-20&linkCode=osi&th=1&psc=1">View Product</a></div><div class="product"><a href="https://www.amazon.com/dp/B001VMJSCW?tag=eloabder-20&linkCode=osi&th=1&psc=1"><img src="https://m.media-amazon.com/images/I/31N7x4-aJAL._SL500_.jpg" alt="Product Image"></a><p>Dermalogica Daily Microfoliant, Face Exfoliator Scrub Powder with Salicylic Acid and Papaya Enzyme, Achieve Brighter, Smoother Skin Daily, 0.45 Oz</p><p>$19.00 ($42.22 / Ounce)</p><a href="https://www.amazon.com/dp/B001VMJSCW?tag=eloabder-20&linkCode=osi&th=1&psc=1">View Product</a></div><div class="product"><a href="https://www.amazon.com/dp/B076KYPY23?tag=eloabder-20&linkCode=osi&th=1&psc=1"><img src="https://m.media-amazon.com/images/I/31F7Ozgy+WL._SL500_.jpg" alt="Product Image"></a><p>DRMTLGY Microdermabrasion Facial Scrub and Face Mask. Non-Abrasive Face Exfoliator Improves Acne Scars, Blackheads, Pore Size, and Skin Texture. 2 oz</p><p>$20.00 ($10.00 / Ounce)</p><a href="https://www.amazon.com/dp/B076KYPY23?tag=eloabder-20&linkCode=osi&th=1&psc=1">View Product</a></div><div class="product"><a href="https://www.amazon.com/dp/B018H32LHQ?tag=eloabder-20&linkCode=osi&th=1&psc=1"><img src="https://m.media-amazon.com/images/I/41NfDFms3KL._SL500_.jpg" alt="Product Image"></a><p>Era Organics Microdermabrasion Facial Scrub & Face Exfoliator - Spa Quality Exfoliating Mask with Manuka Honey Walnut Moisturizing Exfoliant for Dry Skin, Blackheads Wrinkles (2 oz)</p><p>$16.99 ($8.50 / Ounce)</p><a href="https://www.amazon.com/dp/B018H32LHQ?tag=eloabder-20&linkCode=osi&th=1&psc=1">View Product</a></div><div class="product"><a href="https://www.amazon.com/dp/B0BNWXFH3P?tag=eloabder-20&linkCode=osi&th=1&psc=1"><img src="https://m.media-amazon.com/images/I/51HkdST1FCL._SL500_.jpg" alt="Product Image"></a><p>Dermasuri Deep Exfoliating Glove for Shower - Exfoliating Mitt Body Scrubber - Skin Exfoliator & Dead Skin Remover - Keratosis Pilaris Scrub - Spray Tan Remover - Korean Skincare for Body (2 Pack)</p><p>$19.99 ($10.00 / Count)</p><a href="https://www.amazon.com/dp/B0BNWXFH3P?tag=eloabder-20&linkCode=osi&th=1&psc=1">View Product</a></div><div class="product"><a href="https://www.amazon.com/dp/B09Q88TVGJ?tag=eloabder-20&linkCode=osi&th=1&psc=1"><img src="https://m.media-amazon.com/images/I/31jQFJt0t7L._SL500_.jpg" alt="Product Image"></a><p>tingl Face and Body Exfoliator Pads - Anti Aging Acne Treatment with Glycolic Acid, Lactic Acid, and Salicylic Acid - Pore Minimizer, Oil Cleanser, Blackhead Remover and Skin Exfoliator in One</p><p>$38.00 ($38.00 / Count)</p><a href="https://www.amazon.com/dp/B09Q88TVGJ?tag=eloabder-20&linkCode=osi&th=1&psc=1">View Product</a></div><div class="product"><a href="https://www.amazon.com/dp/B08T4FLJQZ?tag=eloabder-20&linkCode=osi&th=1&psc=1"><img src="https://m.media-amazon.com/images/I/317LIpGPZiL._SL500_.jpg" alt="Product Image"></a><p>Dove Scrub Brown Sugar & Coconut Butter For Silky Smooth Skin Body Scrub Exfoliates & Restores Skin's Natural Nutrients 10.5 oz</p><p>$6.97 ($0.66 / Ounce)</p><a href="https://www.amazon.com/dp/B08T4FLJQZ?tag=eloabder-20&linkCode=osi&th=1&psc=1">View Product</a></div>
<div class="product"><a href="https://www.amazon.com/dp/B07XG6BKCV?tag=eloabder-20&linkCode=osi&th=1&psc=1"><img src="https://m.media-amazon.com/images/I/31gg8aKaOeL._SL500_.jpg" alt="Product Image"></a><p>First Aid Beauty KP Bump Eraser Body Scrub Exfoliant for Keratosis Pilaris with 10% AHA – 8 oz</p><p>$30.00 ($3.75 / Ounce)</p><a href="https://www.amazon.com/dp/B07XG6BKCV?tag=eloabder-20&linkCode=osi&th=1&psc=1">View Product</a></div><div class="product"><a href="https://www.amazon.com/dp/B08Y5X8GJ9?tag=eloabder-20&linkCode=osi&th=1&psc=1"><img src="https://m.media-amazon.com/images/I/51MmIF4H+2L._SL500_.jpg" alt="Product Image"></a><p>Tree Hut Watermelon Shea Sugar Exfoliating & Hydrating Body Scrub, 18oz</p><p>$8.49 ($0.47 / Ounce)</p><a href="https://www.amazon.com/dp/B08Y5X8GJ9?tag=eloabder-20&linkCode=osi&th=1&psc=1">View Product</a></div><div class="product"><a href="https://www.amazon.com/dp/B003Z4OD24?tag=eloabder-20&linkCode=osi&th=1&psc=1"><img src="https://m.media-amazon.com/images/I/31C3rfE0XfL._SL500_.jpg" alt="Product Image"></a><p>Acure Brightening Facial Scrub for a Youthful, Brighter, Radiant Complexion | With Sea Kelp & French Green Clay, 4 Fl Oz</p><p>$11.83 ($2.96 / Fl Oz)</p><a href="https://www.amazon.com/dp/B003Z4OD24?tag=eloabder-20&linkCode=osi&th=1&psc=1">View Product</a></div><div class="product"><a href="https://www.amazon.com/dp/B07TH9YNL7?tag=eloabder-20&linkCode=osi&th=1&psc=1"><img src="https://m.media-amazon.com/images/I/4152M3OTu9L._SL500_.jpg" alt="Product Image"></a><p>Brooklyn Botany Dead Sea Salt and Coconut Milk Body Scrub - Moisturizing and Exfoliating Body, Face, Hand, Foot Scrub - Fights Stretch Marks, Fine Lines, Wrinkles - Great Gifts for Women & Men - 10 oz</p><p>$8.99 ($0.86 / Ounce)</p><a href="https://www.amazon.com/dp/B07TH9YNL7?tag=eloabder-20&linkCode=osi&th=1&psc=1">View Product</a></div><div class="product"><a href="https://www.amazon.com/dp/B07Q9C3YTQ?tag=eloabder-20&linkCode=osi&th=1&psc=1"><img src="https://m.media-amazon.com/images/I/31L0XCMqHoL._SL500_.jpg" alt="Product Image"></a><p>SheaMoisture Body Scrub for Dull Skin Illuminating Coconut and Hibiscus Cruelty-Free Skin Care 12 oz</p><p>$8.94 ($0.74 / Ounce)</p><a href="https://www.amazon.com/dp/B07Q9C3YTQ?tag=eloabder-20&linkCode=osi&th=1&psc=1">View Product</a></div><div class="product"><a href="https://www.amazon.com/dp/B09X6CVS53?tag=eloabder-20&linkCode=osi&th=1&psc=1"><img src="https://m.media-amazon.com/images/I/51a7ibTDAQL._SL500_.jpg" alt="Product Image"></a><p>Exfoliating Body Scrub Turmeric Body Scrub and Skin Exfoliator with Collagen and Coconut Oil Gently Exfoliate Face Body Hand and Foot Scrub Moisturizing Body SkinCare products by M3 Naturals</p><p>$25.81 ($2.15 / Ounce)</p><a href="https://www.amazon.com/dp/B09X6CVS53?tag=eloabder-20&linkCode=osi&th=1&psc=1">View Product</a></div><div class="product"><a href="https://www.amazon.com/dp/B08TM4QBDT?tag=eloabder-20&linkCode=osi&th=1&psc=1"><img src="https://m.media-amazon.com/images/I/51ToKkQ3fMS._SL500_.jpg" alt="Product Image"></a><p>First Botany, Himalayan Salt Body Scrub with Collagen & Stem Cells, Natural Exfoliating Salt Scrub Body & Face Souffle helps with Moisturizing Skin, Acne, Cellulite, Dead Skin Scars, Wrinkles, 11 oz</p><p>$13.89 ($1.26 / Ounce)</p><a href="https://www.amazon.com/dp/B08TM4QBDT?tag=eloabder-20&linkCode=osi&th=1&psc=1">View Product</a></div>
<div class="product"><a href="https://www.amazon.com/dp/B0B2RM68G2?tag=eloabder-20&linkCode=osi&th=1&psc=1"><img src="https://m.media-amazon.com/images/I/41VafG53fjL._SL500_.jpg" alt="Product Image"></a><p>BIODANCE Bio-Collagen Real Deep Mask, Hydrating Overnight Hydrogel Mask, Pore Minimizing, Elasticity Improvement, 34g x4ea</p><p>$19.00 ($4.75 / Count)</p><a href="https://www.amazon.com/dp/B0B2RM68G2?tag=eloabder-20&linkCode=osi&th=1&psc=1">View Product</a></div><div class="product"><a href="https://www.amazon.com/dp/B0722LVW3B?tag=eloabder-20&linkCode=osi&th=1&psc=1"><img src="https://m.media-amazon.com/images/I/51Vm0lozSIL._SL500_.jpg" alt="Product Image"></a><p>DERMAL 24 Combo Pack A Collagen Essence Korean Face Mask - Hydrating & Soothing Facial Mask with Panthenol - Hypoallergenic Self Care Sheet Mask for All Skin Types - Natural Home Spa Treatment Mask</p><p>$16.99 ($0.71 / Count)</p><a href="https://www.amazon.com/dp/B0722LVW3B?tag=eloabder-20&linkCode=osi&th=1&psc=1">View Product</a></div><div class="product"><a href="https://www.amazon.com/dp/B08YRD11VS?tag=eloabder-20&linkCode=osi&th=1&psc=1"><img src="https://m.media-amazon.com/images/I/41QL8zBoz0S._SL500_.jpg" alt="Product Image"></a><p>Vitamin C Face Mask with Kaolin Clay and Turmeric for Dark Spots, Dull Skin, Skincare Facial Mask for Controlling Oil and Refining Pores 5.29 Oz</p><p>$14.99 ($2.83 / Ounce)</p><a href="https://www.amazon.com/dp/B08YRD11VS?tag=eloabder-20&linkCode=osi&th=1&psc=1">View Product</a></div><div class="product"><a href="https://www.amazon.com/dp/B06VV8FBDQ?tag=eloabder-20&linkCode=osi&th=1&psc=1"><img src="https://m.media-amazon.com/images/I/41GEI9zFceL._SL500_.jpg" alt="Product Image"></a><p>LA PURE Korean Face Mask - 10ct Snail Mucin Hydrating Face Masks Anti Wrinkle Anti Aging Deep Moisturizing Natural Snail Mucin Mask Sheet Mask Paraben Free Facial Skin Care Products Korean Skin Care</p><p>$24.95 ($2.50 / Count)</p><a href="https://www.amazon.com/dp/B06VV8FBDQ?tag=eloabder-20&linkCode=osi&th=1&psc=1">View Product</a></div><div class="product"><a href="https://www.amazon.com/dp/B09XWVH7XX?tag=eloabder-20&linkCode=osi&th=1&psc=1"><img src="https://m.media-amazon.com/images/I/413x5TISr1L._SL500_.jpg" alt="Product Image"></a><p>Mediheal Best Korean Watermide Essential Face Mask - 10 Hydrating and Moisturizing Sheet Masks With Water 3x Complex For All Skin Types</p><p>$19.90 ($1.99 / Count)</p><a href="https://www.amazon.com/dp/B09XWVH7XX?tag=eloabder-20&linkCode=osi&th=1&psc=1">View Product</a></div><div class="product"><a href="https://www.amazon.com/dp/B07K6V8P2R?tag=eloabder-20&linkCode=osi&th=1&psc=1"><img src="https://m.media-amazon.com/images/I/41FtxFr0Z-L._SL500_.jpg" alt="Product Image"></a><p>Ebanel 15 Pack Collagen Peptide Hydrating Face Masks, Instant Brightening Firming Anti Aging Face Sheet Masks, Moisturizing Spa Face Masks Skincare with Hyaluronic Acid, Vitamin C, Chamomile, Aloe</p><p>$18.99 ($1.81 / Ounce)</p><a href="https://www.amazon.com/dp/B07K6V8P2R?tag=eloabder-20&linkCode=osi&th=1&psc=1">View Product</a></div><div class="product"><a href="https://www.amazon.com/dp/B0CYGT3CR4?tag=eloabder-20&linkCode=osi&th=1&psc=1"><img src="https://m.media-amazon.com/images/I/51LbfzrqiUL._SL500_.jpg" alt="Product Image"></a><p>KONEUK 14 Pack Sheet Face Masks Skincare for All Skin Types, Hydrating Face Masks Suitable for Sensitive Skin, Bulk Facial Mask Set for Women Skin Care, Face Mask Gifts Set for Face Spa</p><p>$8.99 ($0.64 / Count)</p><a href="https://www.amazon.com/dp/B0CYGT3CR4?tag=eloabder-20&linkCode=osi&th=1&psc=1">View Product</a></div><div class="product"><a href="https://www.amazon.com/dp/B07L8XY5B7?tag=eloabder-20&linkCode=osi&th=1&psc=1"><img src="https://m.media-amazon.com/images/I/41v5eqhBSIL._SL500_.jpg" alt="Product Image"></a><p>BRO MASK: Korean Face Mask for Men | 2 Pc. Hydrating Anti Aging Sheet Masks Contains Vitamin C, Vitamin E, Hyaluronic Acid, Hydrolyzed Collagen for Face Care & Acne Treatment by Jaxon Lane (4 Pack)</p><p>$28.00 ($7.00 / Count)</p><a href="https://www.amazon.com/dp/B07L8XY5B7?tag=eloabder-20&linkCode=osi&th=1&psc=1">View Product</a></div><div class="product"><a href="https://www.amazon.com/dp/B01KSIO76G?tag=eloabder-20&linkCode=osi&th=1&psc=1"><img src="https://m.media-amazon.com/images/I/21n0DJ3XOiL._SL500_.jpg" alt="Product Image"></a><p>Kiehl's Rare Earth Deep Pore Cleansing Mask, Pore-Minimizing Face Mask for Clogged Pores, Detoxifies & Refines Skin, Absorbs Excess Oil, with Amazonian White Clay & Aloe Vera - 0.95 fl oz</p><p>$26.00 ($27.37 / Ounce)</p><a href="https://www.amazon.com/dp/B01KSIO76G?tag=eloabder-20&linkCode=osi&th=1&psc=1">View Product</a></div>
<div class="product"><a href="https://www.amazon.com/dp/B08JSL9W6K?tag=eloabder-20&linkCode=osi&th=1&psc=1"><img src="https://m.media-amazon.com/images/I/410lOOpCRwL._SL500_.jpg" alt="Product Image"></a><p>COSRX Snail Mucin Sheet Mask 10 EA, Snail Essence Leave-on Face Masks for Dry, Sensitive Skin, Snail Secretion Filtrate, Not Tested on Animals, No Parabens, No Sulfates, Korean Skincare</p><p>$18.75 ($1.88 / Count)</p><a href="https://www.amazon.com/dp/B08JSL9W6K?tag=eloabder-20&linkCode=osi&th=1&psc=1">View Product</a></div><div class="product"><a href="https://www.amazon.com/dp/B07FPJHPX1?tag=eloabder-20&linkCode=osi&th=1&psc=1"><img src="https://m.media-amazon.com/images/I/51uNOnTpxTL._SL500_.jpg" alt="Product Image"></a><p>Celavi Essence Facial Sheet Face Mask Variety Set Classic Authentic Korean Moisturizing Skincare (12-Packs)</p><p>$9.40 ($0.78 / Count)</p><a href="https://www.amazon.com/dp/B07FPJHPX1?tag=eloabder-20&linkCode=osi&th=1&psc=1">View Product</a></div><div class="product"><a href="https://www.amazon.com/dp/B083X5R6VR?tag=eloabder-20&linkCode=osi&th=1&psc=1"><img src="https://m.media-amazon.com/images/I/31NleokJYmL._SL500_.jpg" alt="Product Image"></a><p>VT COSMETICS Daily Soothing Mask 30ea, Facial Sheet Mask for Moist & Hydrating, 30 Day Supply, Cica Face Mask</p><p>$18.50 ($0.62 / Count)</p><a href="https://www.amazon.com/dp/B083X5R6VR?tag=eloabder-20&linkCode=osi&th=1&psc=1">View Product</a></div><div class="product"><a href="https://www.amazon.com/dp/B0B57TX64F?tag=eloabder-20&linkCode=osi&th=1&psc=1"><img src="https://m.media-amazon.com/images/I/41+ywvmpRoL._SL500_.jpg" alt="Product Image"></a><p>Mediheal Best Korean Sheet Mask - Watermide Essential Face Mask 4 Sheets For All Skin Types Korean Best Sheet Mask Hydrating Moisturizing with Water 3x Complex</p><p>$7.90 ($1.98 / Count)</p><a href="https://www.amazon.com/dp/B0B57TX64F?tag=eloabder-20&linkCode=osi&th=1&psc=1">View Product</a></div><div class="product"><a href="https://www.amazon.com/dp/B0BPLLXT7Y?tag=eloabder-20&linkCode=osi&th=1&psc=1"><img src="https://m.media-amazon.com/images/I/41vG52wcgaL._SL500_.jpg" alt="Product Image"></a><p>NEXTBEAU [PACK OF 10] Solution Sheet Mask Pack 5types x 2pc Aloe, Niacinamide, Collagen, Hemp seed, Hyaluronic Acid</p><p>$8.99 ($0.90 / Count)</p><a href="https://www.amazon.com/dp/B0BPLLXT7Y?tag=eloabder-20&linkCode=osi&th=1&psc=1">View Product</a></div><div class="product"><a href="https://www.amazon.com/dp/B00BAM7F8C?tag=eloabder-20&linkCode=osi&th=1&psc=1"><img src="https://m.media-amazon.com/images/I/51jsS9SDHeL._SL500_.jpg" alt="Product Image"></a><p>DERMAL 16 Combo Pack A Collagen Essencce Korean Face Mask - Hydrating & Soothing Facial Mask with Panthenol - Hypoallergenic Self Care Sheet Mask for All Skin Types - Natural Home Spa Treatment Masks</p><p>$11.99</p><a href="https://www.amazon.com/dp/B00BAM7F8C?tag=eloabder-20&linkCode=osi&th=1&psc=1">View Product</a></div><div class="product"><a href="https://www.amazon.com/dp/B076H45H68?tag=eloabder-20&linkCode=osi&th=1&psc=1"><img src="https://m.media-amazon.com/images/I/41JP+9JeO5L._SL500_.jpg" alt="Product Image"></a><p>Neutrogena Hydro Boost Moisturizing & Hydrating 100% Hydrogel Sheet Face Mask for Dry Skin with Hyaluronic Acid, Gentle & Non-Comedogenic, 1 Ounce (Pack of 12)</p><p>$34.44 ($2.87 / Ounce)</p><a href="https://www.amazon.com/dp/B076H45H68?tag=eloabder-20&linkCode=osi&th=1&psc=1">View Product</a></div><div class="product"><a href="https://www.amazon.com/dp/B078YB11V4?tag=eloabder-20&linkCode=osi&th=1&psc=1"><img src="https://m.media-amazon.com/images/I/51shUi8PVmL._SL500_.jpg" alt="Product Image"></a><p>TONYMOLY I'm Real Radiance Sheet Mask 5 Count, Hydrates and Moisturizes Face</p><p>$12.00 ($2.40 / Count)</p><a href="https://www.amazon.com/dp/B078YB11V4?tag=eloabder-20&linkCode=osi&th=1&psc=1">View Product</a></div>
<div class="product"><a href="https://www.amazon.com/dp/B081FK6L1G?tag=eloabder-20&linkCode=osi&th=1&psc=1"><img src="https://m.media-amazon.com/images/I/51gWAvQb9aL._SL500_.jpg" alt="Product Image"></a><p>Aztec Secret– Indian Healing Clay 1 lb – Deep Pore Cleansing Facial & Body Mask – The Original 100% Natural Calcium Bentonite Clay – New Version 2</p><p>$14.95 ($0.93 / Ounce)</p><a href="https://www.amazon.com/dp/B081FK6L1G?tag=eloabder-20&linkCode=osi&th=1&psc=1">View Product</a></div><div class="product"><a href="https://www.amazon.com/dp/B0CQZ3W88P?tag=eloabder-20&linkCode=osi&th=1&psc=1"><img src="https://m.media-amazon.com/images/I/41I90W9bHuL._SL500_.jpg" alt="Product Image"></a><p>innisfree Super Volcanic Pore Clay Mask, Korean Pore Clearing Clay Mask with Volcanic Clusters and AHA</p><p>$16.00 ($4.73 / Ounce)</p><a href="https://www.amazon.com/dp/B0CQZ3W88P?tag=eloabder-20&linkCode=osi&th=1&psc=1">View Product</a></div><div class="product"><a href="https://www.amazon.com/dp/B07SDQDMZ4?tag=eloabder-20&linkCode=osi&th=1&psc=1"><img src="https://m.media-amazon.com/images/I/41vC+ro0S-L._SL500_.jpg" alt="Product Image"></a><p>Cetaphil Clay Mask Pro, Dermacontrol Purifying Clay Exfoliating Face Mask For Nourishment with Bentonite Clay for Blackheads and Pores, Designed for Oily, Sensitive Skin, 3 oz</p><p>$15.99 ($5.33 / Ounce)</p><a href="https://www.amazon.com/dp/B07SDQDMZ4?tag=eloabder-20&linkCode=osi&th=1&psc=1">View Product</a></div><div class="product"><a href="https://www.amazon.com/dp/B0CHN72MCJ?tag=eloabder-20&linkCode=osi&th=1&psc=1"><img src="https://m.media-amazon.com/images/I/41OPjUXZYlL._SL500_.jpg" alt="Product Image"></a><p>Aztec Secret Essential Indian Clay Mask Kit by Etana – 100% Natural Calcium Bentonite for Deep Pore Cleansing - Facial, Hair & Body Detox Set Wtih Accessories</p><p>$21.95 ($1.37 / Ounce)</p><a href="https://www.amazon.com/dp/B0CHN72MCJ?tag=eloabder-20&linkCode=osi&th=1&psc=1">View Product</a></div><div class="product"><a href="https://www.amazon.com/dp/B0CPDBW579?tag=eloabder-20&linkCode=osi&th=1&psc=1"><img src="https://m.media-amazon.com/images/I/31tDriIWYmL._SL500_.jpg" alt="Product Image"></a><p>FULLY Green Tomato Clay Mask Cleanser, Pore Purifying with 49% Green Tomato Extract, Sebum & Clogged Pore Care, Exfoliation, Fragrance-Free, Vegan & Dermatologically Tested, 4.05 fl.oz</p><p>$20.00 ($4.94 / Fl Oz)</p><a href="https://www.amazon.com/dp/B0CPDBW579?tag=eloabder-20&linkCode=osi&th=1&psc=1">View Product</a></div><div class="product"><a href="https://www.amazon.com/dp/B007CY2C76?tag=eloabder-20&linkCode=osi&th=1&psc=1"><img src="https://m.media-amazon.com/images/I/31-131ZWvEL._SL500_.jpg" alt="Product Image"></a><p>Freeman Dead Sea Minerals Anti-Stress Clay Facial Mask, Hydrating & Clarifying, Clears Pores, Face Mask With Lavender & Bergamot For Radiant Skin, For All Skin Types, 6 fl. oz./175 mL Tube, 1 Count</p><p>$3.86 ($0.64 / Ounce)</p><a href="https://www.amazon.com/dp/B007CY2C76?tag=eloabder-20&linkCode=osi&th=1&psc=1">View Product</a></div><div class="product"><a href="https://www.amazon.com/dp/B08HCVWG7B?tag=eloabder-20&linkCode=osi&th=1&psc=1"><img src="https://m.media-amazon.com/images/I/51nz+uBxoSL._SL500_.jpg" alt="Product Image"></a><p>Gleamin Vitamin C Clay Mask - 10-Minutes for Dark Spots, Turmeric Face Mask Skin Care, Deep Cleansing Pores - Facial Improves Uneven Tone, Post-Blemish, Visibly Brighten, Scarring and Texture - 2.5 Oz</p><p>$41.00 ($16.40 / Ounce)</p><a href="https://www.amazon.com/dp/B08HCVWG7B?tag=eloabder-20&linkCode=osi&th=1&psc=1">View Product</a></div>
<div class="product"><a href="https://www.amazon.com/dp/B000ZEA6WS?tag=eloabder-20&linkCode=osi&th=1&psc=1"><img src="https://m.media-amazon.com/images/I/31rFp2ip1IL._SL500_.jpg" alt="Product Image"></a><p>Freeman Renewing Cucumber Peel-Off Gel Facial Mask, Face Mask Refreshes Skin, Aloe Soothes & Moisturizes, Get Rejuvenated Skin, For Normal & Combination Skin, 6 fl. oz./175 mL Tube, 1 Count</p><p>$3.86 ($0.64 / Fl Oz)</p><a href="https://www.amazon.com/dp/B000ZEA6WS?tag=eloabder-20&linkCode=osi&th=1&psc=1">View Product</a></div><div class="product"><a href="https://www.amazon.com/dp/B08RYC42CZ?tag=eloabder-20&linkCode=osi&th=1&psc=1"><img src="https://m.media-amazon.com/images/I/31ApUlGl6zL._SL500_.jpg" alt="Product Image"></a><p>Aprilskin Calendula Peel Off Pore Minimizing Facial Mask | Vegan | Blackhead Remover, Exfoliating, Deep Cleansing | PHA BHA | Korean Skin Care | K Beauty | 3.52 oz</p><p>$16.90 ($4.80 / Fl Oz)</p><a href="https://www.amazon.com/dp/B08RYC42CZ?tag=eloabder-20&linkCode=osi&th=1&psc=1">View Product</a></div><div class="product"><a href="https://www.amazon.com/dp/B07DLDKCS1?tag=eloabder-20&linkCode=osi&th=1&psc=1"><img src="https://m.media-amazon.com/images/I/41Mx5AMIGyL._SL500_.jpg" alt="Product Image"></a><p>AZURE 24K Gold Firming Peel Off Face Mask- Anti Aging, Lifting, Illuminating & Revitalizing - Removes Blackheads, Dirt & Oils - With Hyaluronic Acid and Collagen - Skin Care Made in Korea - 150mL</p><p>$9.99 ($1.96 / Fl Oz)</p><a href="https://www.amazon.com/dp/B07DLDKCS1?tag=eloabder-20&linkCode=osi&th=1&psc=1">View Product</a></div><div class="product"><a href="https://www.amazon.com/dp/B07R16LBDL?tag=eloabder-20&linkCode=osi&th=1&psc=1"><img src="https://m.media-amazon.com/images/I/41yu6tuykaL._SL500_.jpg" alt="Product Image"></a><p>SUNATORIA Blackhead Remover Mask - Activated Charcoal Peel Off Face Mask - for All Skin Types - Deep Pore Cleaner Nose Blackhead Remover Pore Release - Black Head Remover for Face</p><p>$9.95 ($4.88 / Fl Oz)</p><a href="https://www.amazon.com/dp/B07R16LBDL?tag=eloabder-20&linkCode=osi&th=1&psc=1">View Product</a></div><div class="product"><a href="https://www.amazon.com/dp/B071KRTXX8?tag=eloabder-20&linkCode=osi&th=1&psc=1"><img src="https://m.media-amazon.com/images/I/51GSgsJO94L._SL500_.jpg" alt="Product Image"></a><p>SHILLS Charcoal Face Mask, Peel Off Mask, Charcoal Mask, Peel Off Mask, Deep Cleansing, Purifying, Activated Charcoal Mask with Brush</p><p>$9.94</p><a href="https://www.amazon.com/dp/B071KRTXX8?tag=eloabder-20&linkCode=osi&th=1&psc=1">View Product</a></div><div class="product"><a href="https://www.amazon.com/dp/B00E5NALCK?tag=eloabder-20&linkCode=osi&th=1&psc=1"><img src="https://m.media-amazon.com/images/I/31Is3s5+U7L._SL500_.jpg" alt="Product Image"></a><p>Freeman Cleansing Pomegranate Peel-Off Gel Facial Mask, Shrinks Pores, Purifies Skin, Made With 8 Different Antioxidants, Protects Skin, Cruelty-Free Skincare, 6 fl. oz./175 mL Tubes, 1 Count</p><p>$4.29 ($0.72 / Fl Oz)</p><a href="https://www.amazon.com/dp/B00E5NALCK?tag=eloabder-20&linkCode=osi&th=1&psc=1">View Product</a></div><div class="product"><a href="https://www.amazon.com/dp/B0CRTPJ5N3?tag=eloabder-20&linkCode=osi&th=1&psc=1"><img src="https://m.media-amazon.com/images/I/51zTZyHPVWL._SL500_.jpg" alt="Product Image"></a><p>Rednow Gold Foil Peel-Off Mask,Gold Peel Off Face Mask Anti-Wrinkle,98.4% Golden Peel Off Mask,Anti-Aging Gold Face Mask for Moisturizing,Removes Blackheads,Reduces Fine Lines,Cleans Pores(2PCS)</p><p>$14.99 ($7.50 / Fl Oz)</p><a href="https://www.amazon.com/dp/B0CRTPJ5N3?tag=eloabder-20&linkCode=osi&th=1&psc=1">View Product</a></div>
<div class="product"><a href="https://www.amazon.com/dp/B01NCM25K7?tag=eloabder-20&linkCode=osi&th=1&psc=1"><img src="https://m.media-amazon.com/images/I/416P4kSw1VL._SL500_.jpg" alt="Product Image"></a><p>New York Biology Dead Sea Mud Mask for Face and Body - Spa Quality Pore Reducer for Acne, Blackheads & Oily Skin, Natural Skincare for Women, Men - Tightens Skin for A Healthier Complexion - 8.8 oz</p><p>$16.95 ($1.93 / Ounce)</p><a href="https://www.amazon.com/dp/B01NCM25K7?tag=eloabder-20&linkCode=osi&th=1&psc=1">View Product</a></div><div class="product"><a href="https://www.amazon.com/dp/B00UREAGU8?tag=eloabder-20&linkCode=osi&th=1&psc=1"><img src="https://m.media-amazon.com/images/I/510FCuOHsNL._SL500_.jpg" alt="Product Image"></a><p>MAJESTIC PURE Dead Sea Mud Mask for Face and Body - Natural Skin Care for Women and Men - Best Facial Cleansing Clay for Blackhead, Whitehead, Acne and Pores - 8.8 fl. Oz</p><p>$9.99 ($1.14 / Fl Oz)</p><a href="https://www.amazon.com/dp/B00UREAGU8?tag=eloabder-20&linkCode=osi&th=1&psc=1">View Product</a></div><div class="product"><a href="https://www.amazon.com/dp/B0BNP68BMG?tag=eloabder-20&linkCode=osi&th=1&psc=1"><img src="https://m.media-amazon.com/images/I/41WoBVjFkyL._SL500_.jpg" alt="Product Image"></a><p>Aromasong 100% Pure Dead Sea Mud Mask for Face - Cleansing Natural Skin Care for Women and Men to Help Reduce Acne and Pores</p><p>$9.97 ($1.25 / Ounce)</p><a href="https://www.amazon.com/dp/B0BNP68BMG?tag=eloabder-20&linkCode=osi&th=1&psc=1">View Product</a></div><div class="product"><a href="https://www.amazon.com/dp/B08XY82146?tag=eloabder-20&linkCode=osi&th=1&psc=1"><img src="https://m.media-amazon.com/images/I/41Fcc-QZoiL._SL500_.jpg" alt="Product Image"></a><p>Borghese Advanced Fango Active Purifying Mud Mask, Detoxify & Clarify with Natural Minerals, For Face and Body, 7.5 Oz</p><p>$53.00 ($7.07 / Fl Oz)</p><a href="https://www.amazon.com/dp/B08XY82146?tag=eloabder-20&linkCode=osi&th=1&psc=1">View Product</a></div><div class="product"><a href="https://www.amazon.com/dp/B086V843R8?tag=eloabder-20&linkCode=osi&th=1&psc=1"><img src="https://m.media-amazon.com/images/I/410evC+SQHL._SL500_.jpg" alt="Product Image"></a><p>ANAI RUI Turmeric Clay Mask - Green Tea Clay Mask - Dead Sea Minerals Mud Mask, Spa Facial Mask Set, Face Mask Gift Set 2.5 oz each</p><p>$22.99</p><a href="https://www.amazon.com/dp/B086V843R8?tag=eloabder-20&linkCode=osi&th=1&psc=1">View Product</a></div><div class="product"><a href="https://www.amazon.com/dp/B0BZVQJMN2?tag=eloabder-20&linkCode=osi&th=1&psc=1"><img src="https://m.media-amazon.com/images/I/414evHf2H+L._SL500_.jpg" alt="Product Image"></a><p>20 Pods Clay Mask Set, Face Mask Skin Care，Green Tea, Turmeric, Dead Sea Mud, Rose, 24K Gold, Eggplant, Avocado, Mud Mask Deep Pore Cleansing Acne Blackhead Removal, Men & Women Facial Mask .</p><p>$17.97</p><a href="https://www.amazon.com/dp/B0BZVQJMN2?tag=eloabder-20&linkCode=osi&th=1&psc=1">View Product</a></div><div class="product"><a href="https://www.amazon.com/dp/B0D1G7XF9X?tag=eloabder-20&linkCode=osi&th=1&psc=1"><img src="https://m.media-amazon.com/images/I/31KAhEPTT2L._SL500_.jpg" alt="Product Image"></a><p>Medicube Zero Pore Blackhead Mud Facial Mask - Skin Cooling & Pore Tightening - 3 Minute Quick Dry Formula with AHA, BHA, PHA, and Pore-Purifying Clay - Korean Face Mask 3.52 oz</p><p>$17.90 ($5.09 / Ounce)</p><a href="https://www.amazon.com/dp/B0D1G7XF9X?tag=eloabder-20&linkCode=osi&th=1&psc=1">View Product</a></div><div class="product"><a href="https://www.amazon.com/dp/B0B538QDNY?tag=eloabder-20&linkCode=osi&th=1&psc=1"><img src="https://m.media-amazon.com/images/I/51MTBYPFdwL._SL500_.jpg" alt="Product Image"></a><p>4 Pcs Clay Facial Mask Set - Turmeric, Vitamin C, Green Tea, Dead Sea Mud, and Rose Clay for Deep Cleansing, Moisturizing, and Refining Pores - 240g</p><p>$19.99 ($2.36 / Ounce)</p><a href="https://www.amazon.com/dp/B0B538QDNY?tag=eloabder-20&linkCode=osi&th=1&psc=1">View Product</a></div><div class="product"><a href="https://www.amazon.com/dp/B09MN94BZW?tag=eloabder-20&linkCode=osi&th=1&psc=1"><img src="https://m.media-amazon.com/images/I/41dNAUrUGKL._SL500_.jpg" alt="Product Image"></a><p>Pure Clay Mud Mask, Clay Mask Pores for Face and Skin, Detox Clay Face Masks Skincare, Exfoliating Facial Treatment, Cleans & Purify Pores For Clear & Glowing Skin, Face Mask for Oily Skin & Normal</p><p>$5.99 ($0.70 / Ounce)</p><a href="https://www.amazon.com/dp/B09MN94BZW?tag=eloabder-20&linkCode=osi&th=1&psc=1">View Product</a></div>
<div class="product"><a href="https://www.amazon.com/dp/B08SHHLS4H?tag=eloabder-20&linkCode=osi&th=1&psc=1"><img src="https://m.media-amazon.com/images/I/51mcEX1fQQL._SL500_.jpg" alt="Product Image"></a><p>2PCS Gel Eye Mask Reusable Hot Cold Therapy Gel Bead Eye Mask for Puffiness/Dark Circles/Eye Bags/Dry Eyes/Headaches/Migraines/Stress Relief, Cooling Eye Mask Hot/Cold Compress Eye Mask (Blue)</p><p>$11.99 ($11.99 / Count)</p><a href="https://www.amazon.com/dp/B08SHHLS4H?tag=eloabder-20&linkCode=osi&th=1&psc=1">View Product</a></div><div class="product"><a href="https://www.amazon.com/dp/B0C8NR3Q5M?tag=eloabder-20&linkCode=osi&th=1&psc=1"><img src="https://m.media-amazon.com/images/I/51A6iv-SfEL._SL500_.jpg" alt="Product Image"></a><p>BeeVines Gel Eye Mask, 2 Pack Cooling Ice Masks for Puffy Eyes for Men & Women, Cold & Warm Compress for Post Surgery, Puffiness, Allergies, Sinuses & Migraines Treatment</p><p>$9.99 ($5.00 / Count)</p><a href="https://www.amazon.com/dp/B0C8NR3Q5M?tag=eloabder-20&linkCode=osi&th=1&psc=1">View Product</a></div><div class="product"><a href="https://www.amazon.com/dp/B07HD61PYN?tag=eloabder-20&linkCode=osi&th=1&psc=1"><img src="https://m.media-amazon.com/images/I/51NrypqKlOL._SL500_.jpg" alt="Product Image"></a><p>Cold Face Eye Mask Ice Pack Reduce Face Puff, Dark Circles, Gel Beads Hot Heat Cold Compress Pack, Face SPA for Woman Sleeping, Pressure, Headaches, Skin Care, Post Laser Care[Blue]</p><p>$9.99 ($9.99 / Count)</p><a href="https://www.amazon.com/dp/B07HD61PYN?tag=eloabder-20&linkCode=osi&th=1&psc=1">View Product</a></div><div class="product"><a href="https://www.amazon.com/dp/B075M9ZLB2?tag=eloabder-20&linkCode=osi&th=1&psc=1"><img src="https://m.media-amazon.com/images/I/51keceyL42L._SL500_.jpg" alt="Product Image"></a><p>Cooling Eye Mask - Reusable Gel Eye Mask Cold Pack - Our Ice Eye Mask Soothes Puffy Eyes & Dark Circles - Relieve Your Headaches & Sinus Pain with Cold Eye Mask & Eye Gel Mask Therapy - Halos</p><p>$9.99</p><a href="https://www.amazon.com/dp/B075M9ZLB2?tag=eloabder-20&linkCode=osi&th=1&psc=1">View Product</a></div><div class="product"><a href="https://www.amazon.com/dp/B0B9YLR2D6?tag=eloabder-20&linkCode=osi&th=1&psc=1"><img src="https://m.media-amazon.com/images/I/41byYk5cDeL._SL500_.jpg" alt="Product Image"></a><p>Lancity Jelly Mask Peel Off Face Masks SkinCare, Natural Gel Powder for Facial Mask, Professional hydrojelly Mask, Moisturizing & Hydrating 23 Fl Oz (Hyaluronic Acid)</p><p>$21.99 ($0.73 / Ounce)</p><a href="https://www.amazon.com/dp/B0B9YLR2D6?tag=eloabder-20&linkCode=osi&th=1&psc=1">View Product</a></div><div class="product"><a href="https://www.amazon.com/dp/B06XG249X4?tag=eloabder-20&linkCode=osi&th=1&psc=1"><img src="https://m.media-amazon.com/images/I/51YWeyoyTxL._SL500_.jpg" alt="Product Image"></a><p>Advanced Clinicals Hyaluronic Acid Gel Facial Mask Skin Care Treatment, Brightening, Hydrating Anti Aging Face Mask & Moisturizer Helps Transform Dry Skin W/Collagen, Chamomile, & Aloe Vera, 5 Fl Oz</p><p>$13.99 ($2.80 / Fl Oz)</p><a href="https://www.amazon.com/dp/B06XG249X4?tag=eloabder-20&linkCode=osi&th=1&psc=1">View Product</a></div><div class="product"><a href="https://www.amazon.com/dp/B0080FIRGQ?tag=eloabder-20&linkCode=osi&th=1&psc=1"><img src="https://m.media-amazon.com/images/I/41nFEw5jATS._SL500_.jpg" alt="Product Image"></a><p>Peter Thomas Roth | Cucumber Gel Mask | Extreme De-Tox Hydrator, Cooling and Hydrating Facial Mask, Helps Soothe the Look of Dry and Irritated Skin, 5 fl oz (Pack of 1)</p><p>$44.29 ($8.86 / Fl Oz)</p><a href="https://www.amazon.com/dp/B0080FIRGQ?tag=eloabder-20&linkCode=osi&th=1&psc=1">View Product</a></div>
<div class="product"><a href="https://www.amazon.com/dp/B014E2D6BY?tag=eloabder-20&linkCode=osi&th=1&psc=1"><img src="https://m.media-amazon.com/images/I/51V2D2PS2tL._SL500_.jpg" alt="Product Image"></a><p>grace & stella Under Eye Mask (Gold, 24 Pairs) Reduce Dark Circles, Puffy Eyes, Undereye Bags, Wrinkles - Gel Under Eye Patches - Gifts for Women - Birthday Gifts for Women - Vegan Cruelty Free</p><p>$21.95 ($0.91 / Count)</p><a href="https://www.amazon.com/dp/B014E2D6BY?tag=eloabder-20&linkCode=osi&th=1&psc=1">View Product</a></div><div class="product"><a href="https://www.amazon.com/dp/B0CPT8W3RV?tag=eloabder-20&linkCode=osi&th=1&psc=1"><img src="https://m.media-amazon.com/images/I/4184Q3-F9HL._SL500_.jpg" alt="Product Image"></a><p>grace & stella Purple Eye Treatment Gels - Dermatologist Tested - Under Eye Masks With Retinol - Restoring Under Eye Patches for Puffy Eyes and Dark Circles - Vegan, Cruelty-Free, 24 Pairs</p><p>$23.95 ($1.00 / Count)</p><a href="https://www.amazon.com/dp/B0CPT8W3RV?tag=eloabder-20&linkCode=osi&th=1&psc=1">View Product</a></div><div class="product"><a href="https://www.amazon.com/dp/B08DG3C22G?tag=eloabder-20&linkCode=osi&th=1&psc=1"><img src="https://m.media-amazon.com/images/I/51NCnFVfYTL._SL500_.jpg" alt="Product Image"></a><p>Celor Under Eye Patches for Puffy Eyes and Dark Circles - Eye Masks with Amino Acids & Collagen, Eye Care for Wrinkles - Birthday Gift for Women - Skincare Self Care - USA Tested (20 Pairs)</p><p>$9.99 ($0.50 / Count)</p><a href="https://www.amazon.com/dp/B08DG3C22G?tag=eloabder-20&linkCode=osi&th=1&psc=1">View Product</a></div><div class="product"><a href="https://www.amazon.com/dp/B0CQ2VBK8M?tag=eloabder-20&linkCode=osi&th=1&psc=1"><img src="https://m.media-amazon.com/images/I/61yjNxVwmgL._SL500_.jpg" alt="Product Image"></a><p>Under Eye Patches for Dark Circles and Puffy Eyes (30 Pairs), Marine Collagen Eye Gel Pads for Puffiness with Vitamin C, Hyaluronic Acid, and Pearl Extract, Eye Mask for Dark Circles and Puffiness</p><p>$19.95 ($0.66 / Count)</p><a href="https://www.amazon.com/dp/B0CQ2VBK8M?tag=eloabder-20&linkCode=osi&th=1&psc=1">View Product</a></div><div class="product"><a href="https://www.amazon.com/dp/B0CJJZYR9Y?tag=eloabder-20&linkCode=osi&th=1&psc=1"><img src="https://m.media-amazon.com/images/I/41Wxw8DLNVL._SL500_.jpg" alt="Product Image"></a><p>DRMTLGY Brightening Eye Masks (30 Pairs) - Caffeine Eye Masks for Dark Circles and Puffiness with Hyaluronic Acid, Eye Patches for Puffy Eyes</p><p>$44.00 ($0.73 / Count)</p><a href="https://www.amazon.com/dp/B0CJJZYR9Y?tag=eloabder-20&linkCode=osi&th=1&psc=1">View Product</a></div><div class="product"><a href="https://www.amazon.com/dp/B0CZ8JBDHQ?tag=eloabder-20&linkCode=osi&th=1&psc=1"><img src="https://m.media-amazon.com/images/I/41jK7RZj1NL._SL500_.jpg" alt="Product Image"></a><p>YOYORY Under Eye Patches Masks - for Dark Circles, Puffy Eyes, Fine Lines, Wrinkles, Eye Bags Treatment with Collagen and Hyaluronic Acid, Moisturizing and Hydrating (60 Pcs)…</p><p>$19.99 ($0.33 / Fl Oz)</p><a href="https://www.amazon.com/dp/B0CZ8JBDHQ?tag=eloabder-20&linkCode=osi&th=1&psc=1">View Product</a></div><div class="product"><a href="https://www.amazon.com/dp/B0C4NWGVTF?tag=eloabder-20&linkCode=osi&th=1&psc=1"><img src="https://m.media-amazon.com/images/I/51lAmpjfDsL._SL500_.jpg" alt="Product Image"></a><p>Taimand Under Eye Patches (30 Pairs), 24K Gold Under Eye Mask for Puffy Eyes, Dark Circles,Bags and Wrinkles with Collagen,Relieves Pressure and Reduces Wrinkles,Revitalises and Refreshes Your Skin</p><p>$7.99 ($0.27 / Count)</p><a href="https://www.amazon.com/dp/B0C4NWGVTF?tag=eloabder-20&linkCode=osi&th=1&psc=1">View Product</a></div><div class="product"><a href="https://www.amazon.com/dp/B0BDD7D34M?tag=eloabder-20&linkCode=osi&th=1&psc=1"><img src="https://m.media-amazon.com/images/I/51O5AVRXcUL._SL500_.jpg" alt="Product Image"></a><p>Maskiss 24k Gold Under Eye Patches (25 Pairs), eye mask, Collagen Skin Care Products, Eye Patches for Puffy Eyes, eye masks for dark circles and puffiness</p><p>$14.99 ($0.60 / Count)</p><a href="https://www.amazon.com/dp/B0BDD7D34M?tag=eloabder-20&linkCode=osi&th=1&psc=1">View Product</a></div><div class="product"><a href="https://www.amazon.com/dp/B0B1MFMS7W?tag=eloabder-20&linkCode=osi&th=1&psc=1"><img src="https://m.media-amazon.com/images/I/41BGKrFfFxL._SL500_.jpg" alt="Product Image"></a><p>CorneaCare Rest: Self Heating Warm Compress for Eyes | Heated Eye Mask for Fast Relief of Dry Eyes | No Microwave Needed | Eye Treatment Products for Dry Eye Relief | 30 Count | FSA & HSA Eligible</p><p>$35.00 ($1.17 / Count)</p><a href="https://www.amazon.com/dp/B0B1MFMS7W?tag=eloabder-20&linkCode=osi&th=1&psc=1">View Product</a></div><div class="product"><a href="https://www.amazon.com/dp/B0CTF8XSFX?tag=eloabder-20&linkCode=osi&th=1&psc=1"><img src="https://m.media-amazon.com/images/I/519z+NIvFHL._SL500_.jpg" alt="Product Image"></a><p>Under Eye Patches for Puffy Eyes Treatment 30 Pairs, 24K Gold Under Eye Masks for Dark Circles and Puffiness, Eye Gel Pads w/Collagen, Sodium Hyaluronate, Rose Essence for Eye Bags Treatment</p><p>$6.99 ($0.23 / Count)</p><a href="https://www.amazon.com/dp/B0CTF8XSFX?tag=eloabder-20&linkCode=osi&th=1&psc=1">View Product</a></div>
<div class="product"><a href="https://www.amazon.com/dp/B00JJPMXDO?tag=eloabder-20&linkCode=osi&th=1&psc=1"><img src="https://m.media-amazon.com/images/I/41xUbY21ojL._SL500_.jpg" alt="Product Image"></a><p>CeraVe Eye Repair Cream | Under Eye Cream For Puffiness And Bags Under Eyes | Hyaluronic Acid + Niacinamide + Marine Botanical Complex | Hydrating Eye Cream | Oil Free & Opthalmologist Tested</p><p>$10.70 ($21.40 / Ounce)</p><a href="https://www.amazon.com/dp/B00JJPMXDO?tag=eloabder-20&linkCode=osi&th=1&psc=1">View Product</a></div><div class="product"><a href="https://www.amazon.com/dp/B0B3GCCRVH?tag=eloabder-20&linkCode=osi&th=1&psc=1"><img src="https://m.media-amazon.com/images/I/41EdCdrw-AL._SL500_.jpg" alt="Product Image"></a><p>CeraVe Skin Renewing Eye Cream For Wrinkles | Under Eye Cream With Peptides + Caffeine + Niacinamide | Anti Aging Eye Cream For Wrinkles & Crows Feet | Paraben Free & Opthalmologist Tested</p><p>$18.49 ($36.98 / Ounce)</p><a href="https://www.amazon.com/dp/B0B3GCCRVH?tag=eloabder-20&linkCode=osi&th=1&psc=1">View Product</a></div><div class="product"><a href="https://www.amazon.com/dp/B00005333I?tag=eloabder-20&linkCode=osi&th=1&psc=1"><img src="https://m.media-amazon.com/images/I/31webfO63dL._SL500_.jpg" alt="Product Image"></a><p>L'Oreal Paris Dermo-Expertise Eye Defense Eye Cream with Caffeine and Hyaluronic Acid 0.5 oz</p><p>$12.27 ($24.54 / Ounce)</p><a href="https://www.amazon.com/dp/B00005333I?tag=eloabder-20&linkCode=osi&th=1&psc=1">View Product</a></div><div class="product"><a href="https://www.amazon.com/dp/B0CZJ8N83D?tag=eloabder-20&linkCode=osi&th=1&psc=1"><img src="https://m.media-amazon.com/images/I/31fQO3OHiML._SL500_.jpg" alt="Product Image"></a><p>PRIME PROMETICS PrimeEyes Hydrate Under Eye Cream for Mature Women – Hydrating Eye Cream for Dark Circles and Wrinkle Repair – Soft, Glowing & Healthy Under Eyes</p><p>$62.00</p><a href="https://www.amazon.com/dp/B0CZJ8N83D?tag=eloabder-20&linkCode=osi&th=1&psc=1">View Product</a></div><div class="product"><a href="https://www.amazon.com/dp/B0009RFB76?tag=eloabder-20&linkCode=osi&th=1&psc=1"><img src="https://m.media-amazon.com/images/I/31M2iQDNDOL._SL500_.jpg" alt="Product Image"></a><p>RoC Retinol Correxion Under Eye Cream for Dark Circles & Puffiness, Daily Wrinkle Cream, Anti Aging Line Smoothing Skin Care Treatment for Women and Men, 0.5 oz (Packaging May Vary)</p><p>$19.02 ($38.04 / Fl Oz)</p><a href="https://www.amazon.com/dp/B0009RFB76?tag=eloabder-20&linkCode=osi&th=1&psc=1">View Product</a></div><div class="product"><a href="https://www.amazon.com/dp/B0D3TG6MN3?tag=eloabder-20&linkCode=osi&th=1&psc=1"><img src="https://m.media-amazon.com/images/I/21-DQIJf5xL._SL500_.jpg" alt="Product Image"></a><p>Dr.Melaxin Eyephalt Eyebag Cream for Puffiness, Dark Circles & Fine Lines, Wrinkle, EGF Anti-Aging Under Eye Moisturizer with Niacinamide&Ceramide 0.33 fl.oz.</p><p>$59.00 ($178.79 / Fl Oz)</p><a href="https://www.amazon.com/dp/B0D3TG6MN3?tag=eloabder-20&linkCode=osi&th=1&psc=1">View Product</a></div><div class="product"><a href="https://www.amazon.com/dp/B07CKJRJXB?tag=eloabder-20&linkCode=osi&th=1&psc=1"><img src="https://m.media-amazon.com/images/I/31pJCzbhXrL._SL500_.jpg" alt="Product Image"></a><p>No7 Lift & Luminate Triple Action Eye Cream - Anti-Aging Under Eye Cream for Dark Circles, Puffiness & Wrinkles - Formulated with Vitamin C to Brighten and Refresh Tired Eyes (0.5 Fl Oz)</p><p>$15.93</p><a href="https://www.amazon.com/dp/B07CKJRJXB?tag=eloabder-20&linkCode=osi&th=1&psc=1">View Product</a></div><div class="product"><a href="https://www.amazon.com/dp/B07ZRF416W?tag=eloabder-20&linkCode=osi&th=1&psc=1"><img src="https://m.media-amazon.com/images/I/31cH7vzfBxL._SL500_.jpg" alt="Product Image"></a><p>COSRX Snail Peptide Eye Cream with 73.7% Snail Mucin and Niacinamide - Brightening Korean Night Cream for Fine Lines and Dark Circles</p><p>$13.89 ($16.34 / Fl Oz)</p><a href="https://www.amazon.com/dp/B07ZRF416W?tag=eloabder-20&linkCode=osi&th=1&psc=1">View Product</a></div>
<div class="product"><a href="https://www.amazon.com/dp/B01N9SPQHQ?tag=eloabder-20&linkCode=osi&th=1&psc=1"><img src="https://m.media-amazon.com/images/I/41NHgWAaYAL._SL500_.jpg" alt="Product Image"></a><p>La Roche-Posay Toleriane Double Repair Face Moisturizer, Daily Moisturizer Face Cream with Ceramide and Niacinamide for All Skin Types, Oil Free, Fragrance Free</p><p>$23.99 ($7.10 / Fl Oz)</p><a href="https://www.amazon.com/dp/B01N9SPQHQ?tag=eloabder-20&linkCode=osi&th=1&psc=1">View Product</a></div><div class="product"><a href="https://www.amazon.com/dp/B08BW46XXK?tag=eloabder-20&linkCode=osi&th=1&psc=1"><img src="https://m.media-amazon.com/images/I/41oCJ4BF8oL._SL500_.jpg" alt="Product Image"></a><p>Vanicream Daily Facial Moisturizer With Ceramides and Hyaluronic Acid - Formulated Without Common Irritants for Those with Sensitive Skin, 3 fl oz (Pack of 1)</p><p>$12.97 ($4.32 / Fl Oz)</p><a href="https://www.amazon.com/dp/B08BW46XXK?tag=eloabder-20&linkCode=osi&th=1&psc=1">View Product</a></div><div class="product"><a href="https://www.amazon.com/dp/B00TTD9BRC?tag=eloabder-20&linkCode=osi&th=1&psc=1"><img src="https://m.media-amazon.com/images/I/41Kc6H7fboL._SL500_.jpg" alt="Product Image"></a><p>CeraVe Moisturizing Cream | Body and Face Moisturizer for Dry Skin | Body Cream with Hyaluronic Acid and Ceramides | Daily Moisturizer | Oil-Free | Fragrance Free | Non-Comedogenic | 19 Ounce</p><p>$17.78 ($0.94 / Ounce)</p><a href="https://www.amazon.com/dp/B00TTD9BRC?tag=eloabder-20&linkCode=osi&th=1&psc=1">View Product</a></div><div class="product"><a href="https://www.amazon.com/dp/B000YJ2SLG?tag=eloabder-20&linkCode=osi&th=1&psc=1"><img src="https://m.media-amazon.com/images/I/31J9bWXnQ+L._SL500_.jpg" alt="Product Image"></a><p>CeraVe Daily Moisturizing Lotion for Dry Skin | Body Lotion & Face Moisturizer with Hyaluronic Acid and Ceramides | Daily Moisturizer | Fragrance Free | Oil-Free | 12 Ounce</p><p>$13.68 ($1.14 / Fl Oz)</p><a href="https://www.amazon.com/dp/B000YJ2SLG?tag=eloabder-20&linkCode=osi&th=1&psc=1">View Product</a></div><div class="product"><a href="https://www.amazon.com/dp/B01LEJ5MSK?tag=eloabder-20&linkCode=osi&th=1&psc=1"><img src="https://m.media-amazon.com/images/I/418xEMrk6LL._SL500_.jpg" alt="Product Image"></a><p>COSRX Snail Mucin 92% Repair Cream, Daily Face Gel Moisturizer for Dry Skin, Acne-prone, Sensitive Skin, Not Tested on Animals, No Parabens, Korean Skincare (3.52 Fl Oz (Pack of 1))</p><p>$13.99 ($3.97 / Fl Oz)</p><a href="https://www.amazon.com/dp/B01LEJ5MSK?tag=eloabder-20&linkCode=osi&th=1&psc=1">View Product</a></div><div class="product"><a href="https://www.amazon.com/dp/B0BBSP2JNQ?tag=eloabder-20&linkCode=osi&th=1&psc=1"><img src="https://m.media-amazon.com/images/I/51qb7tiAJgL._SL500_.jpg" alt="Product Image"></a><p>SimplyVital Face Moisturizer Collagen Cream - Anti Aging Neck and Décolleté - Made in USA Day & Night Face Cream - Moisturizing, Lifting & Recovery – 1.7oz</p><p>$22.89 ($13.46 / Fl Oz)</p><a href="https://www.amazon.com/dp/B0BBSP2JNQ?tag=eloabder-20&linkCode=osi&th=1&psc=1">View Product</a></div><div class="product"><a href="https://www.amazon.com/dp/B01NCWV3KM?tag=eloabder-20&linkCode=osi&th=1&psc=1"><img src="https://m.media-amazon.com/images/I/41Q1ESUhSeL._SL500_.jpg" alt="Product Image"></a><p>La Roche-Posay Toleriane Double Repair UV SPF Moisturizer for Face, Daily Facial Moisturizer with Sunscreen SPF 30, Niacinamide and Glycerin, Oil Free, Moisturizing Sun Protection</p><p>$24.99 ($10.00 / Fl Oz)</p><a href="https://www.amazon.com/dp/B01NCWV3KM?tag=eloabder-20&linkCode=osi&th=1&psc=1">View Product</a></div><div class="product"><a href="https://www.amazon.com/dp/B00F97FHAW?tag=eloabder-20&linkCode=osi&th=1&psc=1"><img src="https://m.media-amazon.com/images/I/41K+11aLxaL._SL500_.jpg" alt="Product Image"></a><p>CeraVe AM Facial Moisturizing Lotion with SPF 30 | Oil-Free Face Moisturizer with SPF | Formulated with Hyaluronic Acid, Niacinamide & Ceramides | Non-Comedogenic | Broad Spectrum Sunscreen | 3 Ounce</p><p>$14.99 ($5.00 / Fl Oz)</p><a href="https://www.amazon.com/dp/B00F97FHAW?tag=eloabder-20&linkCode=osi&th=1&psc=1">View Product</a></div><div class="product"><a href="https://www.amazon.com/dp/B00NR1YQHM?tag=eloabder-20&linkCode=osi&th=1&psc=1"><img src="https://m.media-amazon.com/images/I/41yzZFTW63L._SL500_.jpg" alt="Product Image"></a><p>Neutrogena Hydro Boost Face Moisturizer with Hyaluronic Acid for Dry Skin, Oil-Free and Non-Comedogenic Water Gel Face Lotion, 1.7 oz</p><p>$13.00 ($7.65 / Ounce)</p><a href="https://www.amazon.com/dp/B00NR1YQHM?tag=eloabder-20&linkCode=osi&th=1&psc=1">View Product</a></div><div class="product"><a href="https://www.amazon.com/dp/B08127SC4G?tag=eloabder-20&linkCode=osi&th=1&psc=1"><img src="https://m.media-amazon.com/images/I/31lAajvgToL._SL500_.jpg" alt="Product Image"></a><p>e.l.f. SKIN Holy Hydration! Face Cream, Moisturizer For Nourishing & Plumping Skin, Infused With Hyaluronic Acid, Vegan & Cruelty-Free, 1.8 Oz</p><p>$13.00 ($7.39 / Ounce)</p><a href="https://www.amazon.com/dp/B08127SC4G?tag=eloabder-20&linkCode=osi&th=1&psc=1">View Product</a></div>
<div class="product"><a href="https://www.amazon.com/dp/B00SNPCSUY?tag=eloabder-20&linkCode=osi&th=1&psc=1"><img src="https://m.media-amazon.com/images/I/411crd4ECqL._SL500_.jpg" alt="Product Image"></a><p>CeraVe Skin Renewing Night Cream | Niacinamide, Peptide Complex, and Hyaluronic Acid Moisturizer for Face | 1.7 Ounce, Packaging may Vary</p><p>$17.44 ($10.26 / Ounce)</p><a href="https://www.amazon.com/dp/B00SNPCSUY?tag=eloabder-20&linkCode=osi&th=1&psc=1">View Product</a></div><div class="product"><a href="https://www.amazon.com/dp/B00HNSSPDG?tag=eloabder-20&linkCode=osi&th=1&psc=1"><img src="https://m.media-amazon.com/images/I/41zARcUorbL._SL500_.jpg" alt="Product Image"></a><p>Neutrogena Triple Age Repair Anti-Aging Night Cream with Vitamin C; Fights Wrinkles & Evens Tone, Firming Anti-Wrinkle Face & Neck Cream; Glycerin & Shea Butter, 1.7 oz</p><p>$20.44 ($12.02 / Ounce)</p><a href="https://www.amazon.com/dp/B00HNSSPDG?tag=eloabder-20&linkCode=osi&th=1&psc=1">View Product</a></div><div class="product"><a href="https://www.amazon.com/dp/B01M4R7CC5?tag=eloabder-20&linkCode=osi&th=1&psc=1"><img src="https://m.media-amazon.com/images/I/414vBUMc1QL._SL500_.jpg" alt="Product Image"></a><p>Night Cream by Olay Regenerist Night Recovery Anti-Aging Face Moisturizer 1.7 oz</p><p>$21.34 ($12.55 / Ounce)</p><a href="https://www.amazon.com/dp/B01M4R7CC5?tag=eloabder-20&linkCode=osi&th=1&psc=1">View Product</a></div><div class="product"><a href="https://www.amazon.com/dp/B00365DABC?tag=eloabder-20&linkCode=osi&th=1&psc=1"><img src="https://m.media-amazon.com/images/I/41rqUy3OtML._SL500_.jpg" alt="Product Image"></a><p>CeraVe PM Facial Moisturizing Lotion | Night Cream with Hyaluronic Acid and Niacinamide | Ultra-Lightweight, Oil-Free Moisturizer for Face | 3 Ounce</p><p>$15.99 ($5.33 / Ounce)</p><a href="https://www.amazon.com/dp/B00365DABC?tag=eloabder-20&linkCode=osi&th=1&psc=1">View Product</a></div><div class="product"><a href="https://www.amazon.com/dp/B0877PX27D?tag=eloabder-20&linkCode=osi&th=1&psc=1"><img src="https://m.media-amazon.com/images/I/41UsZNavFeL._SL500_.jpg" alt="Product Image"></a><p>Eucerin Q10 Anti-Wrinkle Night Cream + Pro-Retinol, Facial Cream for Sensitive Skin, 1.7 Oz Jar</p><p>$12.49 ($7.35 / Ounce)</p><a href="https://www.amazon.com/dp/B0877PX27D?tag=eloabder-20&linkCode=osi&th=1&psc=1">View Product</a></div><div class="product"><a href="https://www.amazon.com/dp/B09843F4WG?tag=eloabder-20&linkCode=osi&th=1&psc=1"><img src="https://m.media-amazon.com/images/I/41rbHY+4UCL._SL500_.jpg" alt="Product Image"></a><p>L'Oreal Paris Age Perfect Collagen Expert Anti-Aging, Anti-Wrinkle Night Moisturizer 2.5 oz</p><p>$14.06 ($5.62 / Ounce)</p><a href="https://www.amazon.com/dp/B09843F4WG?tag=eloabder-20&linkCode=osi&th=1&psc=1">View Product</a></div><div class="product"><a href="https://www.amazon.com/dp/B00D440TZU?tag=eloabder-20&linkCode=osi&th=1&psc=1"><img src="https://m.media-amazon.com/images/I/41th+Ofm0oL._SL500_.jpg" alt="Product Image"></a><p>RoC Multi Correxion 5 in 1 Restoring/Anti Aging Facial Night Cream with Hexinol, 1.7 Ounces (Packaging May Vary)</p><p>$24.47 ($14.39 / Ounce)</p><a href="https://www.amazon.com/dp/B00D440TZU?tag=eloabder-20&linkCode=osi&th=1&psc=1">View Product</a></div><div class="product"><a href="https://www.amazon.com/dp/B0C15N3473?tag=eloabder-20&linkCode=osi&th=1&psc=1"><img src="https://m.media-amazon.com/images/I/415J39xM8eL._SL500_.jpg" alt="Product Image"></a><p>Cetaphil Healthy Renew Skin Tightening Night Cream 1.7 Oz, Wrinkle Repair Cream for Face with Peptides, Retinol Alternative Cream For Sensitive Skin, Fragrance Free</p><p>$16.64 ($9.79 / Fl Oz)</p><a href="https://www.amazon.com/dp/B0C15N3473?tag=eloabder-20&linkCode=osi&th=1&psc=1">View Product</a></div><div class="product"><a href="https://www.amazon.com/dp/B09W4TZVPZ?tag=eloabder-20&linkCode=osi&th=1&psc=1"><img src="https://m.media-amazon.com/images/I/411CiT2MjTL._SL500_.jpg" alt="Product Image"></a><p>Eight Saints Skin Care Up the Anti Night Cream Face Moisturizer to Reduce Fine Lines and Wrinkles, Natural and Organic Anti Aging Cream For Face & Neck with Niacinamide and Hyaluronic Acid, 2 Ounces</p><p>$34.00 ($17.00 / Ounce)</p><a href="https://www.amazon.com/dp/B09W4TZVPZ?tag=eloabder-20&linkCode=osi&th=1&psc=1">View Product</a></div><div class="product"><a href="https://www.amazon.com/dp/B0B64GY9MC?tag=eloabder-20&linkCode=osi&th=1&psc=1"><img src="https://m.media-amazon.com/images/I/416zsLeSx8L._SL500_.jpg" alt="Product Image"></a><p>L'Oreal Paris Age Perfect Anti-Aging Midnight Cream, Reduce Wrinkles & Firm 1.7oz + Serum Sample</p><p>$27.77 ($16.34 / Ounce)</p><a href="https://www.amazon.com/dp/B0B64GY9MC?tag=eloabder-20&linkCode=osi&th=1&psc=1">View Product</a></div>
<div class="product"><a href="https://www.amazon.com/dp/B002JDUMFO?tag=eloabder-20&linkCode=osi&th=1&psc=1"><img src="https://m.media-amazon.com/images/I/41h3+tOcptL._SL500_.jpg" alt="Product Image"></a><p>L’Oréal Paris Collagen Daily Face Moisturizer, Reduce Wrinkles, Face Cream 1.7 oz</p><p>$7.14 ($4.20 / Ounce)</p><a href="https://www.amazon.com/dp/B002JDUMFO?tag=eloabder-20&linkCode=osi&th=1&psc=1">View Product</a></div><div class="product"><a href="https://www.amazon.com/dp/B07D61XRFT?tag=eloabder-20&linkCode=osi&th=1&psc=1"><img src="https://m.media-amazon.com/images/I/41jMcJ9ZkDL._SL500_.jpg" alt="Product Image"></a><p>L'Oreal Paris Skincare Age Perfect Hydra-Nutrition Anti-Aging Day Cream with Manuka Honey Extract, 1.7 Ounce</p><p>$14.99 ($8.82 / Ounce)</p><a href="https://www.amazon.com/dp/B07D61XRFT?tag=eloabder-20&linkCode=osi&th=1&psc=1">View Product</a></div><div class="product"><a href="https://www.amazon.com/dp/B00OYBAMKY?tag=eloabder-20&linkCode=osi&th=1&psc=1"><img src="https://m.media-amazon.com/images/I/31F5FUo3BnL._SL500_.jpg" alt="Product Image"></a><p>Grown Alchemist Hydra-Repair Day Cream. Face Moisturizer that Primes and Hydrates Skin (100ml).</p><p>$65.00 ($19.23 / Fl Oz)</p><a href="https://www.amazon.com/dp/B00OYBAMKY?tag=eloabder-20&linkCode=osi&th=1&psc=1">View Product</a></div><div class="product"><a href="https://www.amazon.com/dp/B0C9VXS6VY?tag=eloabder-20&linkCode=osi&th=1&psc=1"><img src="https://m.media-amazon.com/images/I/41jZJbsswdL._SL500_.jpg" alt="Product Image"></a><p>La Vie Protective Anti-Aging Face Cream – Day Cream with Hyaluronic Acid, Shea Butter & Vitamins – Firming Face Cream with SPF & Aloe Vera – 1.7Fl Oz</p><p>$21.50 ($12.65 / Fl Oz)</p><a href="https://www.amazon.com/dp/B0C9VXS6VY?tag=eloabder-20&linkCode=osi&th=1&psc=1">View Product</a></div><div class="product"><a href="https://www.amazon.com/dp/B0CWVN2PKH?tag=eloabder-20&linkCode=osi&th=1&psc=1"><img src="https://m.media-amazon.com/images/I/41qIK3gKbEL._SL500_.jpg" alt="Product Image"></a><p>EnaSkin Retinol Cream for Wrinkles: Face Collagen Cream for Tightening Skin - Anti Aging Facial Moisturizer Day and Night for Women and Men 1.7 Fl OZ</p><p>$19.89 ($11.70 / Fl Oz)</p><a href="https://www.amazon.com/dp/B0CWVN2PKH?tag=eloabder-20&linkCode=osi&th=1&psc=1">View Product</a></div>
<div class="product"><a href="https://www.amazon.com/dp/B0CKPQJ13T?tag=eloabder-20&linkCode=osi&th=1&psc=1"><img src="https://m.media-amazon.com/images/I/31h2CQ5KWBL._SL500_.jpg" alt="Product Image"></a><p>Niacinamide Serum for Face, Anti Aging Serum, Hydrating Serum for Moisturize Skin, Oil Control, Pores Reducer, Reduces Skin Dullness and Delay Aging, Niacinamide Face Serum for all Skin Type</p><p>$9.99 ($9.99 / Fl Oz)</p><a href="https://www.amazon.com/dp/B0CKPQJ13T?tag=eloabder-20&linkCode=osi&th=1&psc=1">View Product</a></div><div class="product"><a href="https://www.amazon.com/dp/B072K1LNNY?tag=eloabder-20&linkCode=osi&th=1&psc=1"><img src="https://m.media-amazon.com/images/I/51frH2pII1L._SL500_.jpg" alt="Product Image"></a><p>SeoulCeuticals Korean Skin Care 20% Vitamin C Hyaluronic Acid Serum + CE Ferulic Acid - Potent Anti Aging, Anti Wrinkle Korean Beauty 1oz</p><p>$19.98</p><a href="https://www.amazon.com/dp/B072K1LNNY?tag=eloabder-20&linkCode=osi&th=1&psc=1">View Product</a></div><div class="product"><a href="https://www.amazon.com/dp/B01M4MCUAF?tag=eloabder-20&linkCode=osi&th=1&psc=1"><img src="https://m.media-amazon.com/images/I/41aQhk7cn+L._SL500_.jpg" alt="Product Image"></a><p>TruSkin Vitamin C Serum – Anti Aging Facial Serum with Vitamin C, Hyaluronic Acid, Vitamin E & More – Brightening Serum for Dark Spots, Even Skin Tone, Eye Area, Fine Lines & Wrinkles, 1 Fl Oz</p><p>$21.97</p><a href="https://www.amazon.com/dp/B01M4MCUAF?tag=eloabder-20&linkCode=osi&th=1&psc=1">View Product</a></div><div class="product"><a href="https://www.amazon.com/dp/B08L8B5JR2?tag=eloabder-20&linkCode=osi&th=1&psc=1"><img src="https://m.media-amazon.com/images/I/51Ee0RzYONL._SL500_.jpg" alt="Product Image"></a><p>Vibriance Super C Serum for Mature Skin, Made in USA, All-In-One Formula Hydrates, Firms, Lifts, Smooths, Targets Age Spots, Wrinkles, Vitamin C Serum; 1 fl oz</p><p>$32.90</p><a href="https://www.amazon.com/dp/B08L8B5JR2?tag=eloabder-20&linkCode=osi&th=1&psc=1">View Product</a></div><div class="product"><a href="https://www.amazon.com/dp/B07P5TMHD9?tag=eloabder-20&linkCode=osi&th=1&psc=1"><img src="https://m.media-amazon.com/images/I/51xr2lw0Y7L._SL500_.jpg" alt="Product Image"></a><p>Vitamin C Face Serum - Dark Spot Remover Facial Serum, Vit C Serum with Hyaluronic Acid, Ferulic Acid, & Vit E - Anti Aging and Skin Brightening Serum, Pure Vitamin C Serum Skin Care</p><p>$9.98</p><a href="https://www.amazon.com/dp/B07P5TMHD9?tag=eloabder-20&linkCode=osi&th=1&psc=1">View Product</a></div><div class="product"><a href="https://www.amazon.com/dp/B09TPXJP8R?tag=eloabder-20&linkCode=osi&th=1&psc=1"><img src="https://m.media-amazon.com/images/I/41wFAnopZkL._SL500_.jpg" alt="Product Image"></a><p>Vichy LiftActiv Vitamin C Serum, Brightening and Anti Aging Serum for Face with 15% Pure Vitamin C, Skin Firming and Antioxidant Facial Serum for Brightness and Moisturizing</p><p>$34.99 ($52.22 / Fl Oz)</p><a href="https://www.amazon.com/dp/B09TPXJP8R?tag=eloabder-20&linkCode=osi&th=1&psc=1">View Product</a></div><div class="product"><a href="https://www.amazon.com/dp/B075VX4QVM?tag=eloabder-20&linkCode=osi&th=1&psc=1"><img src="https://m.media-amazon.com/images/I/31uFKKKGUhL._SL500_.jpg" alt="Product Image"></a><p>La Roche-Posay Hyalu B5 Pure Hyaluronic Acid Serum for Face | Vitamin B5 + Hyaluronic Acid + Madecassoside | Hydrating Serum Visibly Plumps Skin | Sensitive Skin Safe | Anti Aging Serum | Oil-Free</p><p>$39.99</p><a href="https://www.amazon.com/dp/B075VX4QVM?tag=eloabder-20&linkCode=osi&th=1&psc=1">View Product</a></div><div class="product"><a href="https://www.amazon.com/dp/B0CLLV2T1P?tag=eloabder-20&linkCode=osi&th=1&psc=1"><img src="https://m.media-amazon.com/images/I/31ZBa-zgbjL._SL500_.jpg" alt="Product Image"></a><p>Anua 10% Niacinamide+ 4% Tranexamic Acid Serum, Ceramide, Hyaluronic Acid, Vitamin B12 natural color, for Sensitive skin, Korean Glass Skin, Fragrance-Free (30ml /1.01 fl.oz.)</p><p>$19.00 ($18.81 / Fl Oz)</p><a href="https://www.amazon.com/dp/B0CLLV2T1P?tag=eloabder-20&linkCode=osi&th=1&psc=1">View Product</a></div><div class="product"><a href="https://www.amazon.com/dp/B07VWSN95S?tag=eloabder-20&linkCode=osi&th=1&psc=1"><img src="https://m.media-amazon.com/images/I/411Y0nzh9zL._SL500_.jpg" alt="Product Image"></a><p>CeraVe Retinol Serum for Post-Acne Marks and Skin Texture | Pore Refining, Resurfacing, Brightening Facial Serum with Retinol and Niacinamide | Fragrance Free, Paraben Free & Non-Comedogenic| 1 Oz</p><p>$18.68</p><a href="https://www.amazon.com/dp/B07VWSN95S?tag=eloabder-20&linkCode=osi&th=1&psc=1">View Product</a></div>
<div class="product"><a href="https://www.amazon.com/dp/B00J1FNW28?tag=eloabder-20&linkCode=osi&th=1&psc=1"><img src="https://m.media-amazon.com/images/I/414w8iNQRqL._SL500_.jpg" alt="Product Image"></a><p>Palmer's Cocoa Butter Formula Moisturizing Skin Therapy Oil for Face with Vitamin E, C & 10 Pure Facial Oil Blend, Rosehip Fragrance, 1 Ounce</p><p>$10.97 ($10.97 / Fl Oz)</p><a href="https://www.amazon.com/dp/B00J1FNW28?tag=eloabder-20&linkCode=osi&th=1&psc=1">View Product</a></div><div class="product"><a href="https://www.amazon.com/dp/B01N3340K7?tag=eloabder-20&linkCode=osi&th=1&psc=1"><img src="https://m.media-amazon.com/images/I/41QYm09uWiL._SL500_.jpg" alt="Product Image"></a><p>Kate Blanc Cosmetics Rosehip Oil for Face & Skin. Rosehip Seed Face Oil for Facial & Gua Sha Massage (1oz, Organic, Pure, Cold Pressed)</p><p>$8.99</p><a href="https://www.amazon.com/dp/B01N3340K7?tag=eloabder-20&linkCode=osi&th=1&psc=1">View Product</a></div><div class="product"><a href="https://www.amazon.com/dp/B01GYHLW4U?tag=eloabder-20&linkCode=osi&th=1&psc=1"><img src="https://m.media-amazon.com/images/I/31oeUKDfrOL._SL500_.jpg" alt="Product Image"></a><p>KORA Organics Noni Glow Hydrating Face Oil with Antioxidants, Nourish & Illuminate, Certified Organic, Cruelty Free, 0.34 fl oz</p><p>$29.00 ($85.29 / Fl Oz)</p><a href="https://www.amazon.com/dp/B01GYHLW4U?tag=eloabder-20&linkCode=osi&th=1&psc=1">View Product</a></div><div class="product"><a href="https://www.amazon.com/dp/B09Q2XYMLM?tag=eloabder-20&linkCode=osi&th=1&psc=1"><img src="https://m.media-amazon.com/images/I/41LM+-HnjiL._SL500_.jpg" alt="Product Image"></a><p>Good Molecules Squalane Oil - Moisturizer for Face, Skin, and Hair, Plumping, Firming, Anti-Aging - Skincare for Face to Hydrate and Calm the Skin</p><p>$8.00 ($18.18 / Fl Oz)</p><a href="https://www.amazon.com/dp/B09Q2XYMLM?tag=eloabder-20&linkCode=osi&th=1&psc=1">View Product</a></div><div class="product"><a href="https://www.amazon.com/dp/B0CNG6YPB8?tag=eloabder-20&linkCode=osi&th=1&psc=1"><img src="https://m.media-amazon.com/images/I/41gbDKoodrL._SL500_.jpg" alt="Product Image"></a><p>Black Seed Oil, Rosehip Oil, Castor Oil Organic Cold Pressed for Face Anti-Aging Miracle Facial Moisturizer Serum Natural Skincare Fortifying Hydrates Skin Moisturizing Beauty Glow Oil 1 Fl Oz/30mL</p><p>$16.99 ($16.99 / Fl Oz)</p><a href="https://www.amazon.com/dp/B0CNG6YPB8?tag=eloabder-20&linkCode=osi&th=1&psc=1">View Product</a></div><div class="product"><a href="https://www.amazon.com/dp/B000VPPUEA?tag=eloabder-20&linkCode=osi&th=1&psc=1"><img src="https://m.media-amazon.com/images/I/31e4JzjWhkL._SL500_.jpg" alt="Product Image"></a><p>Bio-Oil Skincare Body Oil, Vitamin E, Serum for Scars & Stretchmarks, Face & Body Moisturizer, 2 oz, All Skin Types</p><p>$11.04 ($5.52 / Fl Oz)</p><a href="https://www.amazon.com/dp/B000VPPUEA?tag=eloabder-20&linkCode=osi&th=1&psc=1">View Product</a></div><div class="product"><a href="https://www.amazon.com/dp/B001UE60E0?tag=eloabder-20&linkCode=osi&th=1&psc=1"><img src="https://m.media-amazon.com/images/I/31cFL31-1pL._SL500_.jpg" alt="Product Image"></a><p>DHC Deep Cleansing Oil, Facial Cleansing Oil, Makeup Remover, Cleanses without Clogging Pores, Residue-Free, Fragrance and Colorant Free, All Skin Types, 6.7 fl. oz.</p><p>$21.99 ($3.28 / Fl Oz)</p><a href="https://www.amazon.com/dp/B001UE60E0?tag=eloabder-20&linkCode=osi&th=1&psc=1">View Product</a></div><div class="product"><a href="https://www.amazon.com/dp/B0BN2PX8V3?tag=eloabder-20&linkCode=osi&th=1&psc=1"><img src="https://m.media-amazon.com/images/I/31vN6RNetML._SL500_.jpg" alt="Product Image"></a><p>ANUA Heartleaf Pore Control Cleansing Oil, Oil Cleanser for Face, Makeup Blackhead Remover, Korean Skin Care 6.76 fl oz(200ml) (original)</p><p>$17.69 ($2.64 / Fl Oz)</p><a href="https://www.amazon.com/dp/B0BN2PX8V3?tag=eloabder-20&linkCode=osi&th=1&psc=1">View Product</a></div><div class="product"><a href="https://www.amazon.com/dp/B07H2GP6VX?tag=eloabder-20&linkCode=osi&th=1&psc=1"><img src="https://m.media-amazon.com/images/I/41OxX+xF61L._SL500_.jpg" alt="Product Image"></a><p>Skin Glow Serum for Face Care - Gua Sha Oil for Glowing Skin with Turmeric Oil for Face Dark Spots Fine Lines & Wrinkles - Hydrating Face Oil for Women's Vegan Organic Skin Care (30mL)</p><p>$29.70 ($29.70 / Fl Oz)</p><a href="https://www.amazon.com/dp/B07H2GP6VX?tag=eloabder-20&linkCode=osi&th=1&psc=1">View Product</a></div><div class="product"><a href="https://www.amazon.com/dp/B098553XRB?tag=eloabder-20&linkCode=osi&th=1&psc=1"><img src="https://m.media-amazon.com/images/I/31jJT07RSqL._SL500_.jpg" alt="Product Image"></a><p>Derma E Vitamin C Glow Face Oil, Facial Oil Nourishes, Brightens and Illuminates for a Radiant Glow, Moisturizing Face Oil with Turmeric, Seabuckthorn and Red Raspberry, 1 Fl Oz</p><p>$13.05</p><a href="https://www.amazon.com/dp/B098553XRB?tag=eloabder-20&linkCode=osi&th=1&psc=1">View Product</a></div>
<div class="product"><a href="https://www.amazon.com/dp/B005IHT94S?tag=eloabder-20&linkCode=osi&th=1&psc=1"><img src="https://m.media-amazon.com/images/I/31YAXVCRMAL._SL500_.jpg" alt="Product Image"></a><p>Neutrogena Ultra Sheer Dry-Touch Water Resistant and Non-Greasy Sunscreen Lotion with Broad Spectrum SPF 70, 3 Fl Oz (Pack of 1)</p><p>$9.88 ($3.29 / Fl Oz)</p><a href="https://www.amazon.com/dp/B005IHT94S?tag=eloabder-20&linkCode=osi&th=1&psc=1">View Product</a></div><div class="product"><a href="https://www.amazon.com/dp/B078BC1NJ6?tag=eloabder-20&linkCode=osi&th=1&psc=1"><img src="https://m.media-amazon.com/images/I/51V4LMN2zEL._SL500_.jpg" alt="Product Image"></a><p>Coppertone Sport Sunscreen Spray SPF 50, Water Resistant Spray Sunscreen, Broad Spectrum SPF 50 Sunscreen, Bulk Sunscreen Pack, 5.5 Oz Bottle, Pack of 3</p><p>$20.63 ($1.25 / Ounce)</p><a href="https://www.amazon.com/dp/B078BC1NJ6?tag=eloabder-20&linkCode=osi&th=1&psc=1">View Product</a></div><div class="product"><a href="https://www.amazon.com/dp/B01MQXX9US?tag=eloabder-20&linkCode=osi&th=1&psc=1"><img src="https://m.media-amazon.com/images/I/41Zi7BP15NL._SL500_.jpg" alt="Product Image"></a><p>Banana Boat Sport Ultra SPF 50 Sunscreen Spray Twin Pack | Banana Boat Sunscreen Spray SPF 50, Spray On Sunscreen, Water Resistant Sunscreen, Oxybenzone Free Sunscreen Pack, 6oz each</p><p>$13.97 ($1.16 / Ounce)</p><a href="https://www.amazon.com/dp/B01MQXX9US?tag=eloabder-20&linkCode=osi&th=1&psc=1">View Product</a></div><div class="product"><a href="https://www.amazon.com/dp/B002MSN3QQ?tag=eloabder-20&linkCode=osi&th=1&psc=1"><img src="https://m.media-amazon.com/images/I/3100avaA74L._SL500_.jpg" alt="Product Image"></a><p>EltaMD UV Clear Face Sunscreen, Oil Free Sunscreen with Zinc Oxide, Dermatologist Recommended Sunscreen, 1.7 oz Pump</p><p>$43.00 ($25.29 / Ounce)</p><a href="https://www.amazon.com/dp/B002MSN3QQ?tag=eloabder-20&linkCode=osi&th=1&psc=1">View Product</a></div><div class="product"><a href="https://www.amazon.com/dp/B00AEN4QZ8?tag=eloabder-20&linkCode=osi&th=1&psc=1"><img src="https://m.media-amazon.com/images/I/31QMrCJPoeL._SL500_.jpg" alt="Product Image"></a><p>Neutrogena Beach Defense Water-Resistant Face & Body SPF 70 Sunscreen Lotion with Broad Spectrum UVA/UVB Protection, Oil-Free Fast-Absorbing Sunscreen Lotion, Oxybenzone-Free, 6.7 oz</p><p>$9.60 ($1.43 / Fl Oz)</p><a href="https://www.amazon.com/dp/B00AEN4QZ8?tag=eloabder-20&linkCode=osi&th=1&psc=1">View Product</a></div><div class="product"><a href="https://www.amazon.com/dp/B076GZX3KL?tag=eloabder-20&linkCode=osi&th=1&psc=1"><img src="https://m.media-amazon.com/images/I/41BQoEZMuTL._SL500_.jpg" alt="Product Image"></a><p>Neutrogena Sunscreen Spray, Ultra Sheer ® Body Mist, Broad Spectrum SPF 70, Non-Greasy Water Resistant Body Sunscreen Mist, Non-Comedogenic, 5 oz (Pack of 3)</p><p>$22.60 ($1.51 / Ounce)</p><a href="https://www.amazon.com/dp/B076GZX3KL?tag=eloabder-20&linkCode=osi&th=1&psc=1">View Product</a></div><div class="product"><a href="https://www.amazon.com/dp/B004D2DR0Q?tag=eloabder-20&linkCode=osi&th=1&psc=1"><img src="https://m.media-amazon.com/images/I/41QwzCWNnFL._SL500_.jpg" alt="Product Image"></a><p>Neutrogena Ultra Sheer Dry-Touch Water Resistant and Non-Greasy Sunscreen Lotion with Broad Spectrum SPF 45, TSA-Compliant travel Size, 3 Fl Oz, Pack of 2, 6 Fl Oz</p><p>$13.99 ($2.33 / Fl Oz)</p><a href="https://www.amazon.com/dp/B004D2DR0Q?tag=eloabder-20&linkCode=osi&th=1&psc=1">View Product</a></div><div class="product"><a href="https://www.amazon.com/dp/B07YGVSGMW?tag=eloabder-20&linkCode=osi&th=1&psc=1"><img src="https://m.media-amazon.com/images/I/416T611PGUL._SL500_.jpg" alt="Product Image"></a><p>La Roche-Posay Anthelios Melt-In Milk Sunscreen SPF 100 | Sunscreen For Body & Face | Broad Spectrum SPF + Antioxidants | Oil Free Sunscreen Lotion | For Sun Sensitive Skin | Oxybenzone Free</p><p>$26.99 ($9.00 / Fl Oz)</p><a href="https://www.amazon.com/dp/B07YGVSGMW?tag=eloabder-20&linkCode=osi&th=1&psc=1">View Product</a></div><div class="product"><a href="https://www.amazon.com/dp/B002CML1VG?tag=eloabder-20&linkCode=osi&th=1&psc=1"><img src="https://m.media-amazon.com/images/I/41ufC4L5QQL._SL500_.jpg" alt="Product Image"></a><p>La Roche-Posay Anthelios Melt-In Milk Sunscreen SPF 60 | Sunscreen For Body & Face | Broad Spectrum SPF + Antioxidants | Oil Free Sunscreen Lotion | Lightweight & Fast Absorbing | Oxybenzone Free</p><p>$37.99 ($7.60 / Fl Oz)</p><a href="https://www.amazon.com/dp/B002CML1VG?tag=eloabder-20&linkCode=osi&th=1&psc=1">View Product</a></div>
<div class="product"><a href="https://www.amazon.com/dp/B004CDV7EY?tag=eloabder-20&linkCode=osi&th=1&psc=1"><img src="https://m.media-amazon.com/images/I/41tTwTi8GdL._SL500_.jpg" alt="Product Image"></a><p>Banana Boat Sport Ultra SPF 50 Sunscreen Lotion, 12oz | Banana Boat Sunscreen SPF 50 Lotion, Oxybenzone Free Sunscreen, Sunblock Lotion Sunscreen, Family Size Sunscreen, 12oz</p><p>$10.97 ($0.91 / Fl Oz)</p><a href="https://www.amazon.com/dp/B004CDV7EY?tag=eloabder-20&linkCode=osi&th=1&psc=1">View Product</a></div><div class="product"><a href="https://www.amazon.com/dp/B001P92FMG?tag=eloabder-20&linkCode=osi&th=1&psc=1"><img src="https://m.media-amazon.com/images/I/41G20SiwQqL._SL500_.jpg" alt="Product Image"></a><p>Neutrogena Sport Face Sunscreen, Broad Spectrum Sunblock SPF 70+, Water Resistant Sunscreen For Face, Sweat Resistant Oil Free Sunscreen Lotion, 2.5 FL OZ</p><p>$10.30 ($4.12 / Fl Oz)</p><a href="https://www.amazon.com/dp/B001P92FMG?tag=eloabder-20&linkCode=osi&th=1&psc=1">View Product</a></div><div class="product"><a href="https://www.amazon.com/dp/B01MY051NZ?tag=eloabder-20&linkCode=osi&th=1&psc=1"><img src="https://m.media-amazon.com/images/I/316sFsnyZ6L._SL500_.jpg" alt="Product Image"></a><p>Hawaiian Tropic Everyday Active Lotion Sunscreen SPF 50, 8oz | Hawaiian Tropic Sunscreen SPF 50, Sunblock, Broad Spectrum Sunscreen, Oxybenzone Free Sunscreen, Water Resistant Sunscreen, 8oz</p><p>$10.97 ($1.37 / Fl Oz)</p><a href="https://www.amazon.com/dp/B01MY051NZ?tag=eloabder-20&linkCode=osi&th=1&psc=1">View Product</a></div><div class="product"><a href="https://www.amazon.com/dp/B074WBHHYY?tag=eloabder-20&linkCode=osi&th=1&psc=1"><img src="https://m.media-amazon.com/images/I/41uIcq6eNrL._SL500_.jpg" alt="Product Image"></a><p>Coppertone Sport Sunscreen Spray SPF 50, Water Resistant Spray Sunscreen, Broad Spectrum SPF 50 Sunscreen, Bulk Sunscreen Pack, 5.5 Oz Bottle, Pack of 2</p><p>$14.49 ($1.32 / Ounce)</p><a href="https://www.amazon.com/dp/B074WBHHYY?tag=eloabder-20&linkCode=osi&th=1&psc=1">View Product</a></div><div class="product"><a href="https://www.amazon.com/dp/B077D7L95C?tag=eloabder-20&linkCode=osi&th=1&psc=1"><img src="https://m.media-amazon.com/images/I/4124cUh+pGL._SL500_.jpg" alt="Product Image"></a><p>Banana Boat Kids Sport Sunscreen Spray SPF 50, Twin Pack | Kids Sunscreen Spray, Kids Sunblock Spray, Oxybenzone Free Sunscreen for Kids, Spray Sunscreen SPF 50, 6oz each</p><p>$13.97 ($1.16 / Ounce)</p><a href="https://www.amazon.com/dp/B077D7L95C?tag=eloabder-20&linkCode=osi&th=1&psc=1">View Product</a></div>
<div class="product"><a href="https://www.amazon.com/dp/B08Q2R18HH?tag=eloabder-20&linkCode=osi&th=1&psc=1"><img src="https://m.media-amazon.com/images/I/51uR35zoH+L._SL500_.jpg" alt="Product Image"></a><p>Hawaiian Tropic Lime Coolada After Sun Lotion, 16oz | After Sun Care, Daily Moisturizing Lotion, After Sun Aloe, Cocoa Butter Lotion, Shea Butter Lotion, After Sun Skin Care, 16oz each Twin Pack</p><p>$14.99 ($0.47 / Fl Oz)</p><a href="https://www.amazon.com/dp/B08Q2R18HH?tag=eloabder-20&linkCode=osi&th=1&psc=1">View Product</a></div><div class="product"><a href="https://www.amazon.com/dp/B08Q2QK7F1?tag=eloabder-20&linkCode=osi&th=1&psc=1"><img src="https://m.media-amazon.com/images/I/41I370DTitL._SL500_.jpg" alt="Product Image"></a><p>Hawaiian Tropic Silk Hydration After Sun Lotion 6 Fl Oz (Pack of 2)</p><p>$19.98 ($1.66 / Fl Oz)</p><a href="https://www.amazon.com/dp/B08Q2QK7F1?tag=eloabder-20&linkCode=osi&th=1&psc=1">View Product</a></div><div class="product"><a href="https://www.amazon.com/dp/B004YAUZKM?tag=eloabder-20&linkCode=osi&th=1&psc=1"><img src="https://m.media-amazon.com/images/I/31QrLmSRyrL._SL500_.jpg" alt="Product Image"></a><p>Sun Bum Cool Down Aloe Vera Lotion - Vegan After Sun Care with Cocoa Butter to Soothe and Hydrate Sunburn- 8 oz</p><p>$12.99 ($1.62 / Fl Oz)</p><a href="https://www.amazon.com/dp/B004YAUZKM?tag=eloabder-20&linkCode=osi&th=1&psc=1">View Product</a></div><div class="product"><a href="https://www.amazon.com/dp/B07BH4DD2M?tag=eloabder-20&linkCode=osi&th=1&psc=1"><img src="https://m.media-amazon.com/images/I/41+JG2VHifL._SL500_.jpg" alt="Product Image"></a><p>Hawaiian Tropic After Sun Body Butter with Coconut Oil, 8oz | After Sun Lotion, Moisturizing Body Lotion, After Sun Moisturizer, Coconut Body Butter, After Sun Care, After Sun Skin Care, 8oz</p><p>$12.49 ($1.56 / Fl Oz)</p><a href="https://www.amazon.com/dp/B07BH4DD2M?tag=eloabder-20&linkCode=osi&th=1&psc=1">View Product</a></div><div class="product"><a href="https://www.amazon.com/dp/B091YZ5L12?tag=eloabder-20&linkCode=osi&th=1&psc=1"><img src="https://m.media-amazon.com/images/I/31otykDIBaL._SL500_.jpg" alt="Product Image"></a><p>B.TAN After Sun Lotion | Ooooh Aftersun Delight - Aloe Vera & Hyaluronic Acid, Sun Burn Skin Relief, Moisturizing Body Cream, 16 Fl oz</p><p>$12.99 ($0.81 / Fl Oz)</p><a href="https://www.amazon.com/dp/B091YZ5L12?tag=eloabder-20&linkCode=osi&th=1&psc=1">View Product</a></div><div class="product"><a href="https://www.amazon.com/dp/B0013L55U0?tag=eloabder-20&linkCode=osi&th=1&psc=1"><img src="https://m.media-amazon.com/images/I/41BErPueiSL._SL500_.jpg" alt="Product Image"></a><p>Burt's Bees After Sun Lotion with Hydrating Aloe Vera & Coconut Oil - Summer Essentials, Sunburn Relief, Natural After Sun Soother, 6 oz</p><p>$12.96 ($2.16 / Fl Oz)</p><a href="https://www.amazon.com/dp/B0013L55U0?tag=eloabder-20&linkCode=osi&th=1&psc=1">View Product</a></div><div class="product"><a href="https://www.amazon.com/dp/B01N6SVTBN?tag=eloabder-20&linkCode=osi&th=1&psc=1"><img src="https://m.media-amazon.com/images/I/51sE2A31qgL._SL500_.jpg" alt="Product Image"></a><p>Sunburnt Advanced After-Sun Lotion, 6 Ounce</p><p>$9.79 ($1.63 / Ounce)</p><a href="https://www.amazon.com/dp/B01N6SVTBN?tag=eloabder-20&linkCode=osi&th=1&psc=1">View Product</a></div><div class="product"><a href="https://www.amazon.com/dp/B098CTZYJX?tag=eloabder-20&linkCode=osi&th=1&psc=1"><img src="https://m.media-amazon.com/images/I/31hNQRVEp2L._SL500_.jpg" alt="Product Image"></a><p>Coola Organic Radical Recovery After Sun Body Lotion, Includes Aloe Vera, Agave and Lavender Oil for Sunburn Relief, 5 Fl Oz</p><p>$32.00 ($6.40 / Fl Oz)</p><a href="https://www.amazon.com/dp/B098CTZYJX?tag=eloabder-20&linkCode=osi&th=1&psc=1">View Product</a></div>
<div class="product"><a href="https://www.amazon.com/dp/B0CTBF3WLS?tag=eloabder-20&linkCode=osi&th=1&psc=1"><img src="https://m.media-amazon.com/images/I/41nFaIDnL9L._SL500_.jpg" alt="Product Image"></a><p>b.tan UV Tanning Bed Lotion | I Want The Darkest Tan Possible - x4000 Tan Intensifiers, Indoor & Outdoor Tan Accelerator, Best Browning Lotion, 12 Fl Oz</p><p>$14.99 ($1.25 / Fl Oz)</p><a href="https://www.amazon.com/dp/B0CTBF3WLS?tag=eloabder-20&linkCode=osi&th=1&psc=1">View Product</a></div><div class="product"><a href="https://www.amazon.com/dp/B001UTK76C?tag=eloabder-20&linkCode=osi&th=1&psc=1"><img src="https://m.media-amazon.com/images/I/31JM3ZgxMjL._SL500_.jpg" alt="Product Image"></a><p>Jergens Natural Glow +FIRMING Self Tanner, Sunless Tanning Lotion for Fair to Medium Skin Tone, Anti Cellulite Firming Body Lotion for Natural-Looking Tan, 7.5 Ounce</p><p>$10.47 ($1.40 / Fl Oz)</p><a href="https://www.amazon.com/dp/B001UTK76C?tag=eloabder-20&linkCode=osi&th=1&psc=1">View Product</a></div><div class="product"><a href="https://www.amazon.com/dp/B07XGS1NW9?tag=eloabder-20&linkCode=osi&th=1&psc=1"><img src="https://m.media-amazon.com/images/I/411h-bfoKfL._SL500_.jpg" alt="Product Image"></a><p>European Gold Flash Black 4000X Indoor Tanning Lotion with Time-Release DHA Bronzers, 12 oz</p><p>$13.99 ($1.17 / Fl Oz)</p><a href="https://www.amazon.com/dp/B07XGS1NW9?tag=eloabder-20&linkCode=osi&th=1&psc=1">View Product</a></div><div class="product"><a href="https://www.amazon.com/dp/B0058E3XJI?tag=eloabder-20&linkCode=osi&th=1&psc=1"><img src="https://m.media-amazon.com/images/I/41KNj0nprcL._SL500_.jpg" alt="Product Image"></a><p>Millennium Tanning Solid Black 100X Indoor Tanning Lotion for Tanning Beds (13.5 Fluid Ounces)</p><p>$29.99 ($2.22 / Fl Oz)</p><a href="https://www.amazon.com/dp/B0058E3XJI?tag=eloabder-20&linkCode=osi&th=1&psc=1">View Product</a></div><div class="product"><a href="https://www.amazon.com/dp/B003GX5SSC?tag=eloabder-20&linkCode=osi&th=1&psc=1"><img src="https://m.media-amazon.com/images/I/314WWYZVTGL._SL500_.jpg" alt="Product Image"></a><p>Australian Gold Dark Tanning Accelerator Lotion With Bronzer, 8 Ounce, New Package Same Formula, B003GX5SSC</p><p>$8.99 ($1.12 / Fl Oz)</p><a href="https://www.amazon.com/dp/B003GX5SSC?tag=eloabder-20&linkCode=osi&th=1&psc=1">View Product</a></div><div class="product"><a href="https://www.amazon.com/dp/B009YKK78C?tag=eloabder-20&linkCode=osi&th=1&psc=1"><img src="https://m.media-amazon.com/images/I/51VhZauUFYS._SL500_.jpg" alt="Product Image"></a><p>Ed Hardy Coconut Kisses Golden Tanning Lotion Cruelty Free, Gluten Free, Mineral Oil Free, DHA Free for All skin type,13.5 oz</p><p>$25.95 ($1.92 / Fl Oz)</p><a href="https://www.amazon.com/dp/B009YKK78C?tag=eloabder-20&linkCode=osi&th=1&psc=1">View Product</a></div><div class="product"><a href="https://www.amazon.com/dp/B09J1LZCWH?tag=eloabder-20&linkCode=osi&th=1&psc=1"><img src="https://m.media-amazon.com/images/I/41RzUs3u55L._SL500_.jpg" alt="Product Image"></a><p>Tanning Lotion Self Tanner - With Natural and Organic Ingredients Non Toxic Sunless Browning Lotion - Best Gradual Tan Lotion for Men and Women, Fair to Medium</p><p>$35.99 ($4.80 / Fl Oz)</p><a href="https://www.amazon.com/dp/B09J1LZCWH?tag=eloabder-20&linkCode=osi&th=1&psc=1">View Product</a></div><div class="product"><a href="https://www.amazon.com/dp/B00T7MZQ3S?tag=eloabder-20&linkCode=osi&th=1&psc=1"><img src="https://m.media-amazon.com/images/I/41yGeo8I0IL._SL500_.jpg" alt="Product Image"></a><p>Australian Gold Rapid Tanning Intensifier Lotion, 8.5 Fl Oz | With Tea Tree Oil and Aloe Vera | Vitamin E</p><p>$7.37 ($0.87 / Fl Oz)</p><a href="https://www.amazon.com/dp/B00T7MZQ3S?tag=eloabder-20&linkCode=osi&th=1&psc=1">View Product</a></div><div class="product"><a href="https://www.amazon.com/dp/B08MVJ5Y8Y?tag=eloabder-20&linkCode=osi&th=1&psc=1"><img src="https://m.media-amazon.com/images/I/51Mugq3kI+L._SL500_.jpg" alt="Product Image"></a><p>Tanning Paradise Black Coconut Love Tanning Lotion | Coconut Oil | Age-Defying | Tattoo Protecting Formula | Ultra Hydrating Dark Tanning Lotion, 13.5oz</p><p>$27.99 ($2.07 / Fl Oz)</p><a href="https://www.amazon.com/dp/B08MVJ5Y8Y?tag=eloabder-20&linkCode=osi&th=1&psc=1">View Product</a></div>
<div class="product"><a href="https://www.amazon.com/dp/B08FZZ4HPM?tag=eloabder-20&linkCode=osi&th=1&psc=1"><img src="https://m.media-amazon.com/images/I/31mReI9Wc6L._SL500_.jpg" alt="Product Image"></a><p>b.tan Ultra Dark Self Tanner | Too Tan - Fast, 1 Hour Express Sunless Tanning Mousse, No Gimmicks, No Fake Tan Smell, No Added Nasties, Vegan, Cruelty & Paraben Free, 6.7 Fl Oz</p><p>$9.97 ($1.49 / Fl Oz)</p><a href="https://www.amazon.com/dp/B08FZZ4HPM?tag=eloabder-20&linkCode=osi&th=1&psc=1">View Product</a></div><div class="product"><a href="https://www.amazon.com/dp/B0888B6TBN?tag=eloabder-20&linkCode=osi&th=1&psc=1"><img src="https://m.media-amazon.com/images/I/41K4-e3Kj9L._SL500_.jpg" alt="Product Image"></a><p>b.tan Darker Self Tanner Kit | Fall In Love at First Tan Bundle - Darker Self Tan Mousse with Self Tanning Mitt Applicator, Violet Base, 1 Hour Sunless Fast Tanner, No Fake Tan Smell, No Added Nasties, Vegan, Cruelty Free, 6.7 Fl Oz</p><p>$14.99 ($2.24 / Fl Oz)</p><a href="https://www.amazon.com/dp/B0888B6TBN?tag=eloabder-20&linkCode=osi&th=1&psc=1">View Product</a></div><div class="product"><a href="https://www.amazon.com/dp/B013WVAHJ2?tag=eloabder-20&linkCode=osi&th=1&psc=1"><img src="https://m.media-amazon.com/images/I/21yYdk2vOnL._SL500_.jpg" alt="Product Image"></a><p>Bondi Sands Self Tanning Foam | Lightweight, Self-Tanner Foam Enriched with Aloe Vera and Coconut Provides an Even, Streak-Free Tan | 6.76 oz/200 mL</p><p>$24.00 ($3.55 / Fl Oz )</p><a href="https://www.amazon.com/dp/B013WVAHJ2?tag=eloabder-20&linkCode=osi&th=1&psc=1">View Product</a></div><div class="product"><a href="https://www.amazon.com/dp/B09551QSJ3?tag=eloabder-20&linkCode=osi&th=1&psc=1"><img src="https://m.media-amazon.com/images/I/41tFLINqKrL._SL500_.jpg" alt="Product Image"></a><p>Self Tanner Mousse - USA Made with Natural & Organic Ingredients, Self Tanning Mousse for Dark Fake Tan, Sunless Tanner, Clear & Non Toxic Tanning Foam for Streak Free Finish, No Nasty Smell</p><p>$34.99 ($4.67 / Fl Oz)</p><a href="https://www.amazon.com/dp/B09551QSJ3?tag=eloabder-20&linkCode=osi&th=1&psc=1">View Product</a></div><div class="product"><a href="https://www.amazon.com/dp/B07Z53DKH3?tag=eloabder-20&linkCode=osi&th=1&psc=1"><img src="https://m.media-amazon.com/images/I/31WXxRTQ9rL._SL500_.jpg" alt="Product Image"></a><p>Coco & Eve Sunny Honey Bali Bronzing Foam (Ultra Dark). Natural Sunless Self Tanner Mousse. Anti Cellulite, Anti Aging, Organic Sunless Self Tanning Lotion</p><p>$38.00 ($5.59 / Fl Oz)</p><a href="https://www.amazon.com/dp/B07Z53DKH3?tag=eloabder-20&linkCode=osi&th=1&psc=1">View Product</a></div><div class="product"><a href="https://www.amazon.com/dp/B00GLS5DHU?tag=eloabder-20&linkCode=osi&th=1&psc=1"><img src="https://m.media-amazon.com/images/I/31EOp3BgHcL._SL500_.jpg" alt="Product Image"></a><p>Jergens Natural Glow 3-Day Self Tanner for Fair to Medium Skin Tone, Sunless Tanning Daily Moisturizer, for Streak-free and Natural-Looking Color, 10 Ounce</p><p>$14.49 ($1.45 / Fl Oz)</p><a href="https://www.amazon.com/dp/B00GLS5DHU?tag=eloabder-20&linkCode=osi&th=1&psc=1">View Product</a></div><div class="product"><a href="https://www.amazon.com/dp/B08G1LQGLN?tag=eloabder-20&linkCode=osi&th=1&psc=1"><img src="https://m.media-amazon.com/images/I/411EXWnc3cS._SL500_.jpg" alt="Product Image"></a><p>Coco & Eve Self Tanner Mousse Kit - All Natural Sunless Tanning (Dark) | Instant Lotion with Bronzer Mitt Applicator Sunny Honey Bali Bronzing</p><p>$41.00 ($6.12 / Fl Oz)</p><a href="https://www.amazon.com/dp/B08G1LQGLN?tag=eloabder-20&linkCode=osi&th=1&psc=1">View Product</a></div><div class="product"><a href="https://www.amazon.com/dp/B00KSS3MJ0?tag=eloabder-20&linkCode=osi&th=1&psc=1"><img src="https://m.media-amazon.com/images/I/31pZi3ANSfL._SL500_.jpg" alt="Product Image"></a><p>St.Tropez Self Tan Express Mousse, Fast Acting Fake Tan, Develops in 1-3 Hours, Streak-Free Finish, Vegan, Natural & Cruelty Free, 6.7 Fl Oz</p><p>$46.00 ($6.87 / Fl Oz)</p><a href="https://www.amazon.com/dp/B00KSS3MJ0?tag=eloabder-20&linkCode=osi&th=1&psc=1">View Product</a></div>
<div class="product"><a href="https://www.amazon.com/dp/B08KT2Z93D?tag=eloabder-20&linkCode=osi&th=1&psc=1"><img src="https://m.media-amazon.com/images/I/31IObY4C0xL._SL500_.jpg" alt="Product Image"></a><p>eos Shea Better Body Lotion- Vanilla Cashmere, 24-Hour Moisture Skin Care, Lightweight & Non-Greasy, Made with Natural Shea, Vegan, 16 fl oz</p><p>$8.98 ($0.56 / Fl Oz)</p><a href="https://www.amazon.com/dp/B08KT2Z93D?tag=eloabder-20&linkCode=osi&th=1&psc=1">View Product</a></div><div class="product"><a href="https://www.amazon.com/dp/B076G2XGY3?tag=eloabder-20&linkCode=osi&th=1&psc=1"><img src="https://m.media-amazon.com/images/I/41jIXvha20L._SL500_.jpg" alt="Product Image"></a><p>NIVEA Essentially Enriched Body Lotion for Dry Skin, Pack of 2, 16.9 Fl Oz Pump Bottles</p><p>$10.98 ($0.32 / Fl Oz)</p><a href="https://www.amazon.com/dp/B076G2XGY3?tag=eloabder-20&linkCode=osi&th=1&psc=1">View Product</a></div><div class="product"><a href="https://www.amazon.com/dp/B00DG8EZKO?tag=eloabder-20&linkCode=osi&th=1&psc=1"><img src="https://m.media-amazon.com/images/I/31DT3ghuyXL._SL500_.jpg" alt="Product Image"></a><p>NIVEA Intense Healing Body Lotion for Dry Skin, 72-Hour Moisturizing Lotion with Deep Nourishing Serum and Provitamin B5, 16.9 Fl Oz Pump Bottle</p><p>$6.24 ($0.37 / Fl Oz)</p><a href="https://www.amazon.com/dp/B00DG8EZKO?tag=eloabder-20&linkCode=osi&th=1&psc=1">View Product</a></div><div class="product"><a href="https://www.amazon.com/dp/B07RK4HST7?tag=eloabder-20&linkCode=osi&th=1&psc=1"><img src="https://m.media-amazon.com/images/I/412DGoW35mL._SL500_.jpg" alt="Product Image"></a><p>CeraVe Daily Moisturizing Lotion for Dry Skin | Body Lotion & Face Moisturizer with Hyaluronic Acid and Ceramides | Daily Moisturizer | Fragrance Free | Oil-Free | 19 Ounce</p><p>$18.50 ($0.97 / Fl Oz)</p><a href="https://www.amazon.com/dp/B07RK4HST7?tag=eloabder-20&linkCode=osi&th=1&psc=1">View Product</a></div><div class="product"><a href="https://www.amazon.com/dp/B0034F9K36?tag=eloabder-20&linkCode=osi&th=1&psc=1"><img src="https://m.media-amazon.com/images/I/319i3EFVPvL._SL500_.jpg" alt="Product Image"></a><p>Jergens Ultra Healing Dry Skin Moisturizer, Body and Hand Lotion for Dry Skin, for Quick Absorption into Extra Dry Skin, with HYDRALUCENCE blend, Vitamins C, E, and B5, 32 Ounce</p><p>$10.47 ($0.33 / Fl Oz)</p><a href="https://www.amazon.com/dp/B0034F9K36?tag=eloabder-20&linkCode=osi&th=1&psc=1">View Product</a></div><div class="product"><a href="https://www.amazon.com/dp/B003JT8PKQ?tag=eloabder-20&linkCode=osi&th=1&psc=1"><img src="https://m.media-amazon.com/images/I/31TFisQDpKL._SL500_.jpg" alt="Product Image"></a><p>Lubriderm Daily Moisture Lotion + Pro-Ceramide with Shea Butter & Glycerin Helps Moisturize Dry Skin, Hydrating Face, Hand & Body Lotion is Lightly Scented & Non-Greasy, 24 fl. oz</p><p>$10.12 ($0.42 / Fl Oz)</p><a href="https://www.amazon.com/dp/B003JT8PKQ?tag=eloabder-20&linkCode=osi&th=1&psc=1">View Product</a></div><div class="product"><a href="https://www.amazon.com/dp/B0D484X4RL?tag=eloabder-20&linkCode=osi&th=1&psc=1"><img src="https://m.media-amazon.com/images/I/31rZLOx+KEL._SL500_.jpg" alt="Product Image"></a><p>Native Body Lotion Contains Naturally Derived Plant-Based Moisturizers for Women and Men | Restores Dry Skin, Coconut & Vanilla, 16.5 fl oz</p><p>$13.97 ($0.85 / Fl Oz)</p><a href="https://www.amazon.com/dp/B0D484X4RL?tag=eloabder-20&linkCode=osi&th=1&psc=1">View Product</a></div><div class="product"><a href="https://www.amazon.com/dp/B073CXZ8KR?tag=eloabder-20&linkCode=osi&th=1&psc=1"><img src="https://m.media-amazon.com/images/I/31r1ImnqoOL._SL500_.jpg" alt="Product Image"></a><p>Nivea Oil Infused Cherry Blossom and Jojoba Oil Body Lotion, Non-Greasy Cherry Blossom Scented Lotion Moisturizes for 24+ Hours, 16.9 Fl Oz Pump Bottle</p><p>$6.29 ($0.37 / Fl Oz)</p><a href="https://www.amazon.com/dp/B073CXZ8KR?tag=eloabder-20&linkCode=osi&th=1&psc=1">View Product</a></div><div class="product"><a href="https://www.amazon.com/dp/B00W4TWD7I?tag=eloabder-20&linkCode=osi&th=1&psc=1"><img src="https://m.media-amazon.com/images/I/31hhrMRSQBL._SL500_.jpg" alt="Product Image"></a><p>Jergens Skin Firming Body Lotion for Dry to Extra Dry Skin, Skin Tightening Cream with Collagen and Elastin, Hydralucence Blend Formula, 16.8 oz</p><p>$7.47 ($0.44 / Fl Oz)</p><a href="https://www.amazon.com/dp/B00W4TWD7I?tag=eloabder-20&linkCode=osi&th=1&psc=1">View Product</a></div>
<div class="product"><a href="https://www.amazon.com/dp/B07C23RCR8?tag=eloabder-20&linkCode=osi&th=1&psc=1"><img src="https://m.media-amazon.com/images/I/41RZuPGWrcL._SL500_.jpg" alt="Product Image"></a><p>Petal Fresh Restoring Body Butter with Honey, Coconut Oil and Shea - Intense Hydration, Cruelty Free</p><p>$7.67 ($7.67 / Count)</p><a href="https://www.amazon.com/dp/B07C23RCR8?tag=eloabder-20&linkCode=osi&th=1&psc=1">View Product</a></div><div class="product"><a href="https://www.amazon.com/dp/B0BKCN9WRX?tag=eloabder-20&linkCode=osi&th=1&psc=1"><img src="https://m.media-amazon.com/images/I/41Jk3XD9gtL._SL500_.jpg" alt="Product Image"></a><p>Tree Hut Moroccan Rose Whipped Shea Body Butter, 8.4oz, Lightweight, Long-lasting, Hydrating Moisturizer with Natural Shea Butter for Nourishing Essential Body Care</p><p>$8.49 ($1.01 / Ounce)</p><a href="https://www.amazon.com/dp/B0BKCN9WRX?tag=eloabder-20&linkCode=osi&th=1&psc=1">View Product</a></div><div class="product"><a href="https://www.amazon.com/dp/B01H6OYPU8?tag=eloabder-20&linkCode=osi&th=1&psc=1"><img src="https://m.media-amazon.com/images/I/41Vkhay5SBL._SL500_.jpg" alt="Product Image"></a><p>NIVEA Cocoa Butter Body Cream with Deep Nourishing Serum, 15.5 Ounce</p><p>$7.05 ($0.45 / Ounce)</p><a href="https://www.amazon.com/dp/B01H6OYPU8?tag=eloabder-20&linkCode=osi&th=1&psc=1">View Product</a></div><div class="product"><a href="https://www.amazon.com/dp/B089N6B4ST?tag=eloabder-20&linkCode=osi&th=1&psc=1"><img src="https://m.media-amazon.com/images/I/41ropAOpQNL._SL500_.jpg" alt="Product Image"></a><p>Vaseline Illuminate Me Shea Butter Whipped Body Butter for Melanin Rich Skin Provides 24 Hour Moisturization for Dry Skin 11 oz</p><p>$12.80 ($1.16 / Fl Oz)</p><a href="https://www.amazon.com/dp/B089N6B4ST?tag=eloabder-20&linkCode=osi&th=1&psc=1">View Product</a></div><div class="product"><a href="https://www.amazon.com/dp/B09QMT3CVT?tag=eloabder-20&linkCode=osi&th=1&psc=1"><img src="https://m.media-amazon.com/images/I/41eMy8c3dcL._SL500_.jpg" alt="Product Image"></a><p>MAJESTIC PURE Whipped Argan Oil Body Butter for Women & Men - With Ceramides, Vitamin E & A & Vegan Collagen - For Skin, Face, & Appearance of Wrinkles & Fine Lines - 8oz</p><p>$9.99 ($1.25 / Ounce)</p><a href="https://www.amazon.com/dp/B09QMT3CVT?tag=eloabder-20&linkCode=osi&th=1&psc=1">View Product</a></div><div class="product"><a href="https://www.amazon.com/dp/B00GBH8TBS?tag=eloabder-20&linkCode=osi&th=1&psc=1"><img src="https://m.media-amazon.com/images/I/31L5XHEF9qL._SL500_.jpg" alt="Product Image"></a><p>Bliss Lemon and Sage Body Butter - Maximum Moisture Cream - 6.7 Fl Oz Lotion for Dry Skin - Long-Lasting Moisturizer for Women & Men - Vegan and Cruelty-Free</p><p>$11.99 ($1.79 / Fl Oz)</p><a href="https://www.amazon.com/dp/B00GBH8TBS?tag=eloabder-20&linkCode=osi&th=1&psc=1">View Product</a></div><div class="product"><a href="https://www.amazon.com/dp/B0013UQQAE?tag=eloabder-20&linkCode=osi&th=1&psc=1"><img src="https://m.media-amazon.com/images/I/411EPzhuAHL._SL500_.jpg" alt="Product Image"></a><p>Palmer’s Shea Butter Formula Raw African Shea Butter Balm, Nourishing Body Moisturizer for Rough, Dry Skin, 7.25 Ounces</p><p>$7.68 ($1.06 / Ounce)</p><a href="https://www.amazon.com/dp/B0013UQQAE?tag=eloabder-20&linkCode=osi&th=1&psc=1">View Product</a></div><div class="product"><a href="https://www.amazon.com/dp/B09SRGSNZR?tag=eloabder-20&linkCode=osi&th=1&psc=1"><img src="https://m.media-amazon.com/images/I/31knGR24zJL._SL500_.jpg" alt="Product Image"></a><p>Kopari Ultra Restore Body Butter with Hyaluronic Acid and Vitamin B5 - Vegan Moisturizing Lotion for Dry Skin, 7.7 oz</p><p>$36.00 ($4.68 / Fl Oz)</p><a href="https://www.amazon.com/dp/B09SRGSNZR?tag=eloabder-20&linkCode=osi&th=1&psc=1">View Product</a></div><div class="product"><a href="https://www.amazon.com/dp/B0C4Q95W1T?tag=eloabder-20&linkCode=osi&th=1&psc=1"><img src="https://m.media-amazon.com/images/I/417J+mMnNXL._SL500_.jpg" alt="Product Image"></a><p>Vaseline Illuminate Me Body Butter & Body Oil - Shimmering Body Bronzer, Hydrating Whipped Organic Shea Butter with 24-Hour Moisture for Melanin-Rich Skin, Radiant Body Glow Oil (2 Piece Set)</p><p>$22.99 ($1.61 / Fl Oz)</p><a href="https://www.amazon.com/dp/B0C4Q95W1T?tag=eloabder-20&linkCode=osi&th=1&psc=1">View Product</a></div>
<div class="product"><a href="https://www.amazon.com/dp/B004L17FKC?tag=eloabder-20&linkCode=osi&th=1&psc=1"><img src="https://m.media-amazon.com/images/I/31nbXT8PueL._SL500_.jpg" alt="Product Image"></a><p>OSEA Undaria Algae Body Oil 5 oz - After Shower Body Oil - Non-Greasy Body Serum & Fast Absorbing Skincare - Clean Beauty & Vegan Seaweed Body Moisturizer for Dry Skin</p><p>$51.95 ($10.39 / Fl Oz)</p><a href="https://www.amazon.com/dp/B004L17FKC?tag=eloabder-20&linkCode=osi&th=1&psc=1">View Product</a></div><div class="product"><a href="https://www.amazon.com/dp/B00008BK7H?tag=eloabder-20&linkCode=osi&th=1&psc=1"><img src="https://m.media-amazon.com/images/I/31NaIvcVrtL._SL500_.jpg" alt="Product Image"></a><p>Neutrogena Body Oil Light Sesame Formula, Dry Skin Moisturizer and Hydrating Body Massage Oil for Radiant and Healthy Looking Glow, Nourishing Bath Oil for Sheer Moisture, 16 FL OZ</p><p>$23.41 ($1.46 / Fl Oz)</p><a href="https://www.amazon.com/dp/B00008BK7H?tag=eloabder-20&linkCode=osi&th=1&psc=1">View Product</a></div><div class="product"><a href="https://www.amazon.com/dp/B08D43LHYP?tag=eloabder-20&linkCode=osi&th=1&psc=1"><img src="https://m.media-amazon.com/images/I/315zlZLfRWL._SL500_.jpg" alt="Product Image"></a><p>Aveeno Daily Moisturizing Dry Body Oil Mist with Oat and Jojoba Oil for Dry, Rough Sensitive Skin, Nourishing & Hypoallergenic Body Spray, Paraben-, Silicone- & Phthalate-Free, 6.7 fl. oz</p><p>$9.58 ($1.43 / Fl Oz)</p><a href="https://www.amazon.com/dp/B08D43LHYP?tag=eloabder-20&linkCode=osi&th=1&psc=1">View Product</a></div><div class="product"><a href="https://www.amazon.com/dp/B00AREGVUM?tag=eloabder-20&linkCode=osi&th=1&psc=1"><img src="https://m.media-amazon.com/images/I/41qfuNZmKRL._SL500_.jpg" alt="Product Image"></a><p>Bio-Oil Skincare Body Oil, Vitamin E Serum for Scars & Stretchmarks, Dermatologist Recommended, All Skin Types, 6.7 oz</p><p>$28.99 ($4.33 / Fl Oz)</p><a href="https://www.amazon.com/dp/B00AREGVUM?tag=eloabder-20&linkCode=osi&th=1&psc=1">View Product</a></div><div class="product"><a href="https://www.amazon.com/dp/B000056W74?tag=eloabder-20&linkCode=osi&th=1&psc=1"><img src="https://m.media-amazon.com/images/I/51iuZeO24dL._SL500_.jpg" alt="Product Image"></a><p>Palmer's Cocoa Butter Moisturizing Body Oil with Vitamin E, Radiant Looking Glow and Skin Hydration, Instant Absorption, Bath, Body and Shower, 8.5 Ounces</p><p>$7.49 ($0.88 / Fl Oz)</p><a href="https://www.amazon.com/dp/B000056W74?tag=eloabder-20&linkCode=osi&th=1&psc=1">View Product</a></div><div class="product"><a href="https://www.amazon.com/dp/B001B0ZZFS?tag=eloabder-20&linkCode=osi&th=1&psc=1"><img src="https://m.media-amazon.com/images/I/31CraOP2i5L._SL500_.jpg" alt="Product Image"></a><p>Neutrogena Fragrance-Free Body Oil Light Sesame Formula, Dry Skin Moisturizer & Hydrating Body Massage Oil, for Radiant & Healthy Glow, Nourishing After Shower & Bath Oil, 8.5 fl. oz</p><p>$8.86 ($1.04 / Fl Oz)</p><a href="https://www.amazon.com/dp/B001B0ZZFS?tag=eloabder-20&linkCode=osi&th=1&psc=1">View Product</a></div><div class="product"><a href="https://www.amazon.com/dp/B0CFSVH4L7?tag=eloabder-20&linkCode=osi&th=1&psc=1"><img src="https://m.media-amazon.com/images/I/31VtRL8qSpL._SL500_.jpg" alt="Product Image"></a><p>Saltair - Santal Bloom Body Oil - Nourishing Body Moisturizer</p><p>$22.00 ($5.50 / Fl Oz)</p><a href="https://www.amazon.com/dp/B0CFSVH4L7?tag=eloabder-20&linkCode=osi&th=1&psc=1">View Product</a></div><div class="product"><a href="https://www.amazon.com/dp/B089NCFBQZ?tag=eloabder-20&linkCode=osi&th=1&psc=1"><img src="https://m.media-amazon.com/images/I/41WGBM4YipL._SL500_.jpg" alt="Product Image"></a><p>Vaseline Illuminate Me Shimmering Body Oil Created for Melanin Rich Skin, Illuminates Skin with Finishing Touch of Shimmer for Glowing Skin 3.3 oz</p><p>$8.75 ($2.65 / Fl Oz)</p><a href="https://www.amazon.com/dp/B089NCFBQZ?tag=eloabder-20&linkCode=osi&th=1&psc=1">View Product</a></div><div class="product"><a href="https://www.amazon.com/dp/B076MGQ5SW?tag=eloabder-20&linkCode=osi&th=1&psc=1"><img src="https://m.media-amazon.com/images/I/31i7GSTXsoL._SL500_.jpg" alt="Product Image"></a><p>SheaMoisture Daily Hydration Body Oil Virgin Coconut Oil For Dry Skin Paraben Free 8 oz</p><p>$8.93 ($1.12 / Fl Oz)</p><a href="https://www.amazon.com/dp/B076MGQ5SW?tag=eloabder-20&linkCode=osi&th=1&psc=1">View Product</a></div>
<div class="product"><a href="https://www.amazon.com/dp/B07GJR4KXM?tag=eloabder-20&linkCode=osi&th=1&psc=1"><img src="https://m.media-amazon.com/images/I/41Zl1DjrGpL._SL500_.jpg" alt="Product Image"></a><p>Brooklyn Botany Brown Sugar Body Scrub - Moisturizing and Exfoliating Body, Face, Hand, Foot Scrub - Fights Acne, Fine Lines & Wrinkles, Great Gifts For Women & Men - 10 oz</p><p>$9.99 ($1.00 / Ounce)</p><a href="https://www.amazon.com/dp/B07GJR4KXM?tag=eloabder-20&linkCode=osi&th=1&psc=1">View Product</a></div><div class="product"><a href="https://www.amazon.com/dp/B095Z7HQP3?tag=eloabder-20&linkCode=osi&th=1&psc=1"><img src="https://m.media-amazon.com/images/I/31oWHQkNovL._SL500_.jpg" alt="Product Image"></a><p>First Aid Beauty KP Bump Eraser Body Scrub Exfoliant for Keratosis Pilaris with 10% AHA 4 oz.</p><p>$20.00 ($5.00 / Ounce)</p><a href="https://www.amazon.com/dp/B095Z7HQP3?tag=eloabder-20&linkCode=osi&th=1&psc=1">View Product</a></div><div class="product"><a href="https://www.amazon.com/dp/B0CQLTP6JM?tag=eloabder-20&linkCode=osi&th=1&psc=1"><img src="https://m.media-amazon.com/images/I/41oU0wGhtHL._SL500_.jpg" alt="Product Image"></a><p>Elvira KP Bump Eraser Body Scrub, Exfoliating Body Scrub for Keratosis Pilaris, Smooth Skin with 10% AHA/BHA & Niacinamide, Moisturizing and Brightening, Body Skin Care Products, Deep Cleansing - 7 oz</p><p>$16.99 ($2.43 / Fl Oz)</p><a href="https://www.amazon.com/dp/B0CQLTP6JM?tag=eloabder-20&linkCode=osi&th=1&psc=1">View Product</a></div><div class="product"><a href="https://www.amazon.com/dp/B09VH79Z17?tag=eloabder-20&linkCode=osi&th=1&psc=1"><img src="https://m.media-amazon.com/images/I/41VgTZ12TwL._SL500_.jpg" alt="Product Image"></a><p>Dr Teal's Shea Sugar Body Scrub, Shea Butter with Almond Oil & Essential Oils, 19 oz (Pack of 3) (Packaging May Vary)</p><p>$20.94 ($0.37 / Ounce)</p><a href="https://www.amazon.com/dp/B09VH79Z17?tag=eloabder-20&linkCode=osi&th=1&psc=1">View Product</a></div>
<div class="product"><a href="https://www.amazon.com/dp/B0BVBZPX9B?tag=eloabder-20&linkCode=osi&th=1&psc=1"><img src="https://m.media-amazon.com/images/I/61Y09jlKZkL._SL500_.jpg" alt="Product Image"></a><p>Dove Deep Moisture Body Wash 30.6 Fl Oz Pack of 3 with Pump, Luxurious Hydration for Dry Skin, Cleanser with 24hr Renewing MicroMoisture</p><p>$23.22 ($0.25 / Fl Oz)</p><a href="https://www.amazon.com/dp/B0BVBZPX9B?tag=eloabder-20&linkCode=osi&th=1&psc=1">View Product</a></div><div class="product"><a href="https://www.amazon.com/dp/B0BT1VXDGD?tag=eloabder-20&linkCode=osi&th=1&psc=1"><img src="https://m.media-amazon.com/images/I/217eAv7yKyL._SL500_.jpg" alt="Product Image"></a><p>Method Body Wash, Pure Peace, Paraben and Phthalate Free, Biodegradable Formula, 28 oz (Pack of 1)</p><p>$11.48 ($0.41 / Fl Oz)</p><a href="https://www.amazon.com/dp/B0BT1VXDGD?tag=eloabder-20&linkCode=osi&th=1&psc=1">View Product</a></div><div class="product"><a href="https://www.amazon.com/dp/B0BVBYQGTW?tag=eloabder-20&linkCode=osi&th=1&psc=1"><img src="https://m.media-amazon.com/images/I/61En44WjwPL._SL500_.jpg" alt="Product Image"></a><p>Dove Body Wash with Pump Sensitive Skin 3 Count Hypoallergenic, Paraben-Free, Sulfate-Free, Cruelty-Free, Moisturizing Skin Cleanser Effectively Washes Away Bacteria While Nourishing Skin 30.6 oz</p><p>$23.22 ($0.25 / Fl Oz)</p><a href="https://www.amazon.com/dp/B0BVBYQGTW?tag=eloabder-20&linkCode=osi&th=1&psc=1">View Product</a></div><div class="product"><a href="https://www.amazon.com/dp/B0CGY5BLBW?tag=eloabder-20&linkCode=osi&th=1&psc=1"><img src="https://m.media-amazon.com/images/I/61X7MjVU6uL._SL500_.jpg" alt="Product Image"></a><p>Dove Exfoliating Body Wash Glow Recharge Energizes & illuminates skin 3% brightening serum with vitamin C 18.5 oz</p><p>$9.79 ($0.53 / Fl Oz)</p><a href="https://www.amazon.com/dp/B0CGY5BLBW?tag=eloabder-20&linkCode=osi&th=1&psc=1">View Product</a></div><div class="product"><a href="https://www.amazon.com/dp/B082QB23YG?tag=eloabder-20&linkCode=osi&th=1&psc=1"><img src="https://m.media-amazon.com/images/I/31QPAuuaLwL._SL500_.jpg" alt="Product Image"></a><p>NIVEA Refreshing White Peach and Jasmine Body Wash, Scented Body Wash with Nourishing Serum, Plant-Derived Oils, Essential Skin Lipids and Vitamins, 20 Fl Oz Bottle</p><p>$4.89 ($0.24 / Fl Oz)</p><a href="https://www.amazon.com/dp/B082QB23YG?tag=eloabder-20&linkCode=osi&th=1&psc=1">View Product</a></div><div class="product"><a href="https://www.amazon.com/dp/B0BHH1LBX2?tag=eloabder-20&linkCode=osi&th=1&psc=1"><img src="https://m.media-amazon.com/images/I/41aG-jLyOqL._SL500_.jpg" alt="Product Image"></a><p>Olay Ultra Rich Moisture Body Wash for Women, Deeply Nourishes, Vitamin B3 Complex, Clinically Proven, Shea Butter Scent, 22 fl oz (Pack of 4)</p><p>$26.95 ($0.31 / Fl Oz)</p><a href="https://www.amazon.com/dp/B0BHH1LBX2?tag=eloabder-20&linkCode=osi&th=1&psc=1">View Product</a></div><div class="product"><a href="https://www.amazon.com/dp/B0BVBYDTZ6?tag=eloabder-20&linkCode=osi&th=1&psc=1"><img src="https://m.media-amazon.com/images/I/61UbJzK8yIL._SL500_.jpg" alt="Product Image"></a><p>Dove Body Wash with Pump Refreshing Cucumber and Green Tea 3 Count Refreshes Skin Cleanser That Effectively Washes Away Bacteria While Nourishing Your Skin 30.6 oz</p><p>$29.91 ($0.33 / Fl Oz)</p><a href="https://www.amazon.com/dp/B0BVBYDTZ6?tag=eloabder-20&linkCode=osi&th=1&psc=1">View Product</a></div><div class="product"><a href="https://www.amazon.com/dp/B082QC2MCX?tag=eloabder-20&linkCode=osi&th=1&psc=1"><img src="https://m.media-amazon.com/images/I/31ohT5XH1TS._SL500_.jpg" alt="Product Image"></a><p>NIVEA Shea Butter Nourishing Body Wash, Moisturizing Body Wash with Nourishing Serum, Plant-Derived Oils, Essential Skin Lipids and Vitamins, 20 Fl Oz Bottle</p><p>$5.29 ($0.26 / Fl Oz)</p><a href="https://www.amazon.com/dp/B082QC2MCX?tag=eloabder-20&linkCode=osi&th=1&psc=1">View Product</a></div><div class="product"><a href="https://www.amazon.com/dp/B07FD24RTR?tag=eloabder-20&linkCode=osi&th=1&psc=1"><img src="https://m.media-amazon.com/images/I/31klAgInvXL._SL500_.jpg" alt="Product Image"></a><p>Aveeno Stress Relief Body Wash with Soothing Oat for Sensitive Skin, Lavender Body Wash to help you feel Calm and Relaxed, Sulfate-Free, 33 FL OZ</p><p>$13.48 ($0.41 / Fl Oz)</p><a href="https://www.amazon.com/dp/B07FD24RTR?tag=eloabder-20&linkCode=osi&th=1&psc=1">View Product</a></div><div class="product"><a href="https://www.amazon.com/dp/B082QBPDJC?tag=eloabder-20&linkCode=osi&th=1&psc=1"><img src="https://m.media-amazon.com/images/I/31tC4JDwHQL._SL500_.jpg" alt="Product Image"></a><p>NIVEA Coconut and Almond Milk Pampering Body Wash, Moisturizing Body Wash with Nourishing Serum, Plant-Derived Oils, Essential Skin Lipids and Vitamins, 20 Fl Oz Bottle</p><p>$4.99 ($0.25 / Fl Oz)</p><a href="https://www.amazon.com/dp/B082QBPDJC?tag=eloabder-20&linkCode=osi&th=1&psc=1">View Product</a></div>
<div class="product"><a href="https://www.amazon.com/dp/B0BNQWFWLF?tag=eloabder-20&linkCode=osi&th=1&psc=1"><img src="https://m.media-amazon.com/images/I/41trFLlJ04L._SL500_.jpg" alt="Product Image"></a><p>Neutrogena Rainbath Body Wash, Refreshing, Moisturizing Daily Body Cleanser and Shaving Gel with Clean Rinsing Lather, Original Scent, 32 fl. Oz</p><p>$15.98 ($0.50 / Fl Oz)</p><a href="https://www.amazon.com/dp/B0BNQWFWLF?tag=eloabder-20&linkCode=osi&th=1&psc=1">View Product</a></div><div class="product"><a href="https://www.amazon.com/dp/B0BT1WN3ZD?tag=eloabder-20&linkCode=osi&th=1&psc=1"><img src="https://m.media-amazon.com/images/I/21GMn0pFzCL._SL500_.jpg" alt="Product Image"></a><p>Method Body Wash, Sea + Surf, Paraben and Phthalate Free, Biodegradable Formula, 28 oz, (Pack of 1)</p><p>$11.48 ($0.41 / Fl Oz)</p><a href="https://www.amazon.com/dp/B0BT1WN3ZD?tag=eloabder-20&linkCode=osi&th=1&psc=1">View Product</a></div><div class="product"><a href="https://www.amazon.com/dp/B09M7SPFSJ?tag=eloabder-20&linkCode=osi&th=1&psc=1"><img src="https://m.media-amazon.com/images/I/31bOOl+IL6L._SL500_.jpg" alt="Product Image"></a><p>Ivory Mild & Gentle Body Wash, Original Scent, 35oz</p><p>$5.97 ($0.17 / Ounce)</p><a href="https://www.amazon.com/dp/B09M7SPFSJ?tag=eloabder-20&linkCode=osi&th=1&psc=1">View Product</a></div><div class="product"><a href="https://www.amazon.com/dp/B0CK4YS1SV?tag=eloabder-20&linkCode=osi&th=1&psc=1"><img src="https://m.media-amazon.com/images/I/518js3kBNfL._SL500_.jpg" alt="Product Image"></a><p>Dr Teal's Body Wash with Pure Epsom Salt, Relax & Relief with Eucalyptus & Spearmint, 24 fl oz (Pack of 2) (Packaging May Vary)</p><p>$11.74 ($0.24 / Fl Oz)</p><a href="https://www.amazon.com/dp/B0CK4YS1SV?tag=eloabder-20&linkCode=osi&th=1&psc=1">View Product</a></div><div class="product"><a href="https://www.amazon.com/dp/B0CNL19TQG?tag=eloabder-20&linkCode=osi&th=1&psc=1"><img src="https://m.media-amazon.com/images/I/61kqkkFXOkL._SL500_.jpg" alt="Product Image"></a><p>Dove Men+Care Body Wash Eucalyptus + Cedar Oil to Rebuild Skin in the Shower with Plant-Based Cleansers and Moisturizers 26 oz</p><p>$9.99 ($0.38 / Fl Oz)</p><a href="https://www.amazon.com/dp/B0CNL19TQG?tag=eloabder-20&linkCode=osi&th=1&psc=1">View Product</a></div><div class="product"><a href="https://www.amazon.com/dp/B01IMEJV5U?tag=eloabder-20&linkCode=osi&th=1&psc=1"><img src="https://m.media-amazon.com/images/I/41q8gXtf06S._SL500_.jpg" alt="Product Image"></a><p>OGX Extra Creamy + Coconut Miracle Oil Ultra Moisture Body Wash, 19.5 Fl Oz</p><p>$6.57 ($0.34 / Fl Oz)</p><a href="https://www.amazon.com/dp/B01IMEJV5U?tag=eloabder-20&linkCode=osi&th=1&psc=1">View Product</a></div>
<div class="product"><a href="https://www.amazon.com/dp/B00A8S6HM4?tag=eloabder-20&linkCode=osi&th=1&psc=1"><img src="https://m.media-amazon.com/images/I/31tIssP5CQL._SL500_.jpg" alt="Product Image"></a><p>Gold Bond Healing Hand Cream, 3 oz., With Aloe, Moisture That Lasts Through Handwashing</p><p>$3.97 ($1.32 / Ounce)</p><a href="https://www.amazon.com/dp/B00A8S6HM4?tag=eloabder-20&linkCode=osi&th=1&psc=1">View Product</a></div><div class="product"><a href="https://www.amazon.com/dp/B006UEOQ5K?tag=eloabder-20&linkCode=osi&th=1&psc=1"><img src="https://m.media-amazon.com/images/I/316StCvRHcL._SL500_.jpg" alt="Product Image"></a><p>L’Occitane Shea Butter Hand Cream 5.1 Oz: Nourishes Very Dry Hands, Protects Skin, With 20% Organic Shea Butter, Vegan, 1 Sold Every 3 Seconds*</p><p>$27.00</p><a href="https://www.amazon.com/dp/B006UEOQ5K?tag=eloabder-20&linkCode=osi&th=1&psc=1">View Product</a></div><div class="product"><a href="https://www.amazon.com/dp/B00EYOSA9G?tag=eloabder-20&linkCode=osi&th=1&psc=1"><img src="https://m.media-amazon.com/images/I/41bhc+gcG0L._SL500_.jpg" alt="Product Image"></a><p>La Roche-Posay Cicaplast Hand Cream, Instant Relief Moisturizing Dry Hands Shea Butter Lotion for Dry Cracked Hands, Non Greasy, Fragrance Free, 1.69 Fl Oz (Pack of 1)</p><p>$11.99 ($7.05 / Fl Oz)</p><a href="https://www.amazon.com/dp/B00EYOSA9G?tag=eloabder-20&linkCode=osi&th=1&psc=1">View Product</a></div><div class="product"><a href="https://www.amazon.com/dp/B00BN2UF54?tag=eloabder-20&linkCode=osi&th=1&psc=1"><img src="https://m.media-amazon.com/images/I/41JdUlyNn5L._SL500_.jpg" alt="Product Image"></a><p>CeraVe Therapeutic Hand Cream for Dry Cracked Hands With Hyaluronic Acid and Niacinamide | Fragrance Free 3 Ounce</p><p>$10.47 ($3.49 / Ounce)</p><a href="https://www.amazon.com/dp/B00BN2UF54?tag=eloabder-20&linkCode=osi&th=1&psc=1">View Product</a></div><div class="product"><a href="https://www.amazon.com/dp/B09QP658PT?tag=eloabder-20&linkCode=osi&th=1&psc=1"><img src="https://m.media-amazon.com/images/I/31W-klVFPhL._SL500_.jpg" alt="Product Image"></a><p>eos Shea Better Hand Cream - Vanilla Cashmere | Instant Hydration + Lasting Protection | 2.5 oz</p><p>$3.97 ($1.59 / Fl Oz)</p><a href="https://www.amazon.com/dp/B09QP658PT?tag=eloabder-20&linkCode=osi&th=1&psc=1">View Product</a></div><div class="product"><a href="https://www.amazon.com/dp/B00121UVU0?tag=eloabder-20&linkCode=osi&th=1&psc=1"><img src="https://m.media-amazon.com/images/I/41eeed+P5BL._SL500_.jpg" alt="Product Image"></a><p>O'Keeffe's Working Hands Hand Cream for Extremely Dry, Cracked Hands, 3.4 Ounce Jar, (Pack 1)</p><p>$8.48 ($2.49 / Ounce)</p><a href="https://www.amazon.com/dp/B00121UVU0?tag=eloabder-20&linkCode=osi&th=1&psc=1">View Product</a></div><div class="product"><a href="https://www.amazon.com/dp/B0148PKYXU?tag=eloabder-20&linkCode=osi&th=1&psc=1"><img src="https://m.media-amazon.com/images/I/41cwut0DGKL._SL500_.jpg" alt="Product Image"></a><p>O'Keeffe's Working Hands Hand Cream, Relieves and Repairs Extremely Dry Hands, 3 oz Tube, (Pack of 2)</p><p>$15.17 ($2.53 / Ounce)</p><a href="https://www.amazon.com/dp/B0148PKYXU?tag=eloabder-20&linkCode=osi&th=1&psc=1">View Product</a></div><div class="product"><a href="https://www.amazon.com/dp/B08Q1B7DVZ?tag=eloabder-20&linkCode=osi&th=1&psc=1"><img src="https://m.media-amazon.com/images/I/41KbVXj2k4L._SL500_.jpg" alt="Product Image"></a><p>Neutrogena Norwegian Formula Moisturizing Hand Cream Formulated with Glycerin for Dry, Rough Hands, Fragrance-Free Intensive Hand Lotion, 2 oz, Pack of 6</p><p>$32.94 ($2.74 / Ounce)</p><a href="https://www.amazon.com/dp/B08Q1B7DVZ?tag=eloabder-20&linkCode=osi&th=1&psc=1">View Product</a></div><div class="product"><a href="https://www.amazon.com/dp/B002PK0ROM?tag=eloabder-20&linkCode=osi&th=1&psc=1"><img src="https://m.media-amazon.com/images/I/51ACxQvzcbL._SL500_.jpg" alt="Product Image"></a><p>Burt's Bees Almond & Milk Hand Cream, 2 Oz (Package May Vary)</p><p>$8.84 ($4.42 / Ounce)</p><a href="https://www.amazon.com/dp/B002PK0ROM?tag=eloabder-20&linkCode=osi&th=1&psc=1">View Product</a></div><div class="product"><a href="https://www.amazon.com/dp/B09YYZWSSY?tag=eloabder-20&linkCode=osi&th=1&psc=1"><img src="https://m.media-amazon.com/images/I/31iud1lgyFL._SL500_.jpg" alt="Product Image"></a><p>Gold Bond Age Renew Crepe Corrector Hand Cream, Replenishing & Smoothing Formula, 3 oz.</p><p>$5.98 ($1.99 / Ounce)</p><a href="https://www.amazon.com/dp/B09YYZWSSY?tag=eloabder-20&linkCode=osi&th=1&psc=1">View Product</a></div>
<div class="product"><a href="https://www.amazon.com/dp/B0002QB9NE?tag=eloabder-20&linkCode=osi&th=1&psc=1"><img src="https://m.media-amazon.com/images/I/416vf0q0uqL._SL500_.jpg" alt="Product Image"></a><p>O'Keeffe's for Healthy Feet Foot Cream, Guaranteed Relief for Extremely Dry, Cracked Feet, Instantly Boosts Moisture Levels, 3.2 Ounce Jar, (Pack of 1)</p><p>$9.01 ($2.82 / Ounce)</p><a href="https://www.amazon.com/dp/B0002QB9NE?tag=eloabder-20&linkCode=osi&th=1&psc=1">View Product</a></div><div class="product"><a href="https://www.amazon.com/dp/B082TSRP9J?tag=eloabder-20&linkCode=osi&th=1&psc=1"><img src="https://m.media-amazon.com/images/I/51coMhCd1ML._SL500_.jpg" alt="Product Image"></a><p>Ebanel Urea Cream 40% plus Salicylic Acid 2%, Foot Cream for Dry Cracked Heels Feet Knees Elbows Hands, Foot Dead Skin Cuticle Callus Remover Toenail Softener, Keratolytic Skin Barrier Repair Cream</p><p>$15.95 ($3.47 / Ounce)</p><a href="https://www.amazon.com/dp/B082TSRP9J?tag=eloabder-20&linkCode=osi&th=1&psc=1">View Product</a></div><div class="product"><a href="https://www.amazon.com/dp/B08YZBKZPB?tag=eloabder-20&linkCode=osi&th=1&psc=1"><img src="https://m.media-amazon.com/images/I/41ktbxpRfPL._SL500_.jpg" alt="Product Image"></a><p>Dr. Scholl's Dry, Cracked Foot Repair Ultra-Hydrating Foot Cream Moisturizer, 3.5 oz, Skin Care Foot Lotion with 25% Urea for Dry Cracked Feet, Heals and Moisturizes for Healthy Feet</p><p>$5.89 ($1.68 / Ounce)</p><a href="https://www.amazon.com/dp/B08YZBKZPB?tag=eloabder-20&linkCode=osi&th=1&psc=1">View Product</a></div><div class="product"><a href="https://www.amazon.com/dp/B0859JFWDT?tag=eloabder-20&linkCode=osi&th=1&psc=1"><img src="https://m.media-amazon.com/images/I/51JZjw73KSL._SL500_.jpg" alt="Product Image"></a><p>New York Biology Tea Tree Oil Foot Cream for Dry Cracked Feet, Athletes Foot, Nail Fungus, Jock Itch, Ringworm, Cracked Heels and Itchy Skin - Foot Cream - 8 oz</p><p>$9.99 ($1.25 / Ounce)</p><a href="https://www.amazon.com/dp/B0859JFWDT?tag=eloabder-20&linkCode=osi&th=1&psc=1">View Product</a></div><div class="product"><a href="https://www.amazon.com/dp/B09854CPGD?tag=eloabder-20&linkCode=osi&th=1&psc=1"><img src="https://m.media-amazon.com/images/I/31CmRbfOBBL._SL500_.jpg" alt="Product Image"></a><p>OUKEYA Urea Cream 40 Percent, Urea Foot & Hand Cream for Dry Cracked, 40 per Urea Lotion for Feet Maximum Strength</p><p>$9.59 ($1.81 / Ounce)</p><a href="https://www.amazon.com/dp/B09854CPGD?tag=eloabder-20&linkCode=osi&th=1&psc=1">View Product</a></div><div class="product"><a href="https://www.amazon.com/dp/B0081C2I22?tag=eloabder-20&linkCode=osi&th=1&psc=1"><img src="https://m.media-amazon.com/images/I/41f3N9+RSFL._SL500_.jpg" alt="Product Image"></a><p>Palmer's Cocoa Butter Formula Foot Magic Moisturizing Foot Cream for Dry, Cracked Heels, Feet Moisturizer with Peppermint Oil & Vitamin E, 2.1 Ounces</p><p>$4.22 ($2.01 / Ounce)</p><a href="https://www.amazon.com/dp/B0081C2I22?tag=eloabder-20&linkCode=osi&th=1&psc=1">View Product</a></div><div class="product"><a href="https://www.amazon.com/dp/B072VSYFNY?tag=eloabder-20&linkCode=osi&th=1&psc=1"><img src="https://m.media-amazon.com/images/I/41mzQGUdFmL._SL500_.jpg" alt="Product Image"></a><p>O'Keeffe's Healthy Feet Intense Renewal Cream with Alpha Hydroxy Acid, Softens and Exfoliates Extremely Dry, Callused Feet, 3oz Tube (Pack of 1)</p><p>$8.77 ($2.92 / Ounce)</p><a href="https://www.amazon.com/dp/B072VSYFNY?tag=eloabder-20&linkCode=osi&th=1&psc=1">View Product</a></div><div class="product"><a href="https://www.amazon.com/dp/B087N7QYN1?tag=eloabder-20&linkCode=osi&th=1&psc=1"><img src="https://m.media-amazon.com/images/I/41AOHWv5UaL._SL500_.jpg" alt="Product Image"></a><p>O'Keeffe's for Healthy Feet Foot Cream, Guaranteed Relief for Extremely Dry, Cracked Feet, Instantly Boosts Moisture Levels, 6.4 Ounce Jar, Value Size, (Pack of 1)</p><p>$15.09 ($2.36 / Ounce)</p><a href="https://www.amazon.com/dp/B087N7QYN1?tag=eloabder-20&linkCode=osi&th=1&psc=1">View Product</a></div><div class="product"><a href="https://www.amazon.com/dp/B07CKKQWSN?tag=eloabder-20&linkCode=osi&th=1&psc=1"><img src="https://m.media-amazon.com/images/I/513WcwplzkL._SL500_.jpg" alt="Product Image"></a><p>Profoot Heel Rescue Foot Cream 16 Ounce Bottle, 2 Pack, for Cracked, Calloused or Chapped Skin</p><p>$13.92 ($0.44 / Ounce)</p><a href="https://www.amazon.com/dp/B07CKKQWSN?tag=eloabder-20&linkCode=osi&th=1&psc=1">View Product</a></div>
<div class="product"><a href="https://www.amazon.com/dp/B0CS2XBMG5?tag=eloabder-20&linkCode=osi&th=1&psc=1"><img src="https://m.media-amazon.com/images/I/41SVGjvtkXL._SL500_.jpg" alt="Product Image"></a><p>SAVILAND Natural Cuticle Oil Pen: 12PCS Revitalizing Cuticle Oil for Nails with Vitamin E For Repair Cuticles Overnight Cuticle Softener Nail Strengthener Protector for Damaged Skin Thin Nail</p><p>$9.99 ($9.99 / Fl Oz)</p><a href="https://www.amazon.com/dp/B0CS2XBMG5?tag=eloabder-20&linkCode=osi&th=1&psc=1">View Product</a></div><div class="product"><a href="https://www.amazon.com/dp/B0037MIMLW?tag=eloabder-20&linkCode=osi&th=1&psc=1"><img src="https://m.media-amazon.com/images/I/41M3z8vrUzL._SL500_.jpg" alt="Product Image"></a><p>CND SolarOil Cuticle Oil, Natural Blend Of Jojoba, Vitamin E, Rice Bran and Sweet Almond Oils, Moisturizes and Conditions Skin, Pack Of 1, 0.25 oz.</p><p>$9.90 ($49.50 / Fl Oz)</p><a href="https://www.amazon.com/dp/B0037MIMLW?tag=eloabder-20&linkCode=osi&th=1&psc=1">View Product</a></div><div class="product"><a href="https://www.amazon.com/dp/B09K3VX6XB?tag=eloabder-20&linkCode=osi&th=1&psc=1"><img src="https://m.media-amazon.com/images/I/41KQk0SauIL._SL500_.jpg" alt="Product Image"></a><p>modelones Cuticle Oil for Nails 15ml Natural Nail Oil for Growth and Strength Damaged Nails Vitamin E Revitalizing Essential Oils Cuticle Care</p><p>$8.99 ($17.63 / Fl Oz)</p><a href="https://www.amazon.com/dp/B09K3VX6XB?tag=eloabder-20&linkCode=osi&th=1&psc=1">View Product</a></div><div class="product"><a href="https://www.amazon.com/dp/B072C4GT6P?tag=eloabder-20&linkCode=osi&th=1&psc=1"><img src="https://m.media-amazon.com/images/I/31AcTRIcNCL._SL500_.jpg" alt="Product Image"></a><p>OPI ProSpa Nail and Cuticle Oil To Go, 0.25 fl oz</p><p>$11.49 ($45.96 / Fl Oz)</p><a href="https://www.amazon.com/dp/B072C4GT6P?tag=eloabder-20&linkCode=osi&th=1&psc=1">View Product</a></div><div class="product"><a href="https://www.amazon.com/dp/B0725XWF6R?tag=eloabder-20&linkCode=osi&th=1&psc=1"><img src="https://m.media-amazon.com/images/I/3167QE6enxL._SL500_.jpg" alt="Product Image"></a><p>OPI ProSpa Nail and Cuticle Oil, 0.29 fl oz</p><p>$10.82 ($37.31 / Fl Oz)</p><a href="https://www.amazon.com/dp/B0725XWF6R?tag=eloabder-20&linkCode=osi&th=1&psc=1">View Product</a></div><div class="product"><a href="https://www.amazon.com/dp/B0CN65Q5LD?tag=eloabder-20&linkCode=osi&th=1&psc=1"><img src="https://m.media-amazon.com/images/I/41ixcyjMHNL._SL500_.jpg" alt="Product Image"></a><p>NXJ INFILILA Cuticle Oil Bulk 3.3 Fl Oz, 100Pcs Mini Cuticle Oil for Nails, Hydrating Cuticle Care Product Ttravel Size for Repaired Cuticles Overnight, Cuticle Repair and Nail Care (Milk & Honey)</p><p>$9.99 ($0.10 / Count)</p><a href="https://www.amazon.com/dp/B0CN65Q5LD?tag=eloabder-20&linkCode=osi&th=1&psc=1">View Product</a></div><div class="product"><a href="https://www.amazon.com/dp/B0B29JZ5KL?tag=eloabder-20&linkCode=osi&th=1&psc=1"><img src="https://m.media-amazon.com/images/I/41c+VvEUnZL._SL500_.jpg" alt="Product Image"></a><p>C CARE Lavender and chamomile Cuticle Oil For Nails - Repairs Cuticles Overnight - Moisturizes and Strengthens Nails and Cuticles - Dropper & Brush included - 2.5oz</p><p>$9.99 ($4.00 / Fl Oz)</p><a href="https://www.amazon.com/dp/B0B29JZ5KL?tag=eloabder-20&linkCode=osi&th=1&psc=1">View Product</a></div>
<div class="product"><a href="https://www.amazon.com/dp/B0CMHSNYG8?tag=eloabder-20&linkCode=osi&th=1&psc=1"><img src="https://m.media-amazon.com/images/I/51iVcKQ6eIL._SL500_.jpg" alt="Product Image"></a><p>JODSONE Gel Nail Set 20 Colors High Shine Gorgeous Gel Polish Base Top Matte Coat Nice Gifts Show Charm</p><p>$19.99</p><a href="https://www.amazon.com/dp/B0CMHSNYG8?tag=eloabder-20&linkCode=osi&th=1&psc=1">View Product</a></div><div class="product"><a href="https://www.amazon.com/dp/B09KC56289?tag=eloabder-20&linkCode=osi&th=1&psc=1"><img src="https://m.media-amazon.com/images/I/51M-P1nM7QL._SL500_.jpg" alt="Product Image"></a><p>JODSONE 36 PCS Gel Nail Polish Set-32 Colors Gel Polish Kit Base Coat Glossy Matte and Glitter Top Coat Nail Polish Set Green Blue Red Pink Collection Gifts for Women</p><p>$25.99</p><a href="https://www.amazon.com/dp/B09KC56289?tag=eloabder-20&linkCode=osi&th=1&psc=1">View Product</a></div><div class="product"><a href="https://www.amazon.com/dp/B0987JZSP8?tag=eloabder-20&linkCode=osi&th=1&psc=1"><img src="https://m.media-amazon.com/images/I/31VZYZfCKbL._SL500_.jpg" alt="Product Image"></a><p>OPI Nature Strong Vegan Nail Polish, Knowledge is Flower, Pink Nail Polish, Natural Origin, Cruelty-Free Nail Lacquer, 0.5 fl oz.</p><p>$12.99 ($25.98 / Fl Oz)</p><a href="https://www.amazon.com/dp/B0987JZSP8?tag=eloabder-20&linkCode=osi&th=1&psc=1">View Product</a></div><div class="product"><a href="https://www.amazon.com/dp/B00GXVVDG0?tag=eloabder-20&linkCode=osi&th=1&psc=1"><img src="https://m.media-amazon.com/images/I/21vF-y2FfJL._SL500_.jpg" alt="Product Image"></a><p>Essie Nail Polish, Salon-Quality, 8-free Vegan, Finish, Mademoiselle, 0.46 Ounces (Packaging May Vary) Sheer Pink</p><p>$8.97</p><a href="https://www.amazon.com/dp/B00GXVVDG0?tag=eloabder-20&linkCode=osi&th=1&psc=1">View Product</a></div><div class="product"><a href="https://www.amazon.com/dp/B00149RO2S?tag=eloabder-20&linkCode=osi&th=1&psc=1"><img src="https://m.media-amazon.com/images/I/411K8WtBjML._SL500_.jpg" alt="Product Image"></a><p>OPI Nail Lacquer, Black Cherry Chutney, Red Nail Polish, 0.5 fl oz</p><p>$11.99 ($23.98 / Fl Oz)</p><a href="https://www.amazon.com/dp/B00149RO2S?tag=eloabder-20&linkCode=osi&th=1&psc=1">View Product</a></div>
<div class="product"><a href="https://www.amazon.com/dp/B07TLZDSWR?tag=eloabder-20&linkCode=osi&th=1&psc=1"><img src="https://m.media-amazon.com/images/I/31lsbbYkXFL._SL500_.jpg" alt="Product Image"></a><p>Pronto 100% Pure Acetone - Quick, Professional Nail Polish Remover - For Natural, Gel, Acrylic, Sculptured Nails (8 FL. OZ.)</p><p>$9.99 ($1.25 / Fl Oz)</p><a href="https://www.amazon.com/dp/B07TLZDSWR?tag=eloabder-20&linkCode=osi&th=1&psc=1">View Product</a></div><div class="product"><a href="https://www.amazon.com/dp/B08N2XBP1D?tag=eloabder-20&linkCode=osi&th=1&psc=1"><img src="https://m.media-amazon.com/images/I/41SDa89WDxL._SL500_.jpg" alt="Product Image"></a><p>Mineral Fusion Nail Polish Remover, 6 fl oz, 2 count</p><p>$16.50</p><a href="https://www.amazon.com/dp/B08N2XBP1D?tag=eloabder-20&linkCode=osi&th=1&psc=1">View Product</a></div><div class="product"><a href="https://www.amazon.com/dp/B004KJ7AGE?tag=eloabder-20&linkCode=osi&th=1&psc=1"><img src="https://m.media-amazon.com/images/I/41jL3jJJEEL._SL500_.jpg" alt="Product Image"></a><p>Super Nail Pure Acetone Polish Remover, 8 Fl Oz</p><p>$6.25</p><a href="https://www.amazon.com/dp/B004KJ7AGE?tag=eloabder-20&linkCode=osi&th=1&psc=1">View Product</a></div><div class="product"><a href="https://www.amazon.com/dp/B0CQLWZGQC?tag=eloabder-20&linkCode=osi&th=1&psc=1"><img src="https://m.media-amazon.com/images/I/51RNLfN+X4L._SL500_.jpg" alt="Product Image"></a><p>Morovan Gel Nail Polish Remover Kit: Gel Polish Remover for Nails with Liquid Latex Tape Peel off Nail Strengthener Cuticle Pusher Quick & Easy Gel Remover for Nails in 3-5 mins No Soaking Or Wrapping</p><p>$9.99</p><a href="https://www.amazon.com/dp/B0CQLWZGQC?tag=eloabder-20&linkCode=osi&th=1&psc=1">View Product</a></div><div class="product"><a href="https://www.amazon.com/dp/B09Z2V94LY?tag=eloabder-20&linkCode=osi&th=1&psc=1"><img src="https://m.media-amazon.com/images/I/41aI3wwnE3L._SL500_.jpg" alt="Product Image"></a><p>Gel Nail Polish Remover 1pcs, Professional Gel Polish Remover for Nails, No Need for Foil, Quick & Easy Polish Remover In 2-3 Minutes, No Need Soaking Or Wrapping-15ml</p><p>$9.99</p><a href="https://www.amazon.com/dp/B09Z2V94LY?tag=eloabder-20&linkCode=osi&th=1&psc=1">View Product</a></div><div class="product"><a href="https://www.amazon.com/dp/B07STW4VR3?tag=eloabder-20&linkCode=osi&th=1&psc=1"><img src="https://m.media-amazon.com/images/I/41H-8Xsu7OL._SL500_.jpg" alt="Product Image"></a><p>Butter LONDON Nail Polish Remover Pads, Nail Scrubbers (10 Count) - 2-in-1 Prep & Lacquer Remover Nail Wipes - Travel-Friendly Gel Fingernail Polish Remover - Cruelty-Free, Paraben-Free & Gluten-Free</p><p>$10.00 ($1.00 / Count)</p><a href="https://www.amazon.com/dp/B07STW4VR3?tag=eloabder-20&linkCode=osi&th=1&psc=1">View Product</a></div><div class="product"><a href="https://www.amazon.com/dp/B001DTZK0C?tag=eloabder-20&linkCode=osi&th=1&psc=1"><img src="https://m.media-amazon.com/images/I/31H2xmoYh2L._SL500_.jpg" alt="Product Image"></a><p>ZOYA Remove Plus 3 in 1 Formula - Liquid Polish Remover, Nail Cleaner, Nail Prep, 8 Fl Oz</p><p>$12.00 ($1.50 / Fl Oz)</p><a href="https://www.amazon.com/dp/B001DTZK0C?tag=eloabder-20&linkCode=osi&th=1&psc=1">View Product</a></div>
<div class="product"><a href="https://www.amazon.com/dp/B07F12SZDS?tag=eloabder-20&linkCode=osi&th=1&psc=1"><img src="https://m.media-amazon.com/images/I/415-o2OwWqL._SL500_.jpg" alt="Product Image"></a><p>Beetles 2 Pcs 15ml No Wipe Gel Top Coat and Base Coat Set - Shine Finish and Long Lasting, Soak Off LED Nail Lamp Gel Base Top Coat Finish Nail Art Design Manicure Gifts for Women</p><p>$7.99</p><a href="https://www.amazon.com/dp/B07F12SZDS?tag=eloabder-20&linkCode=osi&th=1&psc=1">View Product</a></div><div class="product"><a href="https://www.amazon.com/dp/B004220C6E?tag=eloabder-20&linkCode=osi&th=1&psc=1"><img src="https://m.media-amazon.com/images/I/41UDx4gfvEL._SL500_.jpg" alt="Product Image"></a><p>OPI Natural Nail Base Coat, Nail Polish Base Coat, 0.5 fl oz</p><p>$11.99 ($23.98 / Fl Oz)</p><a href="https://www.amazon.com/dp/B004220C6E?tag=eloabder-20&linkCode=osi&th=1&psc=1">View Product</a></div><div class="product"><a href="https://www.amazon.com/dp/B07KYNY7C4?tag=eloabder-20&linkCode=osi&th=1&psc=1"><img src="https://m.media-amazon.com/images/I/41nRG35oupL._SL500_.jpg" alt="Product Image"></a><p>essie nail care, vegan, clear base coat, strengthener, Strong Start, 0.46 fl oz</p><p>$9.28</p><a href="https://www.amazon.com/dp/B07KYNY7C4?tag=eloabder-20&linkCode=osi&th=1&psc=1">View Product</a></div><div class="product"><a href="https://www.amazon.com/dp/B0BX77172B?tag=eloabder-20&linkCode=osi&th=1&psc=1"><img src="https://m.media-amazon.com/images/I/41NS6hYFFYL._SL500_.jpg" alt="Product Image"></a><p>beetles Gel Polish Gel No Wipe Base Coat,15ml for Gel Nail Polish Soak Off LED Nail Lamp Gel Base Coat Upgraded Formula Long-Lasting DIY Home and Nail Salon</p><p>$6.99 ($13.71 / Fl Oz)</p><a href="https://www.amazon.com/dp/B0BX77172B?tag=eloabder-20&linkCode=osi&th=1&psc=1">View Product</a></div><div class="product"><a href="https://www.amazon.com/dp/B0BD4MMFVM?tag=eloabder-20&linkCode=osi&th=1&psc=1"><img src="https://m.media-amazon.com/images/I/414wIShbm+L._SL500_.jpg" alt="Product Image"></a><p>GAOY 16ml 2 Pcs Glassy Gel Top Coat and Base Coat Set,No Wipe Foundation Combination for UV Light Cure Nail Polish</p><p>$6.99</p><a href="https://www.amazon.com/dp/B0BD4MMFVM?tag=eloabder-20&linkCode=osi&th=1&psc=1">View Product</a></div><div class="product"><a href="https://www.amazon.com/dp/B08Z7JSXQ1?tag=eloabder-20&linkCode=osi&th=1&psc=1"><img src="https://m.media-amazon.com/images/I/41+02CKnU7L._SL500_.jpg" alt="Product Image"></a><p>modelones 2024 Upgrade Super Shiny Gel Top Coat, 15ml No Wipe Clear Glossy Gel Base and Top Coat Set, Soak Off Nail Lamp Acid Free Base Top Gel Nail Polish Starter Kit</p><p>$6.35</p><a href="https://www.amazon.com/dp/B08Z7JSXQ1?tag=eloabder-20&linkCode=osi&th=1&psc=1">View Product</a></div><div class="product"><a href="https://www.amazon.com/dp/B00770JW9Q?tag=eloabder-20&linkCode=osi&th=1&psc=1"><img src="https://m.media-amazon.com/images/I/41l5O38NktL._SL500_.jpg" alt="Product Image"></a><p>Seche Clear and Seche Vite, Base Coat and Top Coat for Nail Polish</p><p>$9.99</p><a href="https://www.amazon.com/dp/B00770JW9Q?tag=eloabder-20&linkCode=osi&th=1&psc=1">View Product</a></div><div class="product"><a href="https://www.amazon.com/dp/B07FXR67KP?tag=eloabder-20&linkCode=osi&th=1&psc=1"><img src="https://m.media-amazon.com/images/I/41TDlHtLVPL._SL500_.jpg" alt="Product Image"></a><p>Vishine 15ml No Wipe Top Coat Base Coat Soak off UV LED Drying Long Lasting Shiny Nail Varnish Set</p><p>$8.99</p><a href="https://www.amazon.com/dp/B07FXR67KP?tag=eloabder-20&linkCode=osi&th=1&psc=1">View Product</a></div><div class="product"><a href="https://www.amazon.com/dp/B000VUT39S?tag=eloabder-20&linkCode=osi&th=1&psc=1"><img src="https://m.media-amazon.com/images/I/31XB8+yUKnL._SL500_.jpg" alt="Product Image"></a><p>Orly Base Nail Coat, Bonder, 0.6 Ounce</p><p>$8.00 ($13.33 / Fl Oz)</p><a href="https://www.amazon.com/dp/B000VUT39S?tag=eloabder-20&linkCode=osi&th=1&psc=1">View Product</a></div>
<div class="product"><a href="https://www.amazon.com/dp/B08VZ6VSJ5?tag=eloabder-20&linkCode=osi&th=1&psc=1"><img src="https://m.media-amazon.com/images/I/317piUMa1pL._SL500_.jpg" alt="Product Image"></a><p>KUPA GelFinity - Soak Off Gel - Top Coat Glossy Finish (No-Wipe) 0.5 Fl Oz</p><p>$7.79 ($15.58 / Fl Oz)</p><a href="https://www.amazon.com/dp/B08VZ6VSJ5?tag=eloabder-20&linkCode=osi&th=1&psc=1">View Product</a></div><div class="product"><a href="https://www.amazon.com/dp/B0CHBB9S4J?tag=eloabder-20&linkCode=osi&th=1&psc=1"><img src="https://m.media-amazon.com/images/I/41qRu1votRL._SL500_.jpg" alt="Product Image"></a><p>beetles Gel Polish 2Pcs 15ml No Wipe Top Coat High Gloss Shiny Long-Lasting Clear Gel Top Coat, Soak Off Nail Lamp Nail Gel, Home DIY Professional Manicure and Nail Salon</p><p>$9.98 ($9.78 / Fl Oz)</p><a href="https://www.amazon.com/dp/B0CHBB9S4J?tag=eloabder-20&linkCode=osi&th=1&psc=1">View Product</a></div><div class="product"><a href="https://www.amazon.com/dp/B07FG7ZVFF?tag=eloabder-20&linkCode=osi&th=1&psc=1"><img src="https://m.media-amazon.com/images/I/41zWBPeG5RL._SL500_.jpg" alt="Product Image"></a><p>beetles Gel Polish No Wipe Gel Top Coat - Clear Color Gel Shine Finish and Long Lasting, Soak Off Nail Lamp Gel, 15ml Gift for Girls</p><p>$6.99 ($13.71 / Fl Oz)</p><a href="https://www.amazon.com/dp/B07FG7ZVFF?tag=eloabder-20&linkCode=osi&th=1&psc=1">View Product</a></div><div class="product"><a href="https://www.amazon.com/dp/B08J9WZB29?tag=eloabder-20&linkCode=osi&th=1&psc=1"><img src="https://m.media-amazon.com/images/I/31WQqYx1BLL._SL500_.jpg" alt="Product Image"></a><p>Vishine Top Coat- 15ML No Wipe Top Coat Gel Nail Polish High Gloss Shine Finish Long Lasting Home DIY Professional Manicure</p><p>$6.99 ($13.98 / Fl Oz)</p><a href="https://www.amazon.com/dp/B08J9WZB29?tag=eloabder-20&linkCode=osi&th=1&psc=1">View Product</a></div><div class="product"><a href="https://www.amazon.com/dp/B00178VX50?tag=eloabder-20&linkCode=osi&th=1&psc=1"><img src="https://m.media-amazon.com/images/I/31MWdGSTydL._SL500_.jpg" alt="Product Image"></a><p>OPI Top Coat, Protective High Gloss Shine Nail Polish Top Coat, 0.5 fl oz</p><p>$11.99 ($0.80 / millilitre)</p><a href="https://www.amazon.com/dp/B00178VX50?tag=eloabder-20&linkCode=osi&th=1&psc=1">View Product</a></div><div class="product"><a href="https://www.amazon.com/dp/B00150LT40?tag=eloabder-20&linkCode=osi&th=1&psc=1"><img src="https://m.media-amazon.com/images/I/410pKBFvS9L._SL500_.jpg" alt="Product Image"></a><p>Seche Vite Dry Fast Top Coat - .5 fl oz</p><p>$7.05</p><a href="https://www.amazon.com/dp/B00150LT40?tag=eloabder-20&linkCode=osi&th=1&psc=1">View Product</a></div>
<div class="product"><a href="https://www.amazon.com/dp/B000052WZD?tag=eloabder-20&linkCode=osi&th=1&psc=1"><img src="https://m.media-amazon.com/images/I/31neIP1eUnL._SL500_.jpg" alt="Product Image"></a><p>Trim Nail Files, 2 Count – Dual-Sided Nail Board with 280/320 Grit – Cushioned, Easy Grip for Comfortable Use – Emery Boards for Smoothing & Finishing Nails</p><p>$1.89 ($0.94 / Count)</p><a href="https://www.amazon.com/dp/B000052WZD?tag=eloabder-20&linkCode=osi&th=1&psc=1">View Product</a></div><div class="product"><a href="https://www.amazon.com/dp/B007242LWC?tag=eloabder-20&linkCode=osi&th=1&psc=1"><img src="https://m.media-amazon.com/images/I/41+E1EwskpS._SL500_.jpg" alt="Product Image"></a><p>3 Swords Germany - Brand Quality Double Sided (fine & coarse) Sapphire Metal Pocket Nail File (1 Piece), Made in Solingen Germany</p><p>$9.95</p><a href="https://www.amazon.com/dp/B007242LWC?tag=eloabder-20&linkCode=osi&th=1&psc=1">View Product</a></div><div class="product"><a href="https://www.amazon.com/dp/B0017KCQ2W?tag=eloabder-20&linkCode=osi&th=1&psc=1"><img src="https://m.media-amazon.com/images/I/21bzfUjSMwL._SL500_.jpg" alt="Product Image"></a><p>Revlon Nail Buffer, Gifts for Women, Stocking Stuffers, Shape 'N' Buff Nail File & Buffer, Nail Care Tool, All-in-One Shaping & Buffing, Easy to Use (Pack of 1)</p><p>$3.76</p><a href="https://www.amazon.com/dp/B0017KCQ2W?tag=eloabder-20&linkCode=osi&th=1&psc=1">View Product</a></div>
<div class="product"><a href="https://www.amazon.com/dp/B07M5RNH4Z?tag=eloabder-20&linkCode=osi&th=1&psc=1"><img src="https://m.media-amazon.com/images/I/41VsLZvsbKL._SL500_.jpg" alt="Product Image"></a><p>HAWATOUR Nail Clippers Set, Ultra Sharp Sturdy Fingernail and Toenail Clipper Cutters with Visibly Tin Case, Black</p><p>$9.97</p><a href="https://www.amazon.com/dp/B07M5RNH4Z?tag=eloabder-20&linkCode=osi&th=1&psc=1">View Product</a></div><div class="product"><a href="https://www.amazon.com/dp/B0015HKN3G?tag=eloabder-20&linkCode=osi&th=1&psc=1"><img src="https://m.media-amazon.com/images/I/31Y23jebqxL._SL500_.jpg" alt="Product Image"></a><p>Revlon Nail Clipper, Gifts for Men & Women, Stocking Stuffers, Nail Care Tools, Curved Blade & Foldaway Nail File for Trimming & Grooming, Easy to Use (Pack of 1)</p><p>$2.98</p><a href="https://www.amazon.com/dp/B0015HKN3G?tag=eloabder-20&linkCode=osi&th=1&psc=1">View Product</a></div><div class="product"><a href="https://www.amazon.com/dp/B00CRMHEJE?tag=eloabder-20&linkCode=osi&th=1&psc=1"><img src="https://m.media-amazon.com/images/I/41UM1wHFbiL._SL500_.jpg" alt="Product Image"></a><p>Tweezerman Stainless Steel Nail Combo Set with Fingernail and Toenail Clippers</p><p>$11.98</p><a href="https://www.amazon.com/dp/B00CRMHEJE?tag=eloabder-20&linkCode=osi&th=1&psc=1">View Product</a></div><div class="product"><a href="https://www.amazon.com/dp/B09VPM99J8?tag=eloabder-20&linkCode=osi&th=1&psc=1"><img src="https://m.media-amazon.com/images/I/31t5pEdSClL._SL500_.jpg" alt="Product Image"></a><p>Amazon Basics Nail Clippers 2-Pack, Black</p><p>$5.18</p><a href="https://www.amazon.com/dp/B09VPM99J8?tag=eloabder-20&linkCode=osi&th=1&psc=1">View Product</a></div><div class="product"><a href="https://www.amazon.com/dp/B004NZDY42?tag=eloabder-20&linkCode=osi&th=1&psc=1"><img src="https://m.media-amazon.com/images/I/31ehL-AtFBL._SL500_.jpg" alt="Product Image"></a><p>Revlon Mini Nail Clipper, Nail Care Tools, Curved Blade for Trimming & Grooming, Easy to Use (Pack of 1)</p><p>$2.98</p><a href="https://www.amazon.com/dp/B004NZDY42?tag=eloabder-20&linkCode=osi&th=1&psc=1">View Product</a></div>

<div class="product"><a href="https://www.amazon.com/dp/B0037O2J7I?tag=eloabder-20&linkCode=osi&th=1&psc=1"><img src="https://m.media-amazon.com/images/I/31fwHgXkJ7L._SL500_.jpg" alt="Product Image"></a><p>4 Way Shiny Block / 4 Step Buffing Block Shine Nail Buffer</p><p>$3.99 ($3.99 / Count)</p><a href="https://www.amazon.com/dp/B0037O2J7I?tag=eloabder-20&linkCode=osi&th=1&psc=1">View Product</a></div>

<div class="product"><a href="https://www.amazon.com/dp/B0BRRLF5N6?tag=eloabder-20&linkCode=osi&th=1&psc=1"><img src="https://m.media-amazon.com/images/I/51YW58bcDsL._SL500_.jpg" alt="Product Image"></a><p>Foot Soak Set Pedicure Kit Foot Spa Callus Remover for Feet Cuticle Remover Foot File for Dead Skin Pink Salt Urea Cream for Feet Aloe Lavender Pedicure Supplies Dry Cracked Feet for Women Men</p><p>$15.99</p><a href="https://www.amazon.com/dp/B0BRRLF5N6?tag=eloabder-20&linkCode=osi&th=1&psc=1">View Product</a></div><div class="product"><a href="https://www.amazon.com/dp/B09JWMBYJN?tag=eloabder-20&linkCode=osi&th=1&psc=1"><img src="https://m.media-amazon.com/images/I/51FgTeeSJKL._SL500_.jpg" alt="Product Image"></a><p>nbc BeautiLab Pedicure Kit Foot Soak Set: Bubble Salt, Sugar Scrub, Massage Mask, Massage Lotion in a Box, 4 Step Foot Spa Kit for Dry Feet, Softens Calluses, Tired Feet（3 Set Lavender)</p><p>$16.99 ($1.42 / Ounce)</p><a href="https://www.amazon.com/dp/B09JWMBYJN?tag=eloabder-20&linkCode=osi&th=1&psc=1">View Product</a></div>
<div class="product"><a href="https://www.amazon.com/dp/B07BHCB9Y2?tag=eloabder-20&linkCode=osi&th=1&psc=1"><img src="https://m.media-amazon.com/images/I/51V47D7WZ1L._SL500_.jpg" alt="Product Image"></a><p>PURA D'OR Anti-Thinning Biotin Shampoo & Deep Moisturizing Conditioner Original Gold Label Set (16Oz x2) Natural Earthy Scent, Clinically Tested Proven Results, DHT Blocker Thickening, For Women & Men</p><p>$39.99 ($1.25 / Fl Oz)</p><a href="https://www.amazon.com/dp/B07BHCB9Y2?tag=eloabder-20&linkCode=osi&th=1&psc=1">View Product</a></div><div class="product"><a href="https://www.amazon.com/dp/B07N7MWX72?tag=eloabder-20&linkCode=osi&th=1&psc=1"><img src="https://m.media-amazon.com/images/I/414aNTDFuRL._SL500_.jpg" alt="Product Image"></a><p>Mielle Organics Rosemary Mint Strengthening Shampoo Infused with Biotin, Cleanses and Helps Strengthen Weak and Brittle Hair, 12 Ounces</p><p>$9.97 ($0.83 / Fl Oz)</p><a href="https://www.amazon.com/dp/B07N7MWX72?tag=eloabder-20&linkCode=osi&th=1&psc=1">View Product</a></div><div class="product"><a href="https://www.amazon.com/dp/B08SSM21R4?tag=eloabder-20&linkCode=osi&th=1&psc=1"><img src="https://m.media-amazon.com/images/I/31WbRm+ZKEL._SL500_.jpg" alt="Product Image"></a><p>Redken All Soft Shampoo | Deeply Moisturizes and Hydrates | Softens, Smooths, and Adds Shine | Safe for Color-Treated Hair | Nourishing Shampoo for Dry Hair | With Argan Oil</p><p>$26.00 ($2.57 / Fl Oz)</p><a href="https://www.amazon.com/dp/B08SSM21R4?tag=eloabder-20&linkCode=osi&th=1&psc=1">View Product</a></div><div class="product"><a href="https://www.amazon.com/dp/B00ADRH2OM?tag=eloabder-20&linkCode=osi&th=1&psc=1"><img src="https://m.media-amazon.com/images/I/413WPcPNDbL._SL500_.jpg" alt="Product Image"></a><p>OGX Thick & Full + Biotin & Collagen Volumizing Shampoo, Nutrient-Infused Hair Shampoo with Vitamin B7 Biotin Gives Hair Volume & Body for 72+ Hours, Sulfate-Free Surfactants, 13 fl. oz</p><p>$6.97 ($0.54 / Fl Oz)</p><a href="https://www.amazon.com/dp/B00ADRH2OM?tag=eloabder-20&linkCode=osi&th=1&psc=1">View Product</a></div><div class="product"><a href="https://www.amazon.com/dp/B01ENCBOA0?tag=eloabder-20&linkCode=osi&th=1&psc=1"><img src="https://m.media-amazon.com/images/I/41wcbs9bSAL._SL500_.jpg" alt="Product Image"></a><p>Rosemary and Biotin Shampoo for Thinning Hair - Vegan Volumizing Shampoo for Fine Hair with Argan and Tea Tree Oil - Paraben Silicone and Sulfate Free Shampoo for Dry Damaged Weak and Thin Hair Care</p><p>$12.95 ($1.62 / Fl Oz)</p><a href="https://www.amazon.com/dp/B01ENCBOA0?tag=eloabder-20&linkCode=osi&th=1&psc=1">View Product</a></div><div class="product"><a href="https://www.amazon.com/dp/B00FH692PQ?tag=eloabder-20&linkCode=osi&th=1&psc=1"><img src="https://m.media-amazon.com/images/I/41Sqc25WpzL._SL500_.jpg" alt="Product Image"></a><p>PURA D'OR Original Gold Label Anti-Thinning Biotin Shampoo Natural Earthy Scent, Clinically Tested Proven Results, Herbal DHT Blocker Hair Thickening Products For Women & Men, Color Treated Hair, 16oz</p><p>$29.99 ($1.87 / Fl Oz)</p><a href="https://www.amazon.com/dp/B00FH692PQ?tag=eloabder-20&linkCode=osi&th=1&psc=1">View Product</a></div><div class="product"><a href="https://www.amazon.com/dp/B07D37PQGL?tag=eloabder-20&linkCode=osi&th=1&psc=1"><img src="https://m.media-amazon.com/images/I/31+tZhs5TNL._SL500_.jpg" alt="Product Image"></a><p>Olaplex No. 4 Bond Maintenance Shampoo, Repairs, Strengthens, & Nourishes All Hair Types, Adds Shine & Leaves Hair Feeling Soft, 8.5 fl oz</p><p>$30.00 ($3.53 / Fl Oz)</p><a href="https://www.amazon.com/dp/B07D37PQGL?tag=eloabder-20&linkCode=osi&th=1&psc=1">View Product</a></div><div class="product"><a href="https://www.amazon.com/dp/B07525QJC8?tag=eloabder-20&linkCode=osi&th=1&psc=1"><img src="https://m.media-amazon.com/images/I/31Zl6Upjq4S._SL500_.jpg" alt="Product Image"></a><p>L'Oreal Paris Elvive Total Repair 5 Repairing Shampoo for Damaged Hair Shampoo with Protein and Ceramide for Strong Silky Shiny Healthy Renewed Hair 28 Fl Oz</p><p>$7.68 ($0.27 / Fl Oz)</p><a href="https://www.amazon.com/dp/B07525QJC8?tag=eloabder-20&linkCode=osi&th=1&psc=1">View Product</a></div><div class="product"><a href="https://www.amazon.com/dp/B0098QPV3I?tag=eloabder-20&linkCode=osi&th=1&psc=1"><img src="https://m.media-amazon.com/images/I/31OzU+ogltL._SL500_.jpg" alt="Product Image"></a><p>Moroccanoil Hydrating Shampoo, 8.5 Fl. Oz.</p><p>$26.00 ($3.06 / Fl Oz)</p><a href="https://www.amazon.com/dp/B0098QPV3I?tag=eloabder-20&linkCode=osi&th=1&psc=1">View Product</a></div><div class="product"><a href="https://www.amazon.com/dp/B07HMK15G9?tag=eloabder-20&linkCode=osi&th=1&psc=1"><img src="https://m.media-amazon.com/images/I/31Tdk9qdj7L._SL500_.jpg" alt="Product Image"></a><p>Aveeno Fresh Greens Blend Natural Volumizing Shampoo, Cucumber, Rosemary, for Fine Hair, 12 fl oz</p><p>$8.12 ($0.68 / Ounce)</p><a href="https://www.amazon.com/dp/B07HMK15G9?tag=eloabder-20&linkCode=osi&th=1&psc=1">View Product</a></div>
<div class="product"><a href="https://www.amazon.com/dp/B0752CBW5T?tag=eloabder-20&linkCode=osi&th=1&psc=1"><img src="https://m.media-amazon.com/images/I/31-KMa7LAlS._SL500_.jpg" alt="Product Image"></a><p>L'Oreal Paris Elvive Total Repair 5 Repairing Conditioner for Damaged Hair Conditioner with Protein and Ceramide for Strong Silky Shiny Healthy Renewed Hair 28 Fl Oz</p><p>$8.49 ($0.30 / Fl Oz)</p><a href="https://www.amazon.com/dp/B0752CBW5T?tag=eloabder-20&linkCode=osi&th=1&psc=1">View Product</a></div><div class="product"><a href="https://www.amazon.com/dp/B07CLD17F5?tag=eloabder-20&linkCode=osi&th=1&psc=1"><img src="https://m.media-amazon.com/images/I/61hTHQjDOkL._SL500_.jpg" alt="Product Image"></a><p>Dove Ultra Care Conditioner Coconut & Hydration for Dry Hair Conditioner with Coconut Oil, Jojoba Oil & Sweet Almond Oil 25.4 oz</p><p>$7.49 ($0.29 / Fl Oz)</p><a href="https://www.amazon.com/dp/B07CLD17F5?tag=eloabder-20&linkCode=osi&th=1&psc=1">View Product</a></div><div class="product"><a href="https://www.amazon.com/dp/B0098QQ88U?tag=eloabder-20&linkCode=osi&th=1&psc=1"><img src="https://m.media-amazon.com/images/I/31kA4N9VngL._SL500_.jpg" alt="Product Image"></a><p>Moroccanoil Hydrating Conditioner, 8.5 Fl Oz</p><p>$26.00 ($3.10 / Fl Oz)</p><a href="https://www.amazon.com/dp/B0098QQ88U?tag=eloabder-20&linkCode=osi&th=1&psc=1">View Product</a></div><div class="product"><a href="https://www.amazon.com/dp/B07D37SBHF?tag=eloabder-20&linkCode=osi&th=1&psc=1"><img src="https://m.media-amazon.com/images/I/31ivDW-ouZL._SL500_.jpg" alt="Product Image"></a><p>Olaplex No. 5 Bond Maintenance Conditioner, Repairs, Strengthens, & Nourishes All Hair Types, Leaving Hair Feeling Soft & Adds Shine, 8.5 fl oz"</p><p>$30.00 ($3.53 / Fl Oz)</p><a href="https://www.amazon.com/dp/B07D37SBHF?tag=eloabder-20&linkCode=osi&th=1&psc=1">View Product</a></div><div class="product"><a href="https://www.amazon.com/dp/B07NR2B9HS?tag=eloabder-20&linkCode=osi&th=1&psc=1"><img src="https://m.media-amazon.com/images/I/51pWHfe9iNL._SL500_.jpg" alt="Product Image"></a><p>Aussie 3 Minute Miracle Moist Deep Conditioner for Dry Hair, Avocado & Jojoba Oil, Safe for Color Treated Hair, Nourishing Hydration, Silky Shine, Paraben-Free, 16 Fl Oz Each, Triple Pack</p><p>$20.97 ($0.44 / Fl Oz)</p><a href="https://www.amazon.com/dp/B07NR2B9HS?tag=eloabder-20&linkCode=osi&th=1&psc=1">View Product</a></div><div class="product"><a href="https://www.amazon.com/dp/B0891BBRHW?tag=eloabder-20&linkCode=osi&th=1&psc=1"><img src="https://m.media-amazon.com/images/I/31ndDwe7VSL._SL500_.jpg" alt="Product Image"></a><p>Pureology Hydrate Moisturizing Conditioner | Softens and Deeply Hydrates Dry Hair | For Medium to Thick Color Treated or Natural Hair | Sulfate Free Conditioner | Vegan</p><p>$37.00 ($4.11 / Fl Oz)</p><a href="https://www.amazon.com/dp/B0891BBRHW?tag=eloabder-20&linkCode=osi&th=1&psc=1">View Product</a></div><div class="product"><a href="https://www.amazon.com/dp/B00I32AN4K?tag=eloabder-20&linkCode=osi&th=1&psc=1"><img src="https://m.media-amazon.com/images/I/51KpmxinYYL._SL500_.jpg" alt="Product Image"></a><p>Arvazallia Hydrating Argan Oil Hair Mask and Deep Conditioner for Dry or Damaged Hair - 8.45 Oz</p><p>$12.95 ($1.53 / Fl Oz)</p><a href="https://www.amazon.com/dp/B00I32AN4K?tag=eloabder-20&linkCode=osi&th=1&psc=1">View Product</a></div><div class="product"><a href="https://www.amazon.com/dp/B092PVHFL3?tag=eloabder-20&linkCode=osi&th=1&psc=1"><img src="https://m.media-amazon.com/images/I/31v45qQhKOL._SL500_.jpg" alt="Product Image"></a><p>MONDAY HAIRCARE Moisture Conditioner 12oz for Dry, Coarse, Stressed, Coily and Curly Hair, Made from Coconut Oil, Rice Protein, Shea Butter, & Vitamin E, 100% Recyclable Bottles (350ml) (10434)</p><p>$6.97 ($0.58 / Fl Oz)</p><a href="https://www.amazon.com/dp/B092PVHFL3?tag=eloabder-20&linkCode=osi&th=1&psc=1">View Product</a></div><div class="product"><a href="https://www.amazon.com/dp/B00OVQO66S?tag=eloabder-20&linkCode=osi&th=1&psc=1"><img src="https://m.media-amazon.com/images/I/61S7x6GUaFL._SL500_.jpg" alt="Product Image"></a><p>SheaMoisture Conditioner Intensive Hydration for Dry, Damaged Hair Manuka Honey and Mafura Oil to Nourish and Soften Hair 13 oz</p><p>$9.68 ($0.74 / Fl Oz)</p><a href="https://www.amazon.com/dp/B00OVQO66S?tag=eloabder-20&linkCode=osi&th=1&psc=1">View Product</a></div><div class="product"><a href="https://www.amazon.com/dp/B08BTKN3P9?tag=eloabder-20&linkCode=osi&th=1&psc=1"><img src="https://m.media-amazon.com/images/I/41sjzOJHhiL._SL500_.jpg" alt="Product Image"></a><p>TRESemmé Conditioner Moisture Rich 3 Count for Dry Hair Professional Quality Salon-Healthy Look and Shine Moisture Rich Formulated with Vitamin E and Biotin 28 oz</p><p>$16.80 ($0.20 / Fl Oz)</p><a href="https://www.amazon.com/dp/B08BTKN3P9?tag=eloabder-20&linkCode=osi&th=1&psc=1">View Product</a></div>
<div class="product"><a href="https://www.amazon.com/dp/B01I2ZQJSG?tag=eloabder-20&linkCode=osi&th=1&psc=1"><img src="https://m.media-amazon.com/images/I/41ctrFUeQAL._SL500_.jpg" alt="Product Image"></a><p>Elizavecca cer-100 collagen coating hair protein treatment 100ml</p><p>$7.40 ($2.19 / Fl Oz)</p><a href="https://www.amazon.com/dp/B01I2ZQJSG?tag=eloabder-20&linkCode=osi&th=1&psc=1">View Product</a></div><div class="product"><a href="https://www.amazon.com/dp/B07H3GBSC3?tag=eloabder-20&linkCode=osi&th=1&psc=1"><img src="https://m.media-amazon.com/images/I/41I862UzKRL._SL500_.jpg" alt="Product Image"></a><p>amika soulfood nourishing Mask, 8 Fl oz</p><p>$34.00 ($4.25 / Fl Oz)</p><a href="https://www.amazon.com/dp/B07H3GBSC3?tag=eloabder-20&linkCode=osi&th=1&psc=1">View Product</a></div><div class="product"><a href="https://www.amazon.com/dp/B075L6BL61?tag=eloabder-20&linkCode=osi&th=1&psc=1"><img src="https://m.media-amazon.com/images/I/41zCFV7oGTL._SL500_.jpg" alt="Product Image"></a><p>Karseell Collagen Hair Treatment Deep Repair Conditioning Argan Oil Collagen Hair Mask Essence for Dry Damaged Hair All Hair Types 16.90 oz 500ml</p><p>$23.00 ($1.36 / Fl Oz)</p><a href="https://www.amazon.com/dp/B075L6BL61?tag=eloabder-20&linkCode=osi&th=1&psc=1">View Product</a></div><div class="product"><a href="https://www.amazon.com/dp/B07N7NBYSP?tag=eloabder-20&linkCode=osi&th=1&psc=1"><img src="https://m.media-amazon.com/images/I/515lD0OXQ+L._SL500_.jpg" alt="Product Image"></a><p>Mielle Organics Rosemary Mint Strengthening Hair Masque, Essential Oil & Biotin Deep Treatment, Miracle Repair for Dry, Damaged, & Frizzy Hair, 12 Ounces</p><p>$9.97 ($0.83 / Ounce)</p><a href="https://www.amazon.com/dp/B07N7NBYSP?tag=eloabder-20&linkCode=osi&th=1&psc=1">View Product</a></div><div class="product"><a href="https://www.amazon.com/dp/B0BQ54DQNM?tag=eloabder-20&linkCode=osi&th=1&psc=1"><img src="https://m.media-amazon.com/images/I/41uhtWPJeuL._SL500_.jpg" alt="Product Image"></a><p>Eva NYC Therapy Session Hair Mask, Deep Conditioning Hair Mask Infused with Argan Oil and Plant Protein, 16.9 fl oz</p><p>$19.00 ($1.12 / Fl Oz)</p><a href="https://www.amazon.com/dp/B0BQ54DQNM?tag=eloabder-20&linkCode=osi&th=1&psc=1">View Product</a></div><div class="product"><a href="https://www.amazon.com/dp/B09HR5KSR8?tag=eloabder-20&linkCode=osi&th=1&psc=1"><img src="https://m.media-amazon.com/images/I/51aIw6AhsXL._SL500_.jpg" alt="Product Image"></a><p>K18 Mini Leave-In Molecular Hair Mask, Repairs Dry or Damaged Hair, Reverse Hair Damage from Bleach, Color, Chemical Services & Heat, 0.51 Fl Oz</p><p>$29.00 ($56.86 / Fl Oz)</p><a href="https://www.amazon.com/dp/B09HR5KSR8?tag=eloabder-20&linkCode=osi&th=1&psc=1">View Product</a></div><div class="product"><a href="https://www.amazon.com/dp/B07M7PP9KX?tag=eloabder-20&linkCode=osi&th=1&psc=1"><img src="https://m.media-amazon.com/images/I/41Mpv3wIxEL._SL500_.jpg" alt="Product Image"></a><p>Marc Anthony Grow Long Hair Anti-Breakage Mask, 10.4 OZ</p><p>$8.99 ($0.90 / Fl Oz)</p><a href="https://www.amazon.com/dp/B07M7PP9KX?tag=eloabder-20&linkCode=osi&th=1&psc=1">View Product</a></div>
<div class="product"><a href="https://www.amazon.com/dp/B00BC3YL2W?tag=eloabder-20&linkCode=osi&th=1&psc=1"><img src="https://m.media-amazon.com/images/I/31OKo9u6V4L._SL500_.jpg" alt="Product Image"></a><p>HerStyler Hair Repair Serum - Argan Oil, Vitamin E and Aloe Vera Hair Serum for Frizz Control, Shine and Straightening - Coz Love is in the Hair - 2 Fl. Oz., 60 Ml</p><p>$9.99 ($5.00 / Fl Oz)</p><a href="https://www.amazon.com/dp/B00BC3YL2W?tag=eloabder-20&linkCode=osi&th=1&psc=1">View Product</a></div><div class="product"><a href="https://www.amazon.com/dp/B08N9L6C93?tag=eloabder-20&linkCode=osi&th=1&psc=1"><img src="https://m.media-amazon.com/images/I/3184fIylDmL._SL500_.jpg" alt="Product Image"></a><p>Paul Mitchell Super Skinny Serum, Speeds Up Drying Time, Humidity Resistant, For Frizzy Hair, 5.1 fl. oz.</p><p>$28.50 ($5.59 / Fl Oz)</p><a href="https://www.amazon.com/dp/B08N9L6C93?tag=eloabder-20&linkCode=osi&th=1&psc=1">View Product</a></div><div class="product"><a href="https://www.amazon.com/dp/B081JHTPKP?tag=eloabder-20&linkCode=osi&th=1&psc=1"><img src="https://m.media-amazon.com/images/I/31+F0Qz4RUL._SL500_.jpg" alt="Product Image"></a><p>Mise En Scene Perfect Serum Original - Hair Oil for Frizzy & Dry Hair, Hydration and Nutrition Hair Essence for Damage Care, Floral Fragrance, Korean Hair Care Product, Korean Hair Serum 2.71 Fl. Oz.</p><p>$11.20 ($4.15 / Fl Oz)</p><a href="https://www.amazon.com/dp/B081JHTPKP?tag=eloabder-20&linkCode=osi&th=1&psc=1">View Product</a></div><div class="product"><a href="https://www.amazon.com/dp/B09WMT8HYB?tag=eloabder-20&linkCode=osi&th=1&psc=1"><img src="https://m.media-amazon.com/images/I/31poyY3nFGL._SL500_.jpg" alt="Product Image"></a><p>Hair Growth Serum for Men and Women- Vegan Hair Growth Serum Designed for Thinning Hair & Hair Loss- 1 Month-60ml</p><p>$23.40 ($11.70 / Fl Oz)</p><a href="https://www.amazon.com/dp/B09WMT8HYB?tag=eloabder-20&linkCode=osi&th=1&psc=1">View Product</a></div><div class="product"><a href="https://www.amazon.com/dp/B0CJ7ZVDZR?tag=eloabder-20&linkCode=osi&th=1&psc=1"><img src="https://m.media-amazon.com/images/I/51bMtBk0LHL._SL500_.jpg" alt="Product Image"></a><p>MAREE Hair Styling Serum for Frizzy & Dry Hair - Keratin Styling & Moisturizing Oil Capsules with Avocado, Jojoba & Argan Oil - Leave-in Anti Frizz Conditioner with Vitamins A, C, E & B5-30 Capsules</p><p>$17.95 ($5.61 / Fl Oz)</p><a href="https://www.amazon.com/dp/B0CJ7ZVDZR?tag=eloabder-20&linkCode=osi&th=1&psc=1">View Product</a></div><div class="product"><a href="https://www.amazon.com/dp/B07GSZYLGJ?tag=eloabder-20&linkCode=osi&th=1&psc=1"><img src="https://m.media-amazon.com/images/I/41e6dzzvKtL._SL500_.jpg" alt="Product Image"></a><p>HUSSELL Bali Secret Hair Treatment Serum - no Rinse with Argan Macadamia & Avocado Oils - Vitamins A, E, Pro B5 - Conditioner for Women & Men</p><p>$24.75 ($0.62 / Fl Oz)</p><a href="https://www.amazon.com/dp/B07GSZYLGJ?tag=eloabder-20&linkCode=osi&th=1&psc=1">View Product</a></div><div class="product"><a href="https://www.amazon.com/dp/B000P9DS4Q?tag=eloabder-20&linkCode=osi&th=1&psc=1"><img src="https://m.media-amazon.com/images/I/31m7be8mSHL._SL500_.jpg" alt="Product Image"></a><p>John Frieda Anti Frizz, Frizz Ease Extra Strength Hair Serum with Argan Oil, Anti-Humidity Spray for Hair, Nourishing Treatment for Thick, Coarse Hair, 1.69 Oz</p><p>$10.05 ($5.95 / Fl Oz)</p><a href="https://www.amazon.com/dp/B000P9DS4Q?tag=eloabder-20&linkCode=osi&th=1&psc=1">View Product</a></div><div class="product"><a href="https://www.amazon.com/dp/B01456DJ66?tag=eloabder-20&linkCode=osi&th=1&psc=1"><img src="https://m.media-amazon.com/images/I/41hciQXaA0L._SL500_.jpg" alt="Product Image"></a><p>Vitamins Keratin Protein Hair Serum - Anti Frizz Control Hair Oil Repair Treatment - Hair Gloss Shine & Heat Protectant for Frizzy Dry Damaged Hair</p><p>$21.98 ($5.17 / Fl Oz)</p><a href="https://www.amazon.com/dp/B01456DJ66?tag=eloabder-20&linkCode=osi&th=1&psc=1">View Product</a></div>
<div class="product"><a href="https://www.amazon.com/dp/B07VR1NDSQ?tag=eloabder-20&linkCode=osi&th=1&psc=1"><img src="https://m.media-amazon.com/images/I/41z5MLqbvaL._SL500_.jpg" alt="Product Image"></a><p>Olaplex No. 7 Bonding Oil, Concentrated High Shine Oil, Heat Protectant, Visibly Smooths & Softens Hair, Added Color Vibrancy, Up to 72 Hour Frizz Control, For All Hair Types, 1 fl oz</p><p>$30.00 ($29.70 / Fl Oz)</p><a href="https://www.amazon.com/dp/B07VR1NDSQ?tag=eloabder-20&linkCode=osi&th=1&psc=1">View Product</a></div><div class="product"><a href="https://www.amazon.com/dp/B07N7PK9QK?tag=eloabder-20&linkCode=osi&th=1&psc=1"><img src="https://m.media-amazon.com/images/I/416K3ahcJsL._SL500_.jpg" alt="Product Image"></a><p>Mielle Organics Rosemary Mint Scalp & Hair Strengthening Oil for All Hair Types, 2 Ounce</p><p>$9.50 ($4.75 / Fl Oz)</p><a href="https://www.amazon.com/dp/B07N7PK9QK?tag=eloabder-20&linkCode=osi&th=1&psc=1">View Product</a></div><div class="product"><a href="https://www.amazon.com/dp/B0048EZNR4?tag=eloabder-20&linkCode=osi&th=1&psc=1"><img src="https://m.media-amazon.com/images/I/41TwEUHYLCL._SL500_.jpg" alt="Product Image"></a><p>OGX Renewing + Argan Oil of Morocco Penetrating Hair Oil Treatment, Moisturizing & Strengthening Silky Oil for All Hair Types, Paraben-Free, Sulfated-Surfactants Free, 3.3 fl oz</p><p>$7.97 ($2.42 / Fl Oz)</p><a href="https://www.amazon.com/dp/B0048EZNR4?tag=eloabder-20&linkCode=osi&th=1&psc=1">View Product</a></div><div class="product"><a href="https://www.amazon.com/dp/B01MFXDAL8?tag=eloabder-20&linkCode=osi&th=1&psc=1"><img src="https://m.media-amazon.com/images/I/314VC8Iug2L._SL500_.jpg" alt="Product Image"></a><p>OUAI Hair Oil - Hair Heat Protectant Oil for Frizz Control - Adds Hair Shine and Smooths Split Ends - Color Safe Formula - Paraben, Phthalate and Sulfate Free (1.5 oz)</p><p>$30.00 ($20.00 / Fl Oz)</p><a href="https://www.amazon.com/dp/B01MFXDAL8?tag=eloabder-20&linkCode=osi&th=1&psc=1">View Product</a></div><div class="product"><a href="https://www.amazon.com/dp/B005DYJZ7M?tag=eloabder-20&linkCode=osi&th=1&psc=1"><img src="https://m.media-amazon.com/images/I/51NE8LO8FaL._SL500_.jpg" alt="Product Image"></a><p>OGX Extra Strength Argan Oil Hair Treatment, 3.3 fl oz - Deep Moisturizing Serum for Dry, Damaged & Coarse Hair, Paraben & Sulfate-Free</p><p>$7.97 ($2.42 / Fl Oz)</p><a href="https://www.amazon.com/dp/B005DYJZ7M?tag=eloabder-20&linkCode=osi&th=1&psc=1">View Product</a></div><div class="product"><a href="https://www.amazon.com/dp/B000V8MTIC?tag=eloabder-20&linkCode=osi&th=1&psc=1"><img src="https://m.media-amazon.com/images/I/41Y-cvRBYHL._SL500_.jpg" alt="Product Image"></a><p>Wild Growth Hair Oil 4 Oz</p><p>$9.44 ($2.36 / Fl Oz)</p><a href="https://www.amazon.com/dp/B000V8MTIC?tag=eloabder-20&linkCode=osi&th=1&psc=1">View Product</a></div><div class="product"><a href="https://www.amazon.com/dp/B0CNFF26B4?tag=eloabder-20&linkCode=osi&th=1&psc=1"><img src="https://m.media-amazon.com/images/I/61IXl4BycFL._SL500_.jpg" alt="Product Image"></a><p>Nexxus Ultra Lightweight Hair Oil Repair & Nourish for Intense Nourishment with StyleProtect Technology & Rose of Jericho Oil 4 oz</p><p>$13.18 ($3.99 / Fl Oz)</p><a href="https://www.amazon.com/dp/B0CNFF26B4?tag=eloabder-20&linkCode=osi&th=1&psc=1">View Product</a></div><div class="product"><a href="https://www.amazon.com/dp/B0D2RSCZBD?tag=eloabder-20&linkCode=osi&th=1&psc=1"><img src="https://m.media-amazon.com/images/I/41YHvQncEYL._SL500_.jpg" alt="Product Image"></a><p>Botanic Hearth 100% Pure Rosemary Oil For Hair Growth Infused With Biotin | Hair strengthening Treatment | Nourishing & Volumizing | With Jojoba Oil & Castor Oil | Non GMO Verified | 2 fl oz</p><p>$8.49 ($4.24 / Fl Oz)</p><a href="https://www.amazon.com/dp/B0D2RSCZBD?tag=eloabder-20&linkCode=osi&th=1&psc=1">View Product</a></div>

<div class="product"><a href="https://www.amazon.com/dp/B08GSTPT8Y?tag=eloabder-20&linkCode=osi&th=1&psc=1"><img src="https://m.media-amazon.com/images/I/41sX+hKcbML._SL500_.jpg" alt="Product Image"></a><p>AOA Studio Collection makeup Sponge Set Latex Free and High-definition Set of 6 makeup Wonder blender For Powder Cream and Liquid, Super Soft Wonder Beauty Cosmetic</p><p>$9.95 ($1.66 / Count)</p><a href="https://www.amazon.com/dp/B08GSTPT8Y?tag=eloabder-20&linkCode=osi&th=1&psc=1">View Product</a></div><div class="product"><a href="https://www.amazon.com/dp/B0CJFFR574?tag=eloabder-20&linkCode=osi&th=1&psc=1"><img src="https://m.media-amazon.com/images/I/41nkQ05yLcL._SL500_.jpg" alt="Product Image"></a><p>SUNGBOON EDITOR Deep Collagen Overnight Mask 37gx4ea | The real collagen 2,160,000ppb | Facial Hydrogel Masks with low molecular weight collagen for elasticity, firming, and moisturizing</p><p>$19.00 ($4.75 / Count)</p><a href="https://www.amazon.com/dp/B0CJFFR574?tag=eloabder-20&linkCode=osi&th=1&psc=1">View Product</a></div><div class="product"><a href="https://www.amazon.com/dp/B0C4H1GPG1?tag=eloabder-20&linkCode=osi&th=1&psc=1"><img src="https://m.media-amazon.com/images/I/41jyzyKyY2L._SL500_.jpg" alt="Product Image"></a><p>BEAKEY Latex Free Blender Makeup Sponge for Blending, Pink Makeup Sponge Set, Soft Beauty Sponge, for Flawless Application of Liquid, Cream, and Powder Cosmetics, Pink Makeup Gifts</p><p>$6.99 ($1.40 / Count)</p><a href="https://www.amazon.com/dp/B0C4H1GPG1?tag=eloabder-20&linkCode=osi&th=1&psc=1">View Product</a></div><div class="product"><a href="https://www.amazon.com/dp/B0B45LL4DD?tag=eloabder-20&linkCode=osi&th=1&psc=1"><img src="https://m.media-amazon.com/images/I/31ZNIWikbtL._SL500_.jpg" alt="Product Image"></a><p>Beauty of Joseon Revive Eye Serum with Retinal Niacinamide Correction for Puffy Eye Bags Fine Lines Dark Circles Wrinkles, Korean Skin Care 30ml, 1 fl.oz</p><p>$14.93 ($14.93 / Fl Oz)</p><a href="https://www.amazon.com/dp/B0B45LL4DD?tag=eloabder-20&linkCode=osi&th=1&psc=1">View Product</a></div><div class="product"><a href="https://www.amazon.com/dp/B00PBX3L7K?tag=eloabder-20&linkCode=osi&th=1&psc=1"><img src="https://m.media-amazon.com/images/I/31OiAm-FA8L._SL500_.jpg" alt="Product Image"></a><p>COSRX Snail Mucin 96% Power Repairing Essence 3.38 fl.oz 100ml, Hydrating Serum for Face with Snail Secretion Filtrate for Dull Skin & Fine Lines, Korean Skincare</p><p>$14.50 ($4.29 / Fl Oz)</p><a href="https://www.amazon.com/dp/B00PBX3L7K?tag=eloabder-20&linkCode=osi&th=1&psc=1">View Product</a></div><div class="product"><a href="https://www.amazon.com/dp/B00QPNVC0I?tag=eloabder-20&linkCode=osi&th=1&psc=1"><img src="https://m.media-amazon.com/images/I/31wV3gYUEpL._SL500_.jpg" alt="Product Image"></a><p>Real Techniques Miracle Complexion Sponge Set Duo, 2 Makeup Sponges For Liquid & Cream Makeup, Makeup Blender Sponge For Buildable Coverage, Foundation Sponge For Natural, Dewy Base, Latex-Free Foam</p><p>$7.69 ($3.84 / Count)</p><a href="https://www.amazon.com/dp/B00QPNVC0I?tag=eloabder-20&linkCode=osi&th=1&psc=1">View Product</a></div><div class="product"><a href="https://www.amazon.com/dp/B0CZYJYX4Q?tag=eloabder-20&linkCode=osi&th=1&psc=1"><img src="https://m.media-amazon.com/images/I/31hNatkE-9L._SL500_.jpg" alt="Product Image"></a><p>LANEIGE Lip Glowy Balm Mango: Hydrate, Glossy, Lightweight, Moisturize & Tint with Shea Butter</p><p>$19.00 ($54.29 / Ounce)</p><a href="https://www.amazon.com/dp/B0CZYJYX4Q?tag=eloabder-20&linkCode=osi&th=1&psc=1">View Product</a></div><div class="product"><a href="https://www.amazon.com/dp/B0CXQR14J3?tag=eloabder-20&linkCode=osi&th=1&psc=1"><img src="https://m.media-amazon.com/images/I/31RRaB6c+JL._SL500_.jpg" alt="Product Image"></a><p>e.l.f. Power Grip Dewy Setting Spray, Ultra Fine Mist Made With Hyaluronic Acid, Grips Makeup For A Hydrated, Dewy Finish, Vegan & Cruelty-Free</p><p>$10.00 ($3.70 / Fl Oz)</p><a href="https://www.amazon.com/dp/B0CXQR14J3?tag=eloabder-20&linkCode=osi&th=1&psc=1">View Product</a></div><div class="product"><a href="https://www.amazon.com/dp/B0CZF2T7CK?tag=eloabder-20&linkCode=osi&th=1&psc=1"><img src="https://m.media-amazon.com/images/I/41nBLpIw8wL._SL500_.jpg" alt="Product Image"></a><p>L'Oreal Paris Infallible 3-Second Setting Spray Mist, Microfine Mist for up to 36HR Wear, Clear, 1.76 Fl Oz</p><p>$10.98</p><a href="https://www.amazon.com/dp/B0CZF2T7CK?tag=eloabder-20&linkCode=osi&th=1&psc=1">View Product</a></div>
<div class="product"><a href="https://www.amazon.com/dp/B0D3JDYWZ6?tag=eloabder-20&linkCode=osi&th=1&psc=1"><img src="https://m.media-amazon.com/images/I/41c+v1LLXzL._SL500_.jpg" alt="Product Image"></a><p>e.l.f. Soft Glam Foundation, Medium Coverage, Long-Lasting & Buildable Foundation For A Smooth, Satin Finish, Vegan & Cruelty-Free, 31 Medium Neutral</p><p>$7.99</p><a href="https://www.amazon.com/dp/B0D3JDYWZ6?tag=eloabder-20&linkCode=osi&th=1&psc=1">View Product</a></div><div class="product"><a href="https://www.amazon.com/dp/B00PFCSURS?tag=eloabder-20&linkCode=osi&th=1&psc=1"><img src="https://m.media-amazon.com/images/I/41v54YdLHSL._SL500_.jpg" alt="Product Image"></a><p>Maybelline Fit Me Matte + Poreless Liquid Oil-Free Foundation Makeup, Natural Beige, 1 Count (Packaging May Vary)</p><p>$9.99</p><a href="https://www.amazon.com/dp/B00PFCSURS?tag=eloabder-20&linkCode=osi&th=1&psc=1">View Product</a></div><div class="product"><a href="https://www.amazon.com/dp/B07DFK238H?tag=eloabder-20&linkCode=osi&th=1&psc=1"><img src="https://m.media-amazon.com/images/I/31mAhNJ+4hL._SL500_.jpg" alt="Product Image"></a><p>e.l.f. Flawless Finish Foundation, Lightweight & Medium Coverage, Semi-Matte Finish, Light Ivory, 0.68 Fl Oz (20mL)</p><p>$6.00</p><a href="https://www.amazon.com/dp/B07DFK238H?tag=eloabder-20&linkCode=osi&th=1&psc=1">View Product</a></div><div class="product"><a href="https://www.amazon.com/dp/B01ACPW1SG?tag=eloabder-20&linkCode=osi&th=1&psc=1"><img src="https://m.media-amazon.com/images/I/41aIRzbHxNL._SL500_.jpg" alt="Product Image"></a><p>CoverGirl & Olay Simply Ageless 3-in-1 Liquid Foundation, Matte Finish, Hyaluronic & Vitamin C Formula, Cruelty Free, Classic Ivory, 1 Count</p><p>$10.49</p><a href="https://www.amazon.com/dp/B01ACPW1SG?tag=eloabder-20&linkCode=osi&th=1&psc=1">View Product</a></div><div class="product"><a href="https://www.amazon.com/dp/B000IEMGGE?tag=eloabder-20&linkCode=osi&th=1&psc=1"><img src="https://m.media-amazon.com/images/I/41RtSkNmHSL._SL500_.jpg" alt="Product Image"></a><p>LAURA GELLER NEW YORK Award-Winning Baked Balance-n-Brighten Color Correcting Powder Foundation - Fair - Buildable Light to Medium Coverage - Demi-Matte Natural Finish</p><p>$22.13</p><a href="https://www.amazon.com/dp/B000IEMGGE?tag=eloabder-20&linkCode=osi&th=1&psc=1">View Product</a></div><div class="product"><a href="https://www.amazon.com/dp/B0BCH5WVW6?tag=eloabder-20&linkCode=osi&th=1&psc=1"><img src="https://m.media-amazon.com/images/I/31wajekqpGL._SL500_.jpg" alt="Product Image"></a><p>L'Oreal Paris True Match Super-Blendable Foundation, Medium Coverage Liquid Foundation Makeup, N4, Light Medium, 1 Fl Oz</p><p>$9.97</p><a href="https://www.amazon.com/dp/B0BCH5WVW6?tag=eloabder-20&linkCode=osi&th=1&psc=1">View Product</a></div><div class="product"><a href="https://www.amazon.com/dp/B07MWSP8SG?tag=eloabder-20&linkCode=osi&th=1&psc=1"><img src="https://m.media-amazon.com/images/I/31B37fmqI7L._SL500_.jpg" alt="Product Image"></a><p>e.l.f. Flawless Finish Foundation, Improves Uneven Skin Tone, Lightweight, Medium Coverage & Semi-Matte, Vegan & Cruelty-Free, Beige 0.67 Fl Oz</p><p>$6.00</p><a href="https://www.amazon.com/dp/B07MWSP8SG?tag=eloabder-20&linkCode=osi&th=1&psc=1">View Product</a></div><div class="product"><a href="https://www.amazon.com/dp/B091D8BXSQ?tag=eloabder-20&linkCode=osi&th=1&psc=1"><img src="https://m.media-amazon.com/images/I/31ktknDTqTL._SL500_.jpg" alt="Product Image"></a><p>L'Oreal Paris True Match Nude Hyaluronic Tinted Serum Foundation with 1% Hyaluronic acid, Light 2-3, 1 fl. oz.</p><p>$15.18</p><a href="https://www.amazon.com/dp/B091D8BXSQ?tag=eloabder-20&linkCode=osi&th=1&psc=1">View Product</a></div><div class="product"><a href="https://www.amazon.com/dp/B07Z9WBHXK?tag=eloabder-20&linkCode=osi&th=1&psc=1"><img src="https://m.media-amazon.com/images/I/31c2z97BuBL._SL500_.jpg" alt="Product Image"></a><p>L'Oreal Paris Age Perfect Radiant Serum Foundation with SPF 50, Ivory, 1 fl. oz.</p><p>$14.17</p><a href="https://www.amazon.com/dp/B07Z9WBHXK?tag=eloabder-20&linkCode=osi&th=1&psc=1">View Product</a></div><div class="product"><a href="https://www.amazon.com/dp/B09LCGN136?tag=eloabder-20&linkCode=osi&th=1&psc=1"><img src="https://m.media-amazon.com/images/I/4107EiwloYL._SL500_.jpg" alt="Product Image"></a><p>TIRTIR Mask Fit Red Cushion Foundation | Japan's No.1 Choice for Glass skin, Long-Lasting, Lightweight, Buildable Coverage, Semi-Matte (17C Porcelain, 0.63 Fl Oz (Pack of 1))</p><p>$25.00 ($39.68 / Fl Oz)</p><a href="https://www.amazon.com/dp/B09LCGN136?tag=eloabder-20&linkCode=osi&th=1&psc=1">View Product</a></div>
<div class="product"><a href="https://www.amazon.com/dp/B07Q9V4KMJ?tag=eloabder-20&linkCode=osi&th=1&psc=1"><img src="https://m.media-amazon.com/images/I/31pro1JWTCL._SL500_.jpg" alt="Product Image"></a><p>Maybelline Instant Age Rewind Eraser Dark Circles Treatment Multi-Use Concealer, 115, 1 Count (Packaging May Vary)</p><p>$8.42</p><a href="https://www.amazon.com/dp/B07Q9V4KMJ?tag=eloabder-20&linkCode=osi&th=1&psc=1">View Product</a></div><div class="product"><a href="https://www.amazon.com/dp/B07ZR14WBZ?tag=eloabder-20&linkCode=osi&th=1&psc=1"><img src="https://m.media-amazon.com/images/I/313ljymBVaL._SL500_.jpg" alt="Product Image"></a><p>e.l.f. Hydrating Camo Concealer, Lightweight, Full Coverage, Long Lasting, Conceals, Corrects, Covers, Hydrates, Highlights, Light Sand, Satin Finish, 25 Shades, All-Day Wear, 0.20 Fl Oz</p><p>$7.00</p><a href="https://www.amazon.com/dp/B07ZR14WBZ?tag=eloabder-20&linkCode=osi&th=1&psc=1">View Product</a></div><div class="product"><a href="https://www.amazon.com/dp/B0046VJV36?tag=eloabder-20&linkCode=osi&th=1&psc=1"><img src="https://m.media-amazon.com/images/I/31-ZFCLgLcL._SL500_.jpg" alt="Product Image"></a><p>Maybelline New York Fit Me Liquid Concealer Makeup, Natural Coverage, Lightweight, Conceals, Covers Oil-Free, Fair, 1 Count (Packaging May Vary)</p><p>$6.31</p><a href="https://www.amazon.com/dp/B0046VJV36?tag=eloabder-20&linkCode=osi&th=1&psc=1">View Product</a></div><div class="product"><a href="https://www.amazon.com/dp/B07ZR1CQHS?tag=eloabder-20&linkCode=osi&th=1&psc=1"><img src="https://m.media-amazon.com/images/I/31s0zWRX+4L._SL500_.jpg" alt="Product Image"></a><p>e.l.f. 16HR Camo Concealer, Full Coverage, Highly Pigmented Concealer With Matte Finish, Crease-proof, Vegan & Cruelty-Free, Light Ivory, 0.203 Fl Oz</p><p>$7.00</p><a href="https://www.amazon.com/dp/B07ZR1CQHS?tag=eloabder-20&linkCode=osi&th=1&psc=1">View Product</a></div><div class="product"><a href="https://www.amazon.com/dp/B0814SLHQH?tag=eloabder-20&linkCode=osi&th=1&psc=1"><img src="https://m.media-amazon.com/images/I/312GW4aGnRL._SL500_.jpg" alt="Product Image"></a><p>Neutrogena Healthy Skin Radiant Brightening Cream Concealer with Peptides & Vitamin E Antioxidant,Lightweight Perfecting Concealer,Non-Comedogenic,Bisque Light/Medium 02 neutral undertones,0.24 oz</p><p>$5.62</p><a href="https://www.amazon.com/dp/B0814SLHQH?tag=eloabder-20&linkCode=osi&th=1&psc=1">View Product</a></div><div class="product"><a href="https://www.amazon.com/dp/B007MJKHPA?tag=eloabder-20&linkCode=osi&th=1&psc=1"><img src="https://m.media-amazon.com/images/I/31ljSDY5P1L._SL500_.jpg" alt="Product Image"></a><p>L.A. Girl Pro Conceal HD Concealer, Creamy Beige, 0.28 Ounce</p><p>$4.97 ($17.75 / Ounce)</p><a href="https://www.amazon.com/dp/B007MJKHPA?tag=eloabder-20&linkCode=osi&th=1&psc=1">View Product</a></div><div class="product"><a href="https://www.amazon.com/dp/B09HNMRQN2?tag=eloabder-20&linkCode=osi&th=1&psc=1"><img src="https://m.media-amazon.com/images/I/31vIe0FIEML._SL500_.jpg" alt="Product Image"></a><p>NYX PROFESSIONAL MAKEUP Bare With Me Concealer Serum, Up To 24Hr Hydration - Vanilla</p><p>$9.00</p><a href="https://www.amazon.com/dp/B09HNMRQN2?tag=eloabder-20&linkCode=osi&th=1&psc=1">View Product</a></div><div class="product"><a href="https://www.amazon.com/dp/B06XQWS1N9?tag=eloabder-20&linkCode=osi&th=1&psc=1"><img src="https://m.media-amazon.com/images/I/31rKumTg1GL._SL500_.jpg" alt="Product Image"></a><p>COVERGIRL Smoothers Concealer, Medium 715, 0.14 ounce (packaging may vary)</p><p>$7.28</p><a href="https://www.amazon.com/dp/B06XQWS1N9?tag=eloabder-20&linkCode=osi&th=1&psc=1">View Product</a></div><div class="product"><a href="https://www.amazon.com/dp/B07H67H5LH?tag=eloabder-20&linkCode=osi&th=1&psc=1"><img src="https://m.media-amazon.com/images/I/31bWoYCj-nL._SL500_.jpg" alt="Product Image"></a><p>L'Oreal Paris Makeup Infallible Full Wear Waterproof Matte Concealer, Full Coverage, Ivory, 0.33 fl. oz.</p><p>$11.45</p><a href="https://www.amazon.com/dp/B07H67H5LH?tag=eloabder-20&linkCode=osi&th=1&psc=1">View Product</a></div><div class="product"><a href="https://www.amazon.com/dp/B0B51NLJWQ?tag=eloabder-20&linkCode=osi&th=1&psc=1"><img src="https://m.media-amazon.com/images/I/31GXqccxM0L._SL500_.jpg" alt="Product Image"></a><p>Fièra Luxury Concealer with Anti-Aging - All Day Coverage for Dark Circles, Fine Lines, Wrinkles & Spots - Neutral Beige, 0.5 Ounce</p><p>$27.00</p><a href="https://www.amazon.com/dp/B0B51NLJWQ?tag=eloabder-20&linkCode=osi&th=1&psc=1">View Product</a></div>
<div class="product"><a href="https://www.amazon.com/dp/B01IM0LVFC?tag=eloabder-20&linkCode=osi&th=1&psc=1"><img src="https://m.media-amazon.com/images/I/31r47BdfjGL._SL500_.jpg" alt="Product Image"></a><p>e.l.f. Prime & Stay Finishing Powder, Sets Makeup, Controls Shine & Smooths Complexion, Sheer, 0.18 Oz (5g)</p><p>$4.00</p><a href="https://www.amazon.com/dp/B01IM0LVFC?tag=eloabder-20&linkCode=osi&th=1&psc=1">View Product</a></div><div class="product"><a href="https://www.amazon.com/dp/B004GC74GG?tag=eloabder-20&linkCode=osi&th=1&psc=1"><img src="https://m.media-amazon.com/images/I/41kZTeBUCSL._SL500_.jpg" alt="Product Image"></a><p>Revlon Face Powder, ColorStay 16 Hour Face Makeup, Longwear Medium- Full Coverage with Flawless Finish, Shine & Oil Free, 880 Translucent, 0.3 Oz</p><p>$9.62</p><a href="https://www.amazon.com/dp/B004GC74GG?tag=eloabder-20&linkCode=osi&th=1&psc=1">View Product</a></div><div class="product"><a href="https://www.amazon.com/dp/B0CPFY5F7P?tag=eloabder-20&linkCode=osi&th=1&psc=1"><img src="https://m.media-amazon.com/images/I/41rYvHbKJ0L._SL500_.jpg" alt="Product Image"></a><p>e.l.f. Primer-Infused Bronzer, Long-Lasting, Lightweight & Buildable Powder Bronzer, Delivers A Matte Finish, Vegan & Cruelty-Free, Catching Rays</p><p>$7.00</p><a href="https://www.amazon.com/dp/B0CPFY5F7P?tag=eloabder-20&linkCode=osi&th=1&psc=1">View Product</a></div><div class="product"><a href="https://www.amazon.com/dp/B0B2VXZRHH?tag=eloabder-20&linkCode=osi&th=1&psc=1"><img src="https://m.media-amazon.com/images/I/41p6UtnQJWL._SL500_.jpg" alt="Product Image"></a><p>bareMinerals Barepro 16HR Skin-Perfecting Powder Foundation, Matte Pressed Powder Foundation Full Coverage with Plant-Based Squalene, Oil Control, Vegan</p><p>$42.00 ($150.00 / Ounce)</p><a href="https://www.amazon.com/dp/B0B2VXZRHH?tag=eloabder-20&linkCode=osi&th=1&psc=1">View Product</a></div><div class="product"><a href="https://www.amazon.com/dp/B0D4752RVV?tag=eloabder-20&linkCode=osi&th=1&psc=1"><img src="https://m.media-amazon.com/images/I/31WKVfT2bML._SL500_.jpg" alt="Product Image"></a><p>Revolution Beauty, Loose Baking Powder, Makeup Setting Powder, Long Lasting Coverage, Mattifies & Reduces Shine, Rose, 1.13 Oz</p><p>$8.00</p><a href="https://www.amazon.com/dp/B0D4752RVV?tag=eloabder-20&linkCode=osi&th=1&psc=1">View Product</a></div><div class="product"><a href="https://www.amazon.com/dp/B0C9LPPJ26?tag=eloabder-20&linkCode=osi&th=1&psc=1"><img src="https://m.media-amazon.com/images/I/51iWoZ-wkuL._SL500_.jpg" alt="Product Image"></a><p>AZUREBEAUTY 42 Pcs Dip Nails Powder Starter Kit, 32 Hot Pink Blue Purple Color Changing Spring Dipping Powder Liquid Set with Base Coat/Top Coat/Activator for French Manicure Salon DIY.</p><p>$19.99 ($19.99 / Count)</p><a href="https://www.amazon.com/dp/B0C9LPPJ26?tag=eloabder-20&linkCode=osi&th=1&psc=1">View Product</a></div><div class="product"><a href="https://www.amazon.com/dp/B0D2N1SZ9V?tag=eloabder-20&linkCode=osi&th=1&psc=1"><img src="https://m.media-amazon.com/images/I/41Ogu3bO7hL._SL500_.jpg" alt="Product Image"></a><p>Artdone Chrome Nail Powder Magic White Pearl Kit Mirror Effect Silver Metallic Holographic Dip Nail Powder For Resin Craft & Nail Art Decoration Iridescent Aurora Mermaid Pigment</p><p>$3.99 ($28.28 / Ounce)</p><a href="https://www.amazon.com/dp/B0D2N1SZ9V?tag=eloabder-20&linkCode=osi&th=1&psc=1">View Product</a></div><div class="product"><a href="https://www.amazon.com/dp/B0D19YQWSX?tag=eloabder-20&linkCode=osi&th=1&psc=1"><img src="https://m.media-amazon.com/images/I/21GbGbhBFWL._SL500_.jpg" alt="Product Image"></a><p>NYX PROFESSIONAL MAKEUP Brow Powder Louder Eyebrow Pencil, Brow Pencil with Buildable Volume For Up To 12HR Wear, Vegan Formula - Ash Brown</p><p>$6.00</p><a href="https://www.amazon.com/dp/B0D19YQWSX?tag=eloabder-20&linkCode=osi&th=1&psc=1">View Product</a></div><div class="product"><a href="https://www.amazon.com/dp/B00AOU5NVC?tag=eloabder-20&linkCode=osi&th=1&psc=1"><img src="https://m.media-amazon.com/images/I/31eI9oALZzL._SL500_.jpg" alt="Product Image"></a><p>Neutrogena Mineral Sheers Lightweight Loose Powder Makeup Foundation with Vitamins A, C, & E, Sheer to Medium Buildable Coverage, Skin Tone Enhancer, Face Redness Reducer, Nude 40,.19 oz</p><p>$5.72</p><a href="https://www.amazon.com/dp/B00AOU5NVC?tag=eloabder-20&linkCode=osi&th=1&psc=1">View Product</a></div>
<div class="product"><a href="https://www.amazon.com/dp/B07PNCB73M?tag=eloabder-20&linkCode=osi&th=1&psc=1"><img src="https://m.media-amazon.com/images/I/41+KYSFOLML._SL500_.jpg" alt="Product Image"></a><p>Milani Baked Blush - Petal Primavera (0.12 Ounce) Cruelty-Free Powder Blush - Shape, Contour & Highlight Face for a Shimmery or Matte Finish</p><p>$8.97</p><a href="https://www.amazon.com/dp/B07PNCB73M?tag=eloabder-20&linkCode=osi&th=1&psc=1">View Product</a></div><div class="product"><a href="https://www.amazon.com/dp/B0CPFYGNR7?tag=eloabder-20&linkCode=osi&th=1&psc=1"><img src="https://m.media-amazon.com/images/I/31EJvMa7jyL._SL500_.jpg" alt="Product Image"></a><p>e.l.f. Camo Liquid Blush, Long-lasting Liquid Blush For High-pigment Color, Creates A Soft, Dewy Finish, Vegan & Cruelty-free, Dusty Rosé</p><p>$7.00</p><a href="https://www.amazon.com/dp/B0CPFYGNR7?tag=eloabder-20&linkCode=osi&th=1&psc=1">View Product</a></div><div class="product"><a href="https://www.amazon.com/dp/B0CZ5HLDK9?tag=eloabder-20&linkCode=osi&th=1&psc=1"><img src="https://m.media-amazon.com/images/I/41rZu1cS8QL._SL500_.jpg" alt="Product Image"></a><p>NYX PROFESSIONAL MAKEUP Buttermelt Powder Blush, Fade and Transfer-Resistant Blush, Up to 12HR Make Up Wear, Vegan Formula - For The Butta</p><p>$9.97</p><a href="https://www.amazon.com/dp/B0CZ5HLDK9?tag=eloabder-20&linkCode=osi&th=1&psc=1">View Product</a></div><div class="product"><a href="https://www.amazon.com/dp/B06XDNPXD1?tag=eloabder-20&linkCode=osi&th=1&psc=1"><img src="https://m.media-amazon.com/images/I/41IryPTf51L._SL500_.jpg" alt="Product Image"></a><p>Maybelline Fit Me Powder Blush, Lightweight, Smooth, Blendable, Long-lasting All-Day Face Enhancing Makeup Color, Mauve, 1 Count</p><p>$4.62</p><a href="https://www.amazon.com/dp/B06XDNPXD1?tag=eloabder-20&linkCode=osi&th=1&psc=1">View Product</a></div><div class="product"><a href="https://www.amazon.com/dp/B082YPNTZ4?tag=eloabder-20&linkCode=osi&th=1&psc=1"><img src="https://m.media-amazon.com/images/I/41vtXkWXs8L._SL500_.jpg" alt="Product Image"></a><p>wet n wild Color Icon Blush, Effortless Glow & Seamless Blend infused with Luxuriously Smooth Jojoba Oil, Sheer Finish with a Matte Natural Glow, Cruelty-Free & Vegan - Pinch Me Pink</p><p>$3.28</p><a href="https://www.amazon.com/dp/B082YPNTZ4?tag=eloabder-20&linkCode=osi&th=1&psc=1">View Product</a></div><div class="product"><a href="https://www.amazon.com/dp/B0CPFWJJQJ?tag=eloabder-20&linkCode=osi&th=1&psc=1"><img src="https://m.media-amazon.com/images/I/41+GdEwyGqL._SL500_.jpg" alt="Product Image"></a><p>e.l.f. Primer-Infused Matte Blush, Long-Lasting, Lightweight & Buildable Powder Blush, Delivers A Matte Finish, Vegan & Cruelty-Free, Always Crushing</p><p>$7.00</p><a href="https://www.amazon.com/dp/B0CPFWJJQJ?tag=eloabder-20&linkCode=osi&th=1&psc=1">View Product</a></div><div class="product"><a href="https://www.amazon.com/dp/B0B64GX5LN?tag=eloabder-20&linkCode=osi&th=1&psc=1"><img src="https://m.media-amazon.com/images/I/31aZBeyUSsL._SL500_.jpg" alt="Product Image"></a><p>LAURA GELLER NEW YORK Serum Blush Tint, Lightweight Liquid Blush for Cheeks, Weightless Watercolor Sheer Finish, Practical Pink</p><p>$15.74</p><a href="https://www.amazon.com/dp/B0B64GX5LN?tag=eloabder-20&linkCode=osi&th=1&psc=1">View Product</a></div><div class="product"><a href="https://www.amazon.com/dp/B0BHFBBH25?tag=eloabder-20&linkCode=osi&th=1&psc=1"><img src="https://m.media-amazon.com/images/I/31uqOuPPf5L._SL500_.jpg" alt="Product Image"></a><p>SHEGLAM Color Bloom Liquid Blush Makeup for Cheeks Matte Finish - Love Cake</p><p>$6.99</p><a href="https://www.amazon.com/dp/B0BHFBBH25?tag=eloabder-20&linkCode=osi&th=1&psc=1">View Product</a></div><div class="product"><a href="https://www.amazon.com/dp/B00J56D0G6?tag=eloabder-20&linkCode=osi&th=1&psc=1"><img src="https://m.media-amazon.com/images/I/31MVN0QAhfL._SL500_.jpg" alt="Product Image"></a><p>e.l.f. Cosmetics Powder Blush Palette, Four Blush Shades for Beautiful, Long-Lasting Pigment, Light</p><p>$6.00</p><a href="https://www.amazon.com/dp/B00J56D0G6?tag=eloabder-20&linkCode=osi&th=1&psc=1">View Product</a></div><div class="product"><a href="https://www.amazon.com/dp/B07J47FHR1?tag=eloabder-20&linkCode=osi&th=1&psc=1"><img src="https://m.media-amazon.com/images/I/41Xyor9x2SL._SL500_.jpg" alt="Product Image"></a><p>Nars Blush in ORGASM Full Size 0.16 oz. / 4.8 g in Retail Box New Edition</p><p>$22.00</p><a href="https://www.amazon.com/dp/B07J47FHR1?tag=eloabder-20&linkCode=osi&th=1&psc=1">View Product</a></div>
<div class="product"><a href="https://www.amazon.com/dp/B018B8Q5Z6?tag=eloabder-20&linkCode=osi&th=1&psc=1"><img src="https://m.media-amazon.com/images/I/41D9ZHQRaSL._SL500_.jpg" alt="Product Image"></a><p>Physicians Formula Murumuru Butter Bronzer, Moisturizing, Nourishing Murumuru Butter Blend for Silky All-Day Luminous Glow, Dermatologist Tested, Hypoallergenic, Vegan & Cruelty-Free -Bronzer</p><p>$12.15</p><a href="https://www.amazon.com/dp/B018B8Q5Z6?tag=eloabder-20&linkCode=osi&th=1&psc=1">View Product</a></div><div class="product"><a href="https://www.amazon.com/dp/B001B0H82Q?tag=eloabder-20&linkCode=osi&th=1&psc=1"><img src="https://m.media-amazon.com/images/I/41I3B-YoLkL._SL500_.jpg" alt="Product Image"></a><p>Rimmel London Natural - 022 Sun Bronze - Bronzer, Matte Finish, 0.49oz</p><p>$4.49</p><a href="https://www.amazon.com/dp/B001B0H82Q?tag=eloabder-20&linkCode=osi&th=1&psc=1">View Product</a></div><div class="product"><a href="https://www.amazon.com/dp/B0BM5HX7DN?tag=eloabder-20&linkCode=osi&th=1&psc=1"><img src="https://m.media-amazon.com/images/I/41DwoHQgzsL._SL500_.jpg" alt="Product Image"></a><p>Benefit Hoola Matte Bronzer Mini 0.08 Ounce</p><p>$17.85</p><a href="https://www.amazon.com/dp/B0BM5HX7DN?tag=eloabder-20&linkCode=osi&th=1&psc=1">View Product</a></div><div class="product"><a href="https://www.amazon.com/dp/B07M7NGVW7?tag=eloabder-20&linkCode=osi&th=1&psc=1"><img src="https://m.media-amazon.com/images/I/51dvod9PjTL._SL500_.jpg" alt="Product Image"></a><p>wet n wild Color Icon Bronzer What Shady Beaches</p><p>$2.96</p><a href="https://www.amazon.com/dp/B07M7NGVW7?tag=eloabder-20&linkCode=osi&th=1&psc=1">View Product</a></div><div class="product"><a href="https://www.amazon.com/dp/B07ZR187P5?tag=eloabder-20&linkCode=osi&th=1&psc=1"><img src="https://m.media-amazon.com/images/I/410nkMFZLYL._SL500_.jpg" alt="Product Image"></a><p>e.l.f. Primer-infused Bronzer, Long-Wear, Matte, Bold, Lightweight, Blends Easily, Contours Cheeks, Forever Sun Kissed, All-Day Wear, 0.35 Oz</p><p>$7.00 ($20.00 / Ounce)</p><a href="https://www.amazon.com/dp/B07ZR187P5?tag=eloabder-20&linkCode=osi&th=1&psc=1">View Product</a></div><div class="product"><a href="https://www.amazon.com/dp/B0CPFVTY7M?tag=eloabder-20&linkCode=osi&th=1&psc=1"><img src="https://m.media-amazon.com/images/I/41rO68Q0mlL._SL500_.jpg" alt="Product Image"></a><p>e.l.f. Primer-Infused Bronzer, Long-Lasting, Lightweight & Buildable Powder Bronzer, Delivers A Matte Finish, Vegan & Cruelty-Free, Fresh Tan</p><p>$7.00</p><a href="https://www.amazon.com/dp/B0CPFVTY7M?tag=eloabder-20&linkCode=osi&th=1&psc=1">View Product</a></div><div class="product"><a href="https://www.amazon.com/dp/B00518N3VE?tag=eloabder-20&linkCode=osi&th=1&psc=1"><img src="https://m.media-amazon.com/images/I/41SzIseWK6L._SL500_.jpg" alt="Product Image"></a><p>Milani Baked Bronzer - Glow, Cruelty-Free Shimmer Bronzing Powder to Use For Contour Makeup, Highlighters Makeup, Bronzer Makeup, 0.25 Ounce</p><p>$9.97 ($39.88 / Ounce)</p><a href="https://www.amazon.com/dp/B00518N3VE?tag=eloabder-20&linkCode=osi&th=1&psc=1">View Product</a></div><div class="product"><a href="https://www.amazon.com/dp/B006WZ9O72?tag=eloabder-20&linkCode=osi&th=1&psc=1"><img src="https://m.media-amazon.com/images/I/51rDNo9JnqL._SL500_.jpg" alt="Product Image"></a><p>Physicians Formula Bronze Booster Glow-Boosting Season-to-Season, Customizable Seasonal Glow Glow, Lasting Tan Boost, Hypoallergenic Powder, Cruelty-Free & Hypoallergenic- Light-to-Medium</p><p>$12.98</p><a href="https://www.amazon.com/dp/B006WZ9O72?tag=eloabder-20&linkCode=osi&th=1&psc=1">View Product</a></div><div class="product"><a href="https://www.amazon.com/dp/B0CNTYPSSZ?tag=eloabder-20&linkCode=osi&th=1&psc=1"><img src="https://m.media-amazon.com/images/I/416D4Z7hQ8L._SL500_.jpg" alt="Product Image"></a><p>Milani Cheek Kiss Cream Bronzer-110 Hey Honey</p><p>$9.97</p><a href="https://www.amazon.com/dp/B0CNTYPSSZ?tag=eloabder-20&linkCode=osi&th=1&psc=1">View Product</a></div><div class="product"><a href="https://www.amazon.com/dp/B0CVNKP1FM?tag=eloabder-20&linkCode=osi&th=1&psc=1"><img src="https://m.media-amazon.com/images/I/41v4UlIsUOL._SL500_.jpg" alt="Product Image"></a><p>NYX PROFESSIONAL MAKEUP Matte Buttermelt Bronzer, Longwear Face Makeup with Up to 12 Hours of Wear, Vegan Formula - Butta Than U</p><p>$7.70</p><a href="https://www.amazon.com/dp/B0CVNKP1FM?tag=eloabder-20&linkCode=osi&th=1&psc=1">View Product</a></div>
<div class="product"><a href="https://www.amazon.com/dp/B09288DSSX?tag=eloabder-20&linkCode=osi&th=1&psc=1"><img src="https://m.media-amazon.com/images/I/417z6evbmhL._SL500_.jpg" alt="Product Image"></a><p>KYDA Face Highlighter Palette, High Glossy Face Illuminator Palette, Narutal Glow Finish, Pearl Shimmer Smooth Baked Powder, Lasting Sparkling Highlighter Makeup-SUN GLOW</p><p>$9.99</p><a href="https://www.amazon.com/dp/B09288DSSX?tag=eloabder-20&linkCode=osi&th=1&psc=1">View Product</a></div><div class="product"><a href="https://www.amazon.com/dp/B0C41PSDZF?tag=eloabder-20&linkCode=osi&th=1&psc=1"><img src="https://m.media-amazon.com/images/I/41FLNU-tL-L._SL500_.jpg" alt="Product Image"></a><p>NYX PROFESSIONAL MAKEUP, Jumbo Multi-Use Face Highlighter Stick - Vanilla Ice Cream</p><p>$6.00</p><a href="https://www.amazon.com/dp/B0C41PSDZF?tag=eloabder-20&linkCode=osi&th=1&psc=1">View Product</a></div><div class="product"><a href="https://www.amazon.com/dp/B082YPL2SV?tag=eloabder-20&linkCode=osi&th=1&psc=1"><img src="https://m.media-amazon.com/images/I/51Y+MCkwArL._SL500_.jpg" alt="Product Image"></a><p>Wet n Wild MegaGlo Blushlighter, Blendable Blush & Highlighter Set, Shimmery Metallic Finish, Highlight Bling</p><p>$5.47</p><a href="https://www.amazon.com/dp/B082YPL2SV?tag=eloabder-20&linkCode=osi&th=1&psc=1">View Product</a></div><div class="product"><a href="https://www.amazon.com/dp/B07QPY11KY?tag=eloabder-20&linkCode=osi&th=1&psc=1"><img src="https://m.media-amazon.com/images/I/312T7p8cW6L._SL500_.jpg" alt="Product Image"></a><p>Revolution Beauty, Reloaded Pressed Powder Highlighter, Intensely Pigmented for a High Impact Dewy Finish, Dare To Divulge, 0.22 Oz.</p><p>$6.98</p><a href="https://www.amazon.com/dp/B07QPY11KY?tag=eloabder-20&linkCode=osi&th=1&psc=1">View Product</a></div><div class="product"><a href="https://www.amazon.com/dp/B0C6V67KJW?tag=eloabder-20&linkCode=osi&th=1&psc=1"><img src="https://m.media-amazon.com/images/I/31Yh8b8JEjL._SL500_.jpg" alt="Product Image"></a><p>e.l.f. Halo Glow Highlight Beauty Wand, Liquid Highlighter Wand For Luminous, Glowing Skin, Buildable Formula, Vegan & Cruelty-free,Champagne Campaign</p><p>$9.00</p><a href="https://www.amazon.com/dp/B0C6V67KJW?tag=eloabder-20&linkCode=osi&th=1&psc=1">View Product</a></div><div class="product"><a href="https://www.amazon.com/dp/B073WMG59J?tag=eloabder-20&linkCode=osi&th=1&psc=1"><img src="https://m.media-amazon.com/images/I/51fz8bpJNNL._SL500_.jpg" alt="Product Image"></a><p>wet n wild MegaGlo Highlighting Powder, Highlighter Makeup, Shimmer Glow, Pink Rose Gold Blossom Glow</p><p>$5.47</p><a href="https://www.amazon.com/dp/B073WMG59J?tag=eloabder-20&linkCode=osi&th=1&psc=1">View Product</a></div><div class="product"><a href="https://www.amazon.com/dp/B074PTZCNW?tag=eloabder-20&linkCode=osi&th=1&psc=1"><img src="https://m.media-amazon.com/images/I/31btEAGukiL._SL500_.jpg" alt="Product Image"></a><p>L'Oreal Paris Makeup True Match Lumi Glotion, Natural Glow Enhancer, Illuminator Highlighter Skin Tint, for an All Day Radiant Glow, Light, 1.35 Ounces</p><p>$12.74</p><a href="https://www.amazon.com/dp/B074PTZCNW?tag=eloabder-20&linkCode=osi&th=1&psc=1">View Product</a></div><div class="product"><a href="https://www.amazon.com/dp/B0BD9HYBKD?tag=eloabder-20&linkCode=osi&th=1&psc=1"><img src="https://m.media-amazon.com/images/I/319tXl8nMUL._SL500_.jpg" alt="Product Image"></a><p>LAURA GELLER NEW YORK Baked Natural Glow Highlighter Radiance Enhancing Makeup, French Vanilla</p><p>$18.99</p><a href="https://www.amazon.com/dp/B0BD9HYBKD?tag=eloabder-20&linkCode=osi&th=1&psc=1">View Product</a></div><div class="product"><a href="https://www.amazon.com/dp/B075K784FK?tag=eloabder-20&linkCode=osi&th=1&psc=1"><img src="https://m.media-amazon.com/images/I/51q6Nf009iL._SL500_.jpg" alt="Product Image"></a><p>Physicians Formula Murumuru Butter Highlighter Makeup Face Powder Make Up, Pearl, Dermatologist Approved</p><p>$10.00</p><a href="https://www.amazon.com/dp/B075K784FK?tag=eloabder-20&linkCode=osi&th=1&psc=1">View Product</a></div><div class="product"><a href="https://www.amazon.com/dp/B083574V27?tag=eloabder-20&linkCode=osi&th=1&psc=1"><img src="https://m.media-amazon.com/images/I/41fyFVpDrXL._SL500_.jpg" alt="Product Image"></a><p>Milani Baked Highlighter (Dolce Perla) - Cruelty-Free Powder Highlighter, Highlight Face for a Shimmery or Matte Finish</p><p>$10.97 ($39.18 / Ounce)</p><a href="https://www.amazon.com/dp/B083574V27?tag=eloabder-20&linkCode=osi&th=1&psc=1">View Product</a></div>
<div class="product"><a href="https://www.amazon.com/dp/B09XMYFTB7?tag=eloabder-20&linkCode=osi&th=1&psc=1"><img src="https://m.media-amazon.com/images/I/31t+Ua+JWSL._SL500_.jpg" alt="Product Image"></a><p>e.l.f. Power Grip Primer, Gel-Based & Hydrating Face Primer For Smoothing Skin & Gripping Makeup, Moisturizes & Primes, 0.811 Fl Oz (24 ml)</p><p>$9.98</p><a href="https://www.amazon.com/dp/B09XMYFTB7?tag=eloabder-20&linkCode=osi&th=1&psc=1">View Product</a></div><div class="product"><a href="https://www.amazon.com/dp/B07BHB7QBN?tag=eloabder-20&linkCode=osi&th=1&psc=1"><img src="https://m.media-amazon.com/images/I/31kMxA9EhWL._SL500_.jpg" alt="Product Image"></a><p>Maybelline New York Facestudio Master Prime Primer Makeup, Blur + Pore Minimize, 1 fl. oz.</p><p>$8.99</p><a href="https://www.amazon.com/dp/B07BHB7QBN?tag=eloabder-20&linkCode=osi&th=1&psc=1">View Product</a></div><div class="product"><a href="https://www.amazon.com/dp/B00JZ4V6V4?tag=eloabder-20&linkCode=osi&th=1&psc=1"><img src="https://m.media-amazon.com/images/I/31jO7qDk9zL._SL500_.jpg" alt="Product Image"></a><p>e.l.f. Poreless Face Primer, Restoring Makeup Primer For A Flawless, Smooth Canvas, Infused With Tea Tree & Vitamin A, Vegan & Cruelty-Free, 0.47 Fl Oz</p><p>$7.83</p><a href="https://www.amazon.com/dp/B00JZ4V6V4?tag=eloabder-20&linkCode=osi&th=1&psc=1">View Product</a></div><div class="product"><a href="https://www.amazon.com/dp/B0BQQS5GBQ?tag=eloabder-20&linkCode=osi&th=1&psc=1"><img src="https://m.media-amazon.com/images/I/31TLdF8cy8L._SL500_.jpg" alt="Product Image"></a><p>e.l.f. Power Grip Primer + 4% Niacinamide, Gel-Based & Hydrating Face Primer, Evens Skin & Brightens, Grips Makeup, Vegan & Cruelty-Free, 0.8 Fl Oz</p><p>$10.00</p><a href="https://www.amazon.com/dp/B0BQQS5GBQ?tag=eloabder-20&linkCode=osi&th=1&psc=1">View Product</a></div><div class="product"><a href="https://www.amazon.com/dp/B07NSH2B4D?tag=eloabder-20&linkCode=osi&th=1&psc=1"><img src="https://m.media-amazon.com/images/I/31gmpEmsBmL._SL500_.jpg" alt="Product Image"></a><p>e.l.f. Poreless Putty Primer, Silky, Skin-Perfecting, Lightweight, Long Lasting, Smooths, Hydrates, Minimizes Pores, Flawless Base & Finish, All-Day Wear, Ideal for All Skin Types, 0.74 Fl Oz</p><p>$10.00</p><a href="https://www.amazon.com/dp/B07NSH2B4D?tag=eloabder-20&linkCode=osi&th=1&psc=1">View Product</a></div><div class="product"><a href="https://www.amazon.com/dp/B09WYT4QTJ?tag=eloabder-20&linkCode=osi&th=1&psc=1"><img src="https://m.media-amazon.com/images/I/214qTbvzjrL._SL500_.jpg" alt="Product Image"></a><p>Smashbox The Original Photo Finish Smooth & Blur Oil-Free Makeup Primer - Infused with Vitamin A & E, Reduces The Appearance of Fine Lines and Pores - Travel Size, 0.34 fl oz</p><p>$16.00 ($47.06 / Ounce)</p><a href="https://www.amazon.com/dp/B09WYT4QTJ?tag=eloabder-20&linkCode=osi&th=1&psc=1">View Product</a></div><div class="product"><a href="https://www.amazon.com/dp/B07PQN4XZ1?tag=eloabder-20&linkCode=osi&th=1&psc=1"><img src="https://m.media-amazon.com/images/I/31BdxqUi-iL._SL500_.jpg" alt="Product Image"></a><p>Milk Makeup Hydro Grip Primer - 0.33 fl oz - Hydrates & Grips Makeup for Up to 12 Hours - Prevents Caking - All Skin Types - Fragrance-Free - Vegan, Cruelty Free</p><p>$20.00 ($60.61 / Fl Oz)</p><a href="https://www.amazon.com/dp/B07PQN4XZ1?tag=eloabder-20&linkCode=osi&th=1&psc=1">View Product</a></div><div class="product"><a href="https://www.amazon.com/dp/B00HVI8WYU?tag=eloabder-20&linkCode=osi&th=1&psc=1"><img src="https://m.media-amazon.com/images/I/31educzzSsL._SL500_.jpg" alt="Product Image"></a><p>e.l.f. Hydrating Face Primer, Makeup Primer For Flawless, Smooth Skin & Long-Lasting Makeup, Fills In Pores & Fine Lines, Vegan & Cruelty-free, Small</p><p>$8.00</p><a href="https://www.amazon.com/dp/B00HVI8WYU?tag=eloabder-20&linkCode=osi&th=1&psc=1">View Product</a></div><div class="product"><a href="https://www.amazon.com/dp/B07BHBDN3Y?tag=eloabder-20&linkCode=osi&th=1&psc=1"><img src="https://m.media-amazon.com/images/I/3173qcBCyFL._SL500_.jpg" alt="Product Image"></a><p>Maybelline New York Facestudio Master Prime Primer Makeup, Blur+ Defend, 1 fl. oz.</p><p>$9.77</p><a href="https://www.amazon.com/dp/B07BHBDN3Y?tag=eloabder-20&linkCode=osi&th=1&psc=1">View Product</a></div><div class="product"><a href="https://www.amazon.com/dp/B00I9X3UKM?tag=eloabder-20&linkCode=osi&th=1&psc=1"><img src="https://m.media-amazon.com/images/I/31Bx9WdmmdL._SL500_.jpg" alt="Product Image"></a><p>Rimmel London Stay Matte - 003 - Primer, Ultra-Lightweight, Controls Shine, Doesn’t Feel Greasy, 1oz</p><p>$5.97</p><a href="https://www.amazon.com/dp/B00I9X3UKM?tag=eloabder-20&linkCode=osi&th=1&psc=1">View Product</a></div>
<div class="product"><a href="https://www.amazon.com/dp/B008C131AK?tag=eloabder-20&linkCode=osi&th=1&psc=1"><img src="https://m.media-amazon.com/images/I/41EVShOq3PL._SL500_.jpg" alt="Product Image"></a><p>Maybelline Dream Fresh Skin Hydrating BB cream, 8-in-1 Skin Perfecting Beauty Balm with Broad Spectrum SPF 30, Sheer Tint Coverage, Oil-Free, Medium, 1 Fl Oz</p><p>$7.99</p><a href="https://www.amazon.com/dp/B008C131AK?tag=eloabder-20&linkCode=osi&th=1&psc=1">View Product</a></div><div class="product"><a href="https://www.amazon.com/dp/B0084A5PWQ?tag=eloabder-20&linkCode=osi&th=1&psc=1"><img src="https://m.media-amazon.com/images/I/31RjcO5JPeL._SL500_.jpg" alt="Product Image"></a><p>L'Oréal Paris Makeup Magic Skin Beautifier BB Cream Tinted Moisturizer, Medium, 1 fl oz, 1 Count</p><p>$9.98</p><a href="https://www.amazon.com/dp/B0084A5PWQ?tag=eloabder-20&linkCode=osi&th=1&psc=1">View Product</a></div><div class="product"><a href="https://www.amazon.com/dp/B002B9DWBC?tag=eloabder-20&linkCode=osi&th=1&psc=1"><img src="https://m.media-amazon.com/images/I/41ZejVfTaoL._SL500_.jpg" alt="Product Image"></a><p>MISSHA M Perfect BB Cream No.21 Light Beige for Bright Skin SPF 42 PA +++ 1.69 Fl Oz - Tinted Moisturizer for face with SPF</p><p>$9.90</p><a href="https://www.amazon.com/dp/B002B9DWBC?tag=eloabder-20&linkCode=osi&th=1&psc=1">View Product</a></div><div class="product"><a href="https://www.amazon.com/dp/B00KJ82CN6?tag=eloabder-20&linkCode=osi&th=1&psc=1"><img src="https://m.media-amazon.com/images/I/41VM3jcO3oS._SL500_.jpg" alt="Product Image"></a><p>Maybelline Dream Pure Skin Clearing BB Cream, 8-in-1 Skin Perfecting Beauty Balm With 2% Salicylic Acid, Sheer Tint Coverage, Oil-Free, Light/Medium, 1 Count</p><p>$7.99</p><a href="https://www.amazon.com/dp/B00KJ82CN6?tag=eloabder-20&linkCode=osi&th=1&psc=1">View Product</a></div><div class="product"><a href="https://www.amazon.com/dp/B000V33OGS?tag=eloabder-20&linkCode=osi&th=1&psc=1"><img src="https://m.media-amazon.com/images/I/41I8dzKEI+L._SL500_.jpg" alt="Product Image"></a><p>COVERGIRL Smoothers Lightweight BB Cream, Fair to Light 805, 1.35 oz (Packaging May Vary) Lightweight Hydrating 10-In-1 Skin Enhancer with SPF 21 UV Protection</p><p>$6.97</p><a href="https://www.amazon.com/dp/B000V33OGS?tag=eloabder-20&linkCode=osi&th=1&psc=1">View Product</a></div><div class="product"><a href="https://www.amazon.com/dp/B01E527F38?tag=eloabder-20&linkCode=osi&th=1&psc=1"><img src="https://m.media-amazon.com/images/I/31jXYhER5QL._SL500_.jpg" alt="Product Image"></a><p>COVERGIRL - Clean Matte BB Cream, Oil-Free, Long-Lasting, Sensitive Skin, Lightweight, 100% Cruelty-Free</p><p>$7.99</p><a href="https://www.amazon.com/dp/B01E527F38?tag=eloabder-20&linkCode=osi&th=1&psc=1">View Product</a></div><div class="product"><a href="https://www.amazon.com/dp/B07WTX6SKL?tag=eloabder-20&linkCode=osi&th=1&psc=1"><img src="https://m.media-amazon.com/images/I/41mtjVTdh3L._SL500_.jpg" alt="Product Image"></a><p>MISSHA M Perfect Cover BB Cream No.13 Bright Beige for Fair Skin SPF 42 PA +++ 1.69 Fl Oz - Tinted Moisturizer for face with SPF</p><p>$9.70 ($5.74 / Fl Oz)</p><a href="https://www.amazon.com/dp/B07WTX6SKL?tag=eloabder-20&linkCode=osi&th=1&psc=1">View Product</a></div><div class="product"><a href="https://www.amazon.com/dp/B09BYL7M3G?tag=eloabder-20&linkCode=osi&th=1&psc=1"><img src="https://m.media-amazon.com/images/I/41t-BZ1FdOL._SL500_.jpg" alt="Product Image"></a><p>purlisse Ageless Glow Serum BB Cream SPF 40 : Clean & Cruelty-Free, Full & Flawless Coverage, Hydrates with Collagen | Light 1.4oz</p><p>$39.00 ($37.50 / Fl Oz)</p><a href="https://www.amazon.com/dp/B09BYL7M3G?tag=eloabder-20&linkCode=osi&th=1&psc=1">View Product</a></div><div class="product"><a href="https://www.amazon.com/dp/B08JCK7LSN?tag=eloabder-20&linkCode=osi&th=1&psc=1"><img src="https://m.media-amazon.com/images/I/31KzNyZ7WBL._SL500_.jpg" alt="Product Image"></a><p>PURITO Cica Clearing BB Cream #21 Light Beige 1 fl.oz / 30ml, Vegan bb cream, tinted</p><p>$12.00</p><a href="https://www.amazon.com/dp/B08JCK7LSN?tag=eloabder-20&linkCode=osi&th=1&psc=1">View Product</a></div><div class="product"><a href="https://www.amazon.com/dp/B01M9FG3PS?tag=eloabder-20&linkCode=osi&th=1&psc=1"><img src="https://m.media-amazon.com/images/I/41i-ftNWghL._SL500_.jpg" alt="Product Image"></a><p>pūrlisse Perfect Glow BB Cream SPF 30: Clean & Cruelty-Free, Medium Flawless Coverage, Hydrates with Jasmine | Light 1.4oz</p><p>$36.00 ($26.47 / Fl Oz)</p><a href="https://www.amazon.com/dp/B01M9FG3PS?tag=eloabder-20&linkCode=osi&th=1&psc=1">View Product</a></div>
<div class="product"><a href="https://www.amazon.com/dp/B00RZ4R0ZM?tag=eloabder-20&linkCode=osi&th=1&psc=1"><img src="https://m.media-amazon.com/images/I/41h3Z7gUh4L._SL500_.jpg" alt="Product Image"></a><p>IT Cosmetics Your Skin But Better CC+ Cream, Light (W) - Color Correcting Cream, Full-Coverage Foundation, Hydrating Serum & SPF 50+ Sunscreen - Natural Finish - 1.08 fl oz</p><p>$47.00 ($43.52 / Fl Oz)</p><a href="https://www.amazon.com/dp/B00RZ4R0ZM?tag=eloabder-20&linkCode=osi&th=1&psc=1">View Product</a></div><div class="product"><a href="https://www.amazon.com/dp/B09TSSR6TQ?tag=eloabder-20&linkCode=osi&th=1&psc=1"><img src="https://m.media-amazon.com/images/I/41YfZQIZVHL._SL500_.jpg" alt="Product Image"></a><p>Erborian Color Correcting CC Cream with cica, Tan (Dore) - Lightweight Multi-Purpose Foundation with Illuminating Finish Soothes & Hydrates - SPF Korean Skincare Skin Perfector - 1.5 Oz</p><p>$46.00 ($30.67 / Ounce)</p><a href="https://www.amazon.com/dp/B09TSSR6TQ?tag=eloabder-20&linkCode=osi&th=1&psc=1">View Product</a></div><div class="product"><a href="https://www.amazon.com/dp/B0CG67918Y?tag=eloabder-20&linkCode=osi&th=1&psc=1"><img src="https://m.media-amazon.com/images/I/31ZBRrlGQeL._SL500_.jpg" alt="Product Image"></a><p>Color Correcting CC Cream with SPF 25, Coverage Lightweight Foundation, Hydrating Serum, Even Skin Tone Makeup and Skin Care, Boost Radiance, Refine Skin Texture, Avoid Sun Damage (LightLight, 1PCS)</p><p>$9.99</p><a href="https://www.amazon.com/dp/B0CG67918Y?tag=eloabder-20&linkCode=osi&th=1&psc=1">View Product</a></div><div class="product"><a href="https://www.amazon.com/dp/B07GV322NS?tag=eloabder-20&linkCode=osi&th=1&psc=1"><img src="https://m.media-amazon.com/images/I/318Xp-z4BzL._SL500_.jpg" alt="Product Image"></a><p>IT Cosmetics Your Skin But Better CC+ Cream Illumination - Color Correcting Cream, Full-Coverage Foundation, Hydrating Serum & SPF 50+ Sunscreen Radiant Finish 1.08 fl oz</p><p>$47.00 ($43.52 / Fl Oz)</p><a href="https://www.amazon.com/dp/B07GV322NS?tag=eloabder-20&linkCode=osi&th=1&psc=1">View Product</a></div><div class="product"><a href="https://www.amazon.com/dp/B08TQMG68Q?tag=eloabder-20&linkCode=osi&th=1&psc=1"><img src="https://m.media-amazon.com/images/I/31WzGFVeXLL._SL500_.jpg" alt="Product Image"></a><p>e.l.f. Camo CC Cream, Color Correcting Medium-To-Full Coverage Foundation with SPF 30, Light 240 W, 1.05 Oz (30g)</p><p>$14.29</p><a href="https://www.amazon.com/dp/B08TQMG68Q?tag=eloabder-20&linkCode=osi&th=1&psc=1">View Product</a></div><div class="product"><a href="https://www.amazon.com/dp/B00HUA6LCO?tag=eloabder-20&linkCode=osi&th=1&psc=1"><img src="https://m.media-amazon.com/images/I/31tzzIuzR3L._SL500_.jpg" alt="Product Image"></a><p>Physicians Formula Super CC+ Cream Color-Correction + Care Cream Full Coverage Light Foundation, Anti Aging Hydrating Serum, For Uneven Skin Tone, Dermatologist Approved</p><p>$12.30</p><a href="https://www.amazon.com/dp/B00HUA6LCO?tag=eloabder-20&linkCode=osi&th=1&psc=1">View Product</a></div><div class="product"><a href="https://www.amazon.com/dp/B00E4OQ63I?tag=eloabder-20&linkCode=osi&th=1&psc=1"><img src="https://m.media-amazon.com/images/I/31C4yvovnxL._SL500_.jpg" alt="Product Image"></a><p>Lumene Color Correcting CC Cream - Lightweight Foundation with Medium Coverage - Redness Reducing Face Makeup for a Glowing Complexion - Vegan Formula + Suitable for All Skin Types - Medium (1 fl oz)</p><p>$17.40 ($17.40 / Fl Oz)</p><a href="https://www.amazon.com/dp/B00E4OQ63I?tag=eloabder-20&linkCode=osi&th=1&psc=1">View Product</a></div><div class="product"><a href="https://www.amazon.com/dp/B09TSRF2Q8?tag=eloabder-20&linkCode=osi&th=1&psc=1"><img src="https://m.media-amazon.com/images/I/41lZpQCt9HL._SL500_.jpg" alt="Product Image"></a><p>Erborian Color Correcting CC Cream with Centella Asiatica, Red Correct - Light Multi-Purpose Facial Concealer with Illuminating Finish Soothes & Hydrates - SPF Korean Skincare Skin Perfector - 0.5 Oz</p><p>$25.00 ($50.00 / Ounce)</p><a href="https://www.amazon.com/dp/B09TSRF2Q8?tag=eloabder-20&linkCode=osi&th=1&psc=1">View Product</a></div><div class="product"><a href="https://www.amazon.com/dp/B00U3203IY?tag=eloabder-20&linkCode=osi&th=1&psc=1"><img src="https://m.media-amazon.com/images/I/31BL0K5i4vL._SL500_.jpg" alt="Product Image"></a><p>IT Cosmetics Your Skin But Better CC+ Cream Travel Size, Light (W) - Color Correcting Cream, Full-Coverage Foundation, Hydrating Serum & SPF 50+ Sunscreen - Natural Finish - 0.406 fl oz</p><p>$22.00 ($55.00 / Fl Oz)</p><a href="https://www.amazon.com/dp/B00U3203IY?tag=eloabder-20&linkCode=osi&th=1&psc=1">View Product</a></div>
<div class="product"><a href="https://www.amazon.com/dp/B0CG68RTBB?tag=eloabder-20&linkCode=osi&th=1&psc=1"><img src="https://m.media-amazon.com/images/I/51d8MhcTFdL._SL500_.jpg" alt="Product Image"></a><p>Contour Stick, Highlighter Stick, Blush Stick 3Pcs Cream Contour Kit with Contour Brush, Create Face Contour, Non-greasy, Waterproof Long-lasting Effect, Highlighter Makeup Stick for Beginner Medium</p><p>$6.64 ($1.72 / Ounce)</p><a href="https://www.amazon.com/dp/B0CG68RTBB?tag=eloabder-20&linkCode=osi&th=1&psc=1">View Product</a></div><div class="product"><a href="https://www.amazon.com/dp/B0B7713RZQ?tag=eloabder-20&linkCode=osi&th=1&psc=1"><img src="https://m.media-amazon.com/images/I/51pLW0sMwGL._SL500_.jpg" alt="Product Image"></a><p>4 Colors Cream Contour Sticks Makeup Kit, Primer Face Highlighter Contouring for Beginners, Highlight and Contour Kit, Cream Concealer Makeup Blur Stick, Primer Face Corrector 1#,3#</p><p>$9.98</p><a href="https://www.amazon.com/dp/B0B7713RZQ?tag=eloabder-20&linkCode=osi&th=1&psc=1">View Product</a></div><div class="product"><a href="https://www.amazon.com/dp/B014PVXY5W?tag=eloabder-20&linkCode=osi&th=1&psc=1"><img src="https://m.media-amazon.com/images/I/41Qf+n9Gn-L._SL500_.jpg" alt="Product Image"></a><p>Aesthetica Cosmetics Cream Contour and Highlighting Makeup Kit - Contouring Foundation/Concealer Palette - Vegan & Cruelty Free - Step-by-Step Instructions Included</p><p>$29.97 ($47.57 / Ounce)</p><a href="https://www.amazon.com/dp/B014PVXY5W?tag=eloabder-20&linkCode=osi&th=1&psc=1">View Product</a></div><div class="product"><a href="https://www.amazon.com/dp/B0CSCYCQTP?tag=eloabder-20&linkCode=osi&th=1&psc=1"><img src="https://m.media-amazon.com/images/I/41g9O0LMEpL._SL500_.jpg" alt="Product Image"></a><p>Umadit Contour Stick, Blush Stick, Highlighter Stick, Bronzer Stick, 3 Pcs Cream Contour Kit with Brush for a Flawless Look, Contour Stick Makeup Non-Greasy Waterproof, Long-lasting Fair-Medium</p><p>$14.99</p><a href="https://www.amazon.com/dp/B0CSCYCQTP?tag=eloabder-20&linkCode=osi&th=1&psc=1">View Product</a></div><div class="product"><a href="https://www.amazon.com/dp/B0C6MYW7FC?tag=eloabder-20&linkCode=osi&th=1&psc=1"><img src="https://m.media-amazon.com/images/I/51CRa+rR5yL._SL500_.jpg" alt="Product Image"></a><p>3Pcs Cream Contour Stick Makeup Kit,Shades with Highlighter Stick,Blush Stick and Bronzer Contour Stick for Sculpt the Cheeks,Long Lasting,Waterproof,Matte & Dewy Finish,LIGHT MEDIUM (#02,05,06)</p><p>$12.99</p><a href="https://www.amazon.com/dp/B0C6MYW7FC?tag=eloabder-20&linkCode=osi&th=1&psc=1">View Product</a></div><div class="product"><a href="https://www.amazon.com/dp/B074G44PVR?tag=eloabder-20&linkCode=osi&th=1&psc=1"><img src="https://m.media-amazon.com/images/I/41dMa+Rs2NL._SL500_.jpg" alt="Product Image"></a><p>W7 Lift & Sculpt Cream Contour Kit - Concealing, Highlighting & Contouring Makeup Palette - Step-by-Step Instructions Included</p><p>$6.29 ($8.99 / Ounce)</p><a href="https://www.amazon.com/dp/B074G44PVR?tag=eloabder-20&linkCode=osi&th=1&psc=1">View Product</a></div><div class="product"><a href="https://www.amazon.com/dp/B0045J2GKY?tag=eloabder-20&linkCode=osi&th=1&psc=1"><img src="https://m.media-amazon.com/images/I/31m4Yh07iZL._SL500_.jpg" alt="Product Image"></a><p>Smashbox Step-By-Step Contour, Highlighter, & Bronzer Face Palette with Angled Brush, Light/Medium</p><p>$40.00 ($100.00 / Ounce)</p><a href="https://www.amazon.com/dp/B0045J2GKY?tag=eloabder-20&linkCode=osi&th=1&psc=1">View Product</a></div><div class="product"><a href="https://www.amazon.com/dp/B0169YYBYQ?tag=eloabder-20&linkCode=osi&th=1&psc=1"><img src="https://m.media-amazon.com/images/I/31BGUv-HtUL._SL500_.jpg" alt="Product Image"></a><p>Maybelline Facestudio Master Contour Face Contouring Kit, Light to Medium, 1 Count</p><p>$9.98 ($28.51 / Ounce)</p><a href="https://www.amazon.com/dp/B0169YYBYQ?tag=eloabder-20&linkCode=osi&th=1&psc=1">View Product</a></div><div class="product"><a href="https://www.amazon.com/dp/B00HG1JMB4?tag=eloabder-20&linkCode=osi&th=1&psc=1"><img src="https://m.media-amazon.com/images/I/31wv1eTLSgL._SL500_.jpg" alt="Product Image"></a><p>Anastasia Beverly Hills Contour Powder Kit - Light to Medium Women 0.66 oz</p><p>$40.00 ($60.61 / Ounce)</p><a href="https://www.amazon.com/dp/B00HG1JMB4?tag=eloabder-20&linkCode=osi&th=1&psc=1">View Product</a></div><div class="product"><a href="https://www.amazon.com/dp/B0CZLKZ5MV?tag=eloabder-20&linkCode=osi&th=1&psc=1"><img src="https://m.media-amazon.com/images/I/41bkKtdgzlL._SL500_.jpg" alt="Product Image"></a><p>3Pcs Cream Contour Stick Makeup Kit, Shades with Highlighter Stick, Blush Stick and Bronzer Contour Stick for Sculpt the Cheeks, Long Lasting, Waterproof, Matte & Dewy Finish (LIGHT MEDIUM)</p><p>$9.99</p><a href="https://www.amazon.com/dp/B0CZLKZ5MV?tag=eloabder-20&linkCode=osi&th=1&psc=1">View Product</a></div>
<div class="product"><a href="https://www.amazon.com/dp/B00WZQTCS8?tag=eloabder-20&linkCode=osi&th=1&psc=1"><img src="https://m.media-amazon.com/images/I/41iVoW5QboL._SL500_.jpg" alt="Product Image"></a><p>NYX PROFESSIONAL MAKEUP Micro Brow Pencil, Eyebrow Pencil - Espresso</p><p>$7.33</p><a href="https://www.amazon.com/dp/B00WZQTCS8?tag=eloabder-20&linkCode=osi&th=1&psc=1">View Product</a></div><div class="product"><a href="https://www.amazon.com/dp/B01643FI0I?tag=eloabder-20&linkCode=osi&th=1&psc=1"><img src="https://m.media-amazon.com/images/I/21w1DpgxRoL._SL500_.jpg" alt="Product Image"></a><p>L'Oreal Paris Makeup Brow Stylist Definer Waterproof Eyebrow Pencil, Ultra-Fine Mechanical Pencil, Draws Tiny Brow Hairs and Fills in Sparse Areas and Gaps, Dark Brunette, 0.003 Ounce (Pack of 1)</p><p>$8.98</p><a href="https://www.amazon.com/dp/B01643FI0I?tag=eloabder-20&linkCode=osi&th=1&psc=1">View Product</a></div><div class="product"><a href="https://www.amazon.com/dp/B074VD4X7W?tag=eloabder-20&linkCode=osi&th=1&psc=1"><img src="https://m.media-amazon.com/images/I/41eK8J1W2rL._SL500_.jpg" alt="Product Image"></a><p>Maybelline Total Temptation Eyebrow Definer Pencil, Soft Brown, 1 Count</p><p>$8.99</p><a href="https://www.amazon.com/dp/B074VD4X7W?tag=eloabder-20&linkCode=osi&th=1&psc=1">View Product</a></div><div class="product"><a href="https://www.amazon.com/dp/B0797NNXS7?tag=eloabder-20&linkCode=osi&th=1&psc=1"><img src="https://m.media-amazon.com/images/I/31M1oepnAnL._SL500_.jpg" alt="Product Image"></a><p>wet n wild Ultimate Eyebrow Retractable Definer Pencil, Dark Brown, Dual-Sided, Fine Tip, Shapes, Defines, Fills Brows Makeup</p><p>$3.26</p><a href="https://www.amazon.com/dp/B0797NNXS7?tag=eloabder-20&linkCode=osi&th=1&psc=1">View Product</a></div><div class="product"><a href="https://www.amazon.com/dp/B0B52KG7YP?tag=eloabder-20&linkCode=osi&th=1&psc=1"><img src="https://m.media-amazon.com/images/I/31Mi4FEPxYL._SL500_.jpg" alt="Product Image"></a><p>e.l.f. Instant Lift Brow Pencil, Dual-Ended Precision Brow Pencils For Shaping & Defining Eyebrows, Vegan & Cruelty-Free, Neutral Brown, 2-Pack</p><p>$5.00</p><a href="https://www.amazon.com/dp/B0B52KG7YP?tag=eloabder-20&linkCode=osi&th=1&psc=1">View Product</a></div><div class="product"><a href="https://www.amazon.com/dp/B0CPFY8K8W?tag=eloabder-20&linkCode=osi&th=1&psc=1"><img src="https://m.media-amazon.com/images/I/21SmXiqZZYL._SL500_.jpg" alt="Product Image"></a><p>e.l.f. Instant Lift Waterproof Brow Pencil, Long-Lasting Eyebrow Pencil For Grooming & Shaping Brows, Vegan & Cruelty-free, Deep Brown</p><p>$4.00</p><a href="https://www.amazon.com/dp/B0CPFY8K8W?tag=eloabder-20&linkCode=osi&th=1&psc=1">View Product</a></div><div class="product"><a href="https://www.amazon.com/dp/B0779TDXZD?tag=eloabder-20&linkCode=osi&th=1&psc=1"><img src="https://m.media-amazon.com/images/I/31lQjBd5GoL._SL500_.jpg" alt="Product Image"></a><p>COVERGIRL - Easy Breezy Brow Micro-Fine + Define Pencil, Micro-fine tip, no sharpening required, Built-in spoolie-brush, 100% Cruelty-Free</p><p>$6.98</p><a href="https://www.amazon.com/dp/B0779TDXZD?tag=eloabder-20&linkCode=osi&th=1&psc=1">View Product</a></div><div class="product"><a href="https://www.amazon.com/dp/B001ESKLZQ?tag=eloabder-20&linkCode=osi&th=1&psc=1"><img src="https://m.media-amazon.com/images/I/31bw47frHzS._SL500_.jpg" alt="Product Image"></a><p>COVERGIRL - Easy Breezy Brow Fill + Define Brow Pencil, Sharpener Included, Long-Lasting, Deeply Pigmented, Blendable Formula, 100% Cruelty-Free</p><p>$4.47</p><a href="https://www.amazon.com/dp/B001ESKLZQ?tag=eloabder-20&linkCode=osi&th=1&psc=1">View Product</a></div><div class="product"><a href="https://www.amazon.com/dp/B0BZB5S5VZ?tag=eloabder-20&linkCode=osi&th=1&psc=1"><img src="https://m.media-amazon.com/images/I/21yggYcUn7L._SL500_.jpg" alt="Product Image"></a><p>Maybelline Express Brow Ultra Slim Eyebrow Makeup, Brow Pencil with Precision Tip and Spoolie for Defined Eyebrows, Ash Brown, 1 Count</p><p>$7.99</p><a href="https://www.amazon.com/dp/B0BZB5S5VZ?tag=eloabder-20&linkCode=osi&th=1&psc=1">View Product</a></div><div class="product"><a href="https://www.amazon.com/dp/B0D12PWNK6?tag=eloabder-20&linkCode=osi&th=1&psc=1"><img src="https://m.media-amazon.com/images/I/51u7eOlEtFL._SL500_.jpg" alt="Product Image"></a><p>iMethod Microblading Eyebrow Pen - Eyebrow Pencil Magical 2-in-1 Dual-Ended Eye Brow Pencils for Women with 4-Fork-Tip & Precise Brush-Tip Create Natural Hair-Like Brows, Last All-Day, Dark Brown</p><p>$14.97 ($14.97 / Count)</p><a href="https://www.amazon.com/dp/B0D12PWNK6?tag=eloabder-20&linkCode=osi&th=1&psc=1">View Product</a></div>
<div class="product"><a href="https://www.amazon.com/dp/B08M58SWB1?tag=eloabder-20&linkCode=osi&th=1&psc=1"><img src="https://m.media-amazon.com/images/I/310xAdliG2L._SL500_.jpg" alt="Product Image"></a><p>NYX PROFESSIONAL MAKEUP The Brow Glue, Extreme Hold Eyebrow Gel - Clear</p><p>$9.97</p><a href="https://www.amazon.com/dp/B08M58SWB1?tag=eloabder-20&linkCode=osi&th=1&psc=1">View Product</a></div><div class="product"><a href="https://www.amazon.com/dp/B0CXZHMR7J?tag=eloabder-20&linkCode=osi&th=1&psc=1"><img src="https://m.media-amazon.com/images/I/31Yeo2ybK3L._SL500_.jpg" alt="Product Image"></a><p>L'Oreal Paris Infallible Up To 24H Wear Brow Lamination, Water-Resistant Longwear Eyebrow Gel Make Up, Clear/Transparent, 0.16 Fl Oz</p><p>$10.98</p><a href="https://www.amazon.com/dp/B0CXZHMR7J?tag=eloabder-20&linkCode=osi&th=1&psc=1">View Product</a></div><div class="product"><a href="https://www.amazon.com/dp/B00INCDKDQ?tag=eloabder-20&linkCode=osi&th=1&psc=1"><img src="https://m.media-amazon.com/images/I/31av5tR14oL._SL500_.jpg" alt="Product Image"></a><p>NYX PROFESSIONAL MAKEUP Control Freak Eyebrow Gel - Clear</p><p>$5.25</p><a href="https://www.amazon.com/dp/B00INCDKDQ?tag=eloabder-20&linkCode=osi&th=1&psc=1">View Product</a></div><div class="product"><a href="https://www.amazon.com/dp/B0815D98F3?tag=eloabder-20&linkCode=osi&th=1&psc=1"><img src="https://m.media-amazon.com/images/I/21QZMOUJnZL._SL500_.jpg" alt="Product Image"></a><p>e.l.f. Wow Brow Gel, Volumizing, Buildable, Wax-Gel Hybrid, Creates Full, Voluminous-Looking Brows, Locks Brow Hairs In Place, Neutral Brown, Fiber-Infused, 0.12 Oz</p><p>$5.00</p><a href="https://www.amazon.com/dp/B0815D98F3?tag=eloabder-20&linkCode=osi&th=1&psc=1">View Product</a></div><div class="product"><a href="https://www.amazon.com/dp/B0CZ9RC3LP?tag=eloabder-20&linkCode=osi&th=1&psc=1"><img src="https://m.media-amazon.com/images/I/31iejSSA86L._SL500_.jpg" alt="Product Image"></a><p>Maybelline Super Lock Brow Glue Eyebrow Gel, Lightweight Brow Gel For Up To 24HR Hold, Clear, 1 Count</p><p>$8.98</p><a href="https://www.amazon.com/dp/B0CZ9RC3LP?tag=eloabder-20&linkCode=osi&th=1&psc=1">View Product</a></div><div class="product"><a href="https://www.amazon.com/dp/B07GYBFBLY?tag=eloabder-20&linkCode=osi&th=1&psc=1"><img src="https://m.media-amazon.com/images/I/41kXdvFl3lL._SL500_.jpg" alt="Product Image"></a><p>L'Oreal Paris Unbelieva-Brow Longwear Waterproof Tinted Brow Gel, Smudge-resistant, Transfer- Proof, Quick Drying, Easy and quick application with precise brush, Blonde, 0.15 fl. oz.</p><p>$14.99</p><a href="https://www.amazon.com/dp/B07GYBFBLY?tag=eloabder-20&linkCode=osi&th=1&psc=1">View Product</a></div><div class="product"><a href="https://www.amazon.com/dp/B0BSP2J3BH?tag=eloabder-20&linkCode=osi&th=1&psc=1"><img src="https://m.media-amazon.com/images/I/316Jdh8JQ8L._SL500_.jpg" alt="Product Image"></a><p>e.l.f. Clear Lash & Brow Mascara 2-Pack, Conditioning Clear Brow & Lash Gel For Grooming, Defining & Separating, Long-Lasting, Vegan & Cruelty-Free</p><p>$5.00</p><a href="https://www.amazon.com/dp/B0BSP2J3BH?tag=eloabder-20&linkCode=osi&th=1&psc=1">View Product</a></div><div class="product"><a href="https://www.amazon.com/dp/B0D3FGY5D6?tag=eloabder-20&linkCode=osi&th=1&psc=1"><img src="https://m.media-amazon.com/images/I/31aAxHQKwVL._SL500_.jpg" alt="Product Image"></a><p>e.l.f. Brow Laminating Gel, Strong-Hold, Clear-Drying & Water-Resistant Brow Gel Creates Laminated Brows, Comb & Sculpt Brows, Vegan & Cruelty-free</p><p>$8.00</p><a href="https://www.amazon.com/dp/B0D3FGY5D6?tag=eloabder-20&linkCode=osi&th=1&psc=1">View Product</a></div><div class="product"><a href="https://www.amazon.com/dp/B00GI21NZA?tag=eloabder-20&linkCode=osi&th=1&psc=1"><img src="https://m.media-amazon.com/images/I/31w5F4g8lsL._SL500_.jpg" alt="Product Image"></a><p>Anastasia Beverly Hills - Clear Brow Gel</p><p>$22.00 ($22.00 / Count)</p><a href="https://www.amazon.com/dp/B00GI21NZA?tag=eloabder-20&linkCode=osi&th=1&psc=1">View Product</a></div>
<div class="product"><a href="https://www.amazon.com/dp/B001AAVC7Y?tag=eloabder-20&linkCode=osi&th=1&psc=1"><img src="https://m.media-amazon.com/images/I/51pWQb458XL._SL500_.jpg" alt="Product Image"></a><p>Palladio Brow Powder for Eyebrows, Soft and Natural Eyebrow Powder with Jojoba Oil & Shea Butter, Helps Enhance & Define Brows, Compact Size for Purse or Travel, Includes Applicator Brush, Taupe</p><p>$8.99</p><a href="https://www.amazon.com/dp/B001AAVC7Y?tag=eloabder-20&linkCode=osi&th=1&psc=1">View Product</a></div><div class="product"><a href="https://www.amazon.com/dp/B082YQ4QXJ?tag=eloabder-20&linkCode=osi&th=1&psc=1"><img src="https://m.media-amazon.com/images/I/41eSAKmXl+L._SL500_.jpg" alt="Product Image"></a><p>wet n wild Ultimate Eyebrow Makeup Kit, Eyebrow Powder Dark Brown, Brow Hair Removal Tweezers, Wax, Brush</p><p>$4.47</p><a href="https://www.amazon.com/dp/B082YQ4QXJ?tag=eloabder-20&linkCode=osi&th=1&psc=1">View Product</a></div><div class="product"><a href="https://www.amazon.com/dp/B06XRTKFLK?tag=eloabder-20&linkCode=osi&th=1&psc=1"><img src="https://m.media-amazon.com/images/I/41XwKxED0-L._SL500_.jpg" alt="Product Image"></a><p>COVERGIRL - Easy Breezy Brow Powder Kit, three shades brow definer, professional double-ended angled brush, effortless, 100% Cruelty-Free</p><p>$8.83</p><a href="https://www.amazon.com/dp/B06XRTKFLK?tag=eloabder-20&linkCode=osi&th=1&psc=1">View Product</a></div><div class="product"><a href="https://www.amazon.com/dp/B00L1JKKMC?tag=eloabder-20&linkCode=osi&th=1&psc=1"><img src="https://m.media-amazon.com/images/I/31bkV3lHN+L._SL500_.jpg" alt="Product Image"></a><p>Anastasia Beverly Hills - Brow Powder Duo - Soft Brown</p><p>$23.00</p><a href="https://www.amazon.com/dp/B00L1JKKMC?tag=eloabder-20&linkCode=osi&th=1&psc=1">View Product</a></div><div class="product"><a href="https://www.amazon.com/dp/B00MGK9Q5M?tag=eloabder-20&linkCode=osi&th=1&psc=1"><img src="https://m.media-amazon.com/images/I/415oCHJxIQL._SL500_.jpg" alt="Product Image"></a><p>Rimmel Brow This Way Sculpting Kit, Medium Brown, Powder 0.04 Ounce, Wax 0.03 Ounce</p><p>$6.99</p><a href="https://www.amazon.com/dp/B00MGK9Q5M?tag=eloabder-20&linkCode=osi&th=1&psc=1">View Product</a></div><div class="product"><a href="https://www.amazon.com/dp/B0051UM9VC?tag=eloabder-20&linkCode=osi&th=1&psc=1"><img src="https://m.media-amazon.com/images/I/41Y-UExgalL._SL500_.jpg" alt="Product Image"></a><p>Billion Dollar BrowBillion Dollar Brows - Eyebrow Powder - Blonde Powder, Blonde,</p><p>$10.99</p><a href="https://www.amazon.com/dp/B0051UM9VC?tag=eloabder-20&linkCode=osi&th=1&psc=1">View Product</a></div><div class="product"><a href="https://www.amazon.com/dp/B08KJBZTJG?tag=eloabder-20&linkCode=osi&th=1&psc=1"><img src="https://m.media-amazon.com/images/I/41MbUKhqKML._SL500_.jpg" alt="Product Image"></a><p>Eyebrow powder three-color eyebrow palette beauty contour eyebrow pencil professional eye makeup eyebrow filler1</p><p>$5.16 ($24.57 / Ounce)</p><a href="https://www.amazon.com/dp/B08KJBZTJG?tag=eloabder-20&linkCode=osi&th=1&psc=1">View Product</a></div><div class="product"><a href="https://www.amazon.com/dp/B0C5N2BWM2?tag=eloabder-20&linkCode=osi&th=1&psc=1"><img src="https://m.media-amazon.com/images/I/41JRf57GnvL._SL500_.jpg" alt="Product Image"></a><p>Eyebrow Powder Makeup Kit-3 Colors Eye Brow Powder Palette Long-Lasting Waterproof, Dark/light Brown Brow Filler, Fill & Sculpt Full Eyebrows for Women, With Mirror, Brow Brush & Razor-Set 02</p><p>$7.99 ($38.05 / Ounce)</p><a href="https://www.amazon.com/dp/B0C5N2BWM2?tag=eloabder-20&linkCode=osi&th=1&psc=1">View Product</a></div><div class="product"><a href="https://www.amazon.com/dp/B00M42I62G?tag=eloabder-20&linkCode=osi&th=1&psc=1"><img src="https://m.media-amazon.com/images/I/51Se54PcS2L._SL500_.jpg" alt="Product Image"></a><p>Marie-José & Co Medium Brown Eyebrow Powder - Perfect eyebrows, powder smooth!</p><p>$17.95</p><a href="https://www.amazon.com/dp/B00M42I62G?tag=eloabder-20&linkCode=osi&th=1&psc=1">View Product</a></div>
<div class="product"><a href="https://www.amazon.com/dp/B085WR3YDT?tag=eloabder-20&linkCode=osi&th=1&psc=1"><img src="https://m.media-amazon.com/images/I/41cuO8PyoTL._SL500_.jpg" alt="Product Image"></a><p>wet n wild Color Icon Cream Eyeshadow Multi-Stick, Moisturizing, Nourishing Velvety Cream-to-Powder Buildable & Blendable Formula, Cruelty-Free & Vegan - Champagne Room</p><p>$3.28</p><a href="https://www.amazon.com/dp/B085WR3YDT?tag=eloabder-20&linkCode=osi&th=1&psc=1">View Product</a></div><div class="product"><a href="https://www.amazon.com/dp/B01IW02HX2?tag=eloabder-20&linkCode=osi&th=1&psc=1"><img src="https://m.media-amazon.com/images/I/510F-WOAL4L._SL500_.jpg" alt="Product Image"></a><p>NYX PROFESSIONAL MAKEUP Ultimate Shadow Palette, Eyeshadow Palette - Warm Neutrals</p><p>$9.99</p><a href="https://www.amazon.com/dp/B01IW02HX2?tag=eloabder-20&linkCode=osi&th=1&psc=1">View Product</a></div><div class="product"><a href="https://www.amazon.com/dp/B092JQ23N5?tag=eloabder-20&linkCode=osi&th=1&psc=1"><img src="https://m.media-amazon.com/images/I/51OUufwItlL._SL500_.jpg" alt="Product Image"></a><p>URBAN DECAY 24/7 Longwear Eyeshadow Single (Sin - Champagne Shimmer), High-Pigment Eye Shadow Compact, Smooth & Blendable Colors, Crease-free, Vegan - 0.06 oz</p><p>$22.00</p><a href="https://www.amazon.com/dp/B092JQ23N5?tag=eloabder-20&linkCode=osi&th=1&psc=1">View Product</a></div><div class="product"><a href="https://www.amazon.com/dp/B00L5SMFJU?tag=eloabder-20&linkCode=osi&th=1&psc=1"><img src="https://m.media-amazon.com/images/I/41-WaM3A3tL._SL500_.jpg" alt="Product Image"></a><p>Covergirl Eye Enhancers Eye Shadow Palette, Natural Nudes, 0.19 Ounce</p><p>$5.48</p><a href="https://www.amazon.com/dp/B00L5SMFJU?tag=eloabder-20&linkCode=osi&th=1&psc=1">View Product</a></div><div class="product"><a href="https://www.amazon.com/dp/B01LW1983J?tag=eloabder-20&linkCode=osi&th=1&psc=1"><img src="https://m.media-amazon.com/images/I/51EsPf59XBL._SL500_.jpg" alt="Product Image"></a><p>Julep Eyeshadow 101 Crème to Powder Waterproof Eyeshadow Stick, Champagne Shimmer</p><p>$18.00</p><a href="https://www.amazon.com/dp/B01LW1983J?tag=eloabder-20&linkCode=osi&th=1&psc=1">View Product</a></div><div class="product"><a href="https://www.amazon.com/dp/B0D3FGFBGQ?tag=eloabder-20&linkCode=osi&th=1&psc=1"><img src="https://m.media-amazon.com/images/I/31HD2nUWJSL._SL500_.jpg" alt="Product Image"></a><p>e.l.f. Lock It Down Eyeshadow Primer, Smooth, Creamy Primer For Long-Lasting Eyeshadow, Intensifies Liquid & Powder Color, Vegan & Cruelty-free</p><p>$7.00</p><a href="https://www.amazon.com/dp/B0D3FGFBGQ?tag=eloabder-20&linkCode=osi&th=1&psc=1">View Product</a></div><div class="product"><a href="https://www.amazon.com/dp/B00UKP1M2K?tag=eloabder-20&linkCode=osi&th=1&psc=1"><img src="https://m.media-amazon.com/images/I/41hSsvPHKxL._SL500_.jpg" alt="Product Image"></a><p>Maybelline The Blushed Nudes Eyeshadow Palette Makeup, 12 Pigmented Matte & Shimmer Shades, Blendable Powder, 1 Count</p><p>$9.32</p><a href="https://www.amazon.com/dp/B00UKP1M2K?tag=eloabder-20&linkCode=osi&th=1&psc=1">View Product</a></div><div class="product"><a href="https://www.amazon.com/dp/B07MQJRK7N?tag=eloabder-20&linkCode=osi&th=1&psc=1"><img src="https://m.media-amazon.com/images/I/41yzRaUSPiL._SL500_.jpg" alt="Product Image"></a><p>Highly Pigmented Eye Makeup Palette, Matte Shimmer Metallic Eyeshadow Pallet Long Lasting Blendable Natural Colors Make Up Eye Shadows Cosmetics Gift Kit</p><p>$7.39</p><a href="https://www.amazon.com/dp/B07MQJRK7N?tag=eloabder-20&linkCode=osi&th=1&psc=1">View Product</a></div><div class="product"><a href="https://www.amazon.com/dp/B08RS6WNX7?tag=eloabder-20&linkCode=osi&th=1&psc=1"><img src="https://m.media-amazon.com/images/I/51qCii788PL._SL500_.jpg" alt="Product Image"></a><p>wet n wild Color Icon 5-Pan Palette Brown Walking On Eggshells</p><p>$3.19</p><a href="https://www.amazon.com/dp/B08RS6WNX7?tag=eloabder-20&linkCode=osi&th=1&psc=1">View Product</a></div><div class="product"><a href="https://www.amazon.com/dp/B073ZBGLJF?tag=eloabder-20&linkCode=osi&th=1&psc=1"><img src="https://m.media-amazon.com/images/I/41go9Ug8AOL._SL500_.jpg" alt="Product Image"></a><p>BestLand 2 Pack 12 Colors Makeup Nude Colors Eyeshadow Palette Natural Nude Matte Shimmer Glitter Pigment Eye Shadow Pallete Set Waterproof Smokey Professional Beauty Makeup Kit (2 PCS)</p><p>$9.99</p><a href="https://www.amazon.com/dp/B073ZBGLJF?tag=eloabder-20&linkCode=osi&th=1&psc=1">View Product</a></div>
<div class="product"><a href="https://www.amazon.com/dp/B095PSJ7QV?tag=eloabder-20&linkCode=osi&th=1&psc=1"><img src="https://m.media-amazon.com/images/I/41KLL00KKZL._SL500_.jpg" alt="Product Image"></a><p>URBAN DECAY Naked3 Mini Eyeshadow Palette - Pigmented Eye Makeup Palette For On the Go - Ultra Blendable - Up to 12 Hour Wear</p><p>$35.00</p><a href="https://www.amazon.com/dp/B095PSJ7QV?tag=eloabder-20&linkCode=osi&th=1&psc=1">View Product</a></div><div class="product"><a href="https://www.amazon.com/dp/B07DZZG8X4?tag=eloabder-20&linkCode=osi&th=1&psc=1"><img src="https://m.media-amazon.com/images/I/41Rbe3ixSHL._SL500_.jpg" alt="Product Image"></a><p>Rimmel London Magnif'Eyes Eyeshadow Palette, 12 Shades, Blendable Formula, Versatile, 007, Crimson, 0.5oz</p><p>$3.70</p><a href="https://www.amazon.com/dp/B07DZZG8X4?tag=eloabder-20&linkCode=osi&th=1&psc=1">View Product</a></div><div class="product"><a href="https://www.amazon.com/dp/B00HIFA24O?tag=eloabder-20&linkCode=osi&th=1&psc=1"><img src="https://m.media-amazon.com/images/I/41pHzrdjcPL._SL500_.jpg" alt="Product Image"></a><p>URBAN DECAY Naked 3, Soft Pink Neutral Eyeshadow Palette, Matte, Pearl, Metallic, Shimmer Finish, 12 Mauve Brown & Nude Eye Shadows, Natural Soft Glam Smokey Eye Makeup, Vegan, Cruelty-free</p><p>$59.00</p><a href="https://www.amazon.com/dp/B00HIFA24O?tag=eloabder-20&linkCode=osi&th=1&psc=1">View Product</a></div><div class="product"><a href="https://www.amazon.com/dp/B0CP49R493?tag=eloabder-20&linkCode=osi&th=1&psc=1"><img src="https://m.media-amazon.com/images/I/41mV4uKx5HL._SL500_.jpg" alt="Product Image"></a><p>FLYEEO Neutral Brown Eye Shadow palette- Rose Gold Dark Brown Eyeshadow Palette Colorful 9 Colors, Matte Shimmer Highly Pigmented Nude Eyeshadow Palette Makeup Naturing-Looking Long Lasting</p><p>$5.88</p><a href="https://www.amazon.com/dp/B0CP49R493?tag=eloabder-20&linkCode=osi&th=1&psc=1">View Product</a></div><div class="product"><a href="https://www.amazon.com/dp/B0CYX9V642?tag=eloabder-20&linkCode=osi&th=1&psc=1"><img src="https://m.media-amazon.com/images/I/51jaIKsO-uL._SL500_.jpg" alt="Product Image"></a><p>imakeupnow 45 Shades Eye Shadow Makeup Palette Set Colorful Bright, High Pigmented Eyeshadow Pallets, Matte Shimmer Glitter for Halloween</p><p>$7.59</p><a href="https://www.amazon.com/dp/B0CYX9V642?tag=eloabder-20&linkCode=osi&th=1&psc=1">View Product</a></div>
<div class="product"><a href="https://www.amazon.com/dp/B0C9TXLWLY?tag=eloabder-20&linkCode=osi&th=1&psc=1"><img src="https://m.media-amazon.com/images/I/31-5KVw5KDL._SL500_.jpg" alt="Product Image"></a><p>PRIME PROMETICS PrimeEyes Glide Eyeliner for Mature Women – Water-Resistant, Long-Stay and Mess-Proof – Gel Cream Texture, Discreet Sharpener and Effective Smudger (Black)</p><p>$28.00 ($28.00 / Count)</p><a href="https://www.amazon.com/dp/B0C9TXLWLY?tag=eloabder-20&linkCode=osi&th=1&psc=1">View Product</a></div><div class="product"><a href="https://www.amazon.com/dp/B07MWSXPT1?tag=eloabder-20&linkCode=osi&th=1&psc=1"><img src="https://m.media-amazon.com/images/I/315xthaPi6L._SL500_.jpg" alt="Product Image"></a><p>e.l.f. No Budge Retractable Eyeliner, Creamy, Ultra-Pigmented & Waterproof, Creates Bold & Defined Lines, Vegan & Cruelty-Free, Black 0.006 Oz</p><p>$4.00</p><a href="https://www.amazon.com/dp/B07MWSXPT1?tag=eloabder-20&linkCode=osi&th=1&psc=1">View Product</a></div><div class="product"><a href="https://www.amazon.com/dp/B07W8JJ61X?tag=eloabder-20&linkCode=osi&th=1&psc=1"><img src="https://m.media-amazon.com/images/I/31wj5vRROwL._SL500_.jpg" alt="Product Image"></a><p>Maybelline Hyper Easy Liquid Pen No-Skip Eyeliner, Satin Finish, Waterproof Formula, Pitch Black, 0.018 Fl Oz</p><p>$8.38</p><a href="https://www.amazon.com/dp/B07W8JJ61X?tag=eloabder-20&linkCode=osi&th=1&psc=1">View Product</a></div><div class="product"><a href="https://www.amazon.com/dp/B01J1A3TFW?tag=eloabder-20&linkCode=osi&th=1&psc=1"><img src="https://m.media-amazon.com/images/I/51z42sdOArL._SL500_.jpg" alt="Product Image"></a><p>Revlon Pencil Eyeliner, ColorStay Eye Makeup with Built-in Sharpener, Waterproof, Smudge-proof, Longwearing with Ultra-Fine Tip, 201 Black, 2 count (Pack of 1)</p><p>$11.38</p><a href="https://www.amazon.com/dp/B01J1A3TFW?tag=eloabder-20&linkCode=osi&th=1&psc=1">View Product</a></div><div class="product"><a href="https://www.amazon.com/dp/B074Y8LM6T?tag=eloabder-20&linkCode=osi&th=1&psc=1"><img src="https://m.media-amazon.com/images/I/316blXt1KxL._SL500_.jpg" alt="Product Image"></a><p>NYX PROFESSIONAL MAKEUP Epic Ink Liner, Waterproof Liquid Eyeliner - Black, Vegan Formula</p><p>$7.50</p><a href="https://www.amazon.com/dp/B074Y8LM6T?tag=eloabder-20&linkCode=osi&th=1&psc=1">View Product</a></div><div class="product"><a href="https://www.amazon.com/dp/B005G9E9FW?tag=eloabder-20&linkCode=osi&th=1&psc=1"><img src="https://m.media-amazon.com/images/I/51poZdEojrL._SL500_.jpg" alt="Product Image"></a><p>NYX PROFESSIONAL MAKEUP Vivid Rich Mechanical Eye Pencil, Vivid Rich Mechanical, Creamy Retractable Eyeliner - Smokin Topaz, Brown Eyeliner</p><p>$6.00</p><a href="https://www.amazon.com/dp/B005G9E9FW?tag=eloabder-20&linkCode=osi&th=1&psc=1">View Product</a></div><div class="product"><a href="https://www.amazon.com/dp/B082YQ8TXR?tag=eloabder-20&linkCode=osi&th=1&psc=1"><img src="https://m.media-amazon.com/images/I/31Et4E-arpL._SL500_.jpg" alt="Product Image"></a><p>wet n wild Mega Last Breakup Proof Liquid Eyeliner - Quick Drying, Smudge-Resistant, 16-Hour Wear - Cruelty-Free & Vegan - Black</p><p>$5.47</p><a href="https://www.amazon.com/dp/B082YQ8TXR?tag=eloabder-20&linkCode=osi&th=1&psc=1">View Product</a></div><div class="product"><a href="https://www.amazon.com/dp/B07NX61ZHN?tag=eloabder-20&linkCode=osi&th=1&psc=1"><img src="https://m.media-amazon.com/images/I/31kQNTwJazL._SL500_.jpg" alt="Product Image"></a><p>Rimmel London exaggerate auto waterproof eye definer in blackest black, 2 Count</p><p>$6.97</p><a href="https://www.amazon.com/dp/B07NX61ZHN?tag=eloabder-20&linkCode=osi&th=1&psc=1">View Product</a></div><div class="product"><a href="https://www.amazon.com/dp/B082YPRCMM?tag=eloabder-20&linkCode=osi&th=1&psc=1"><img src="https://m.media-amazon.com/images/I/317ubI9GTBL._SL500_.jpg" alt="Product Image"></a><p>wet n wild Mega Last Breakup Proof Eyeliner, Quick Drying, Waterproof, 16-Hour Wear - Cruelty-Free & Vegan - Blackest Black</p><p>$2.28</p><a href="https://www.amazon.com/dp/B082YPRCMM?tag=eloabder-20&linkCode=osi&th=1&psc=1">View Product</a></div><div class="product"><a href="https://www.amazon.com/dp/B07GX832KD?tag=eloabder-20&linkCode=osi&th=1&psc=1"><img src="https://m.media-amazon.com/images/I/315wR2F58-L._SL500_.jpg" alt="Product Image"></a><p>Maybelline TattooStudio Long-Lasting Sharpenable Eyeliner Pencil, Glide on Smooth Gel Pigments with 36 Hour Wear, Waterproof, Deep Onyx, 1 Count</p><p>$6.42</p><a href="https://www.amazon.com/dp/B07GX832KD?tag=eloabder-20&linkCode=osi&th=1&psc=1">View Product</a></div>
<div class="product"><a href="https://www.amazon.com/dp/B0BG7MWNNN?tag=eloabder-20&linkCode=osi&th=1&psc=1"><img src="https://m.media-amazon.com/images/I/41E8W4N+FkL._SL500_.jpg" alt="Product Image"></a><p>Prime Prometics PrimeLash Mascara for Older Women – Volumizing, Incredible Length in 2 Coats – Long-Stay, Zero Clumps, Hypoallergenic (Brown)</p><p>$28.00</p><a href="https://www.amazon.com/dp/B0BG7MWNNN?tag=eloabder-20&linkCode=osi&th=1&psc=1">View Product</a></div><div class="product"><a href="https://www.amazon.com/dp/B00T0C9XRK?tag=eloabder-20&linkCode=osi&th=1&psc=1"><img src="https://m.media-amazon.com/images/I/41IP2ZEXFNL._SL500_.jpg" alt="Product Image"></a><p>essence | Lash Princess False Lash Effect Mascara | Volumizing & Lengthening | Cruelty Free & Paraben Free</p><p>$4.99 ($12.17 / Fl Oz )</p><a href="https://www.amazon.com/dp/B00T0C9XRK?tag=eloabder-20&linkCode=osi&th=1&psc=1">View Product</a></div><div class="product"><a href="https://www.amazon.com/dp/B08H3JPH74?tag=eloabder-20&linkCode=osi&th=1&psc=1"><img src="https://m.media-amazon.com/images/I/31hf532TEHL._SL500_.jpg" alt="Product Image"></a><p>Maybelline Lash Sensational Sky High Washable Mascara Makeup, Volumizing, Lengthening, Defining, Curling, Multiplying, Buildable Formula, Blackest Black, 1 Count</p><p>$9.98</p><a href="https://www.amazon.com/dp/B08H3JPH74?tag=eloabder-20&linkCode=osi&th=1&psc=1">View Product</a></div><div class="product"><a href="https://www.amazon.com/dp/B01DPA6OHO?tag=eloabder-20&linkCode=osi&th=1&psc=1"><img src="https://m.media-amazon.com/images/I/31xGLWu4IKL._SL500_.jpg" alt="Product Image"></a><p>L'Oreal Paris Makeup Voluminous Lash Boosting Conditioning Primer Mascara, White Primer, 0.24 fl; oz.</p><p>$8.88</p><a href="https://www.amazon.com/dp/B01DPA6OHO?tag=eloabder-20&linkCode=osi&th=1&psc=1">View Product</a></div><div class="product"><a href="https://www.amazon.com/dp/B06XF2TR11?tag=eloabder-20&linkCode=osi&th=1&psc=1"><img src="https://m.media-amazon.com/images/I/31B6RR270IL._SL500_.jpg" alt="Product Image"></a><p>L'Oreal Paris Voluminous Makeup Lash Paradise Mascara, Voluptuous Volume, Intense Length, Feathery Soft Full Lashes, No Flaking, No Smudging, No Clumping, Blackest Black, 1 Count</p><p>$9.97</p><a href="https://www.amazon.com/dp/B06XF2TR11?tag=eloabder-20&linkCode=osi&th=1&psc=1">View Product</a></div><div class="product"><a href="https://www.amazon.com/dp/B004BCTFVS?tag=eloabder-20&linkCode=osi&th=1&psc=1"><img src="https://m.media-amazon.com/images/I/31-ICBRxi9L._SL500_.jpg" alt="Product Image"></a><p>L'Oreal Paris Makeup Voluminous Original Volume Building Mascara, Blackest Black, 0.28 fl; Oz, 1 Count</p><p>$8.95</p><a href="https://www.amazon.com/dp/B004BCTFVS?tag=eloabder-20&linkCode=osi&th=1&psc=1">View Product</a></div><div class="product"><a href="https://www.amazon.com/dp/B004BD107O?tag=eloabder-20&linkCode=osi&th=1&psc=1"><img src="https://m.media-amazon.com/images/I/31OWqsdljyL._SL500_.jpg" alt="Product Image"></a><p>L'Oreal Paris Makeup Telescopic Original Lengthening Mascara, Blackest Black, 0.27 Fl Oz (1 Count)</p><p>$10.99</p><a href="https://www.amazon.com/dp/B004BD107O?tag=eloabder-20&linkCode=osi&th=1&psc=1">View Product</a></div><div class="product"><a href="https://www.amazon.com/dp/B00PFCT2R0?tag=eloabder-20&linkCode=osi&th=1&psc=1"><img src="https://m.media-amazon.com/images/I/31RyE6ZtDIL._SL500_.jpg" alt="Product Image"></a><p>Maybelline Lash Sensational Washable Mascara, Lengthening and Volumizing for a Full Fan Effect, Blackest Black, 1 Count</p><p>$8.91</p><a href="https://www.amazon.com/dp/B00PFCT2R0?tag=eloabder-20&linkCode=osi&th=1&psc=1">View Product</a></div><div class="product"><a href="https://www.amazon.com/dp/B08TPCHYLW?tag=eloabder-20&linkCode=osi&th=1&psc=1"><img src="https://m.media-amazon.com/images/I/31EWIaihEwL._SL500_.jpg" alt="Product Image"></a><p>Lancôme Lash Idôle Lash-Lifting & Volumizing Mascara - Black Mascara for Instant Volume, Length & Lift - Smudge Proof & Up To 24H Wear - Black</p><p>$30.00 ($111.11 / Fl Oz)</p><a href="https://www.amazon.com/dp/B08TPCHYLW?tag=eloabder-20&linkCode=osi&th=1&psc=1">View Product</a></div><div class="product"><a href="https://www.amazon.com/dp/B079X4DB3J?tag=eloabder-20&linkCode=osi&th=1&psc=1"><img src="https://m.media-amazon.com/images/I/31jCqqzhgIL._SL500_.jpg" alt="Product Image"></a><p>essence | Volume Booster Lash Primer Mascara | Infused with Mango Butter and Acai Oil for Nurtured Lashes | Conditioning Mascara Primer | White | Vegan | Paraben & Cruelty Free (Pack of 1)</p><p>$4.99</p><a href="https://www.amazon.com/dp/B079X4DB3J?tag=eloabder-20&linkCode=osi&th=1&psc=1">View Product</a></div>
<div class="product"><a href="https://www.amazon.com/dp/B079B8BFR3?tag=eloabder-20&linkCode=osi&th=1&psc=1"><img src="https://m.media-amazon.com/images/I/41DSmndr3KL._SL500_.jpg" alt="Product Image"></a><p>KISS Looks So Natural, False Eyelashes, Shy', 12 mm, Includes 5 Pairs Of Lashes, Contact Lens Friendly, Easy to Apply, Reusable Strip Lashes, Glue On</p><p>$7.09</p><a href="https://www.amazon.com/dp/B079B8BFR3?tag=eloabder-20&linkCode=osi&th=1&psc=1">View Product</a></div><div class="product"><a href="https://www.amazon.com/dp/B09MQCDVM7?tag=eloabder-20&linkCode=osi&th=1&psc=1"><img src="https://m.media-amazon.com/images/I/510lQqrrVtL._SL500_.jpg" alt="Product Image"></a><p>False Eyelashes 14mm Faux 3D Mink Lashes Natural Look Fluffy Cat Eye Wispy Lashes Pack by Kiromiro, 14 Pairs</p><p>$8.89</p><a href="https://www.amazon.com/dp/B09MQCDVM7?tag=eloabder-20&linkCode=osi&th=1&psc=1">View Product</a></div><div class="product"><a href="https://www.amazon.com/dp/B0C5QK1QHP?tag=eloabder-20&linkCode=osi&th=1&psc=1"><img src="https://m.media-amazon.com/images/I/51eSQ4cj35L._SL500_.jpg" alt="Product Image"></a><p>Veleasha Lashes 5D Faux Mink Lashes 100% Handmade Luxurious Fake Eyelashes Lightweight Fluffy False Eyelashes 5 Pairs Pack (G2)</p><p>$6.98 ($1.40 / Count)</p><a href="https://www.amazon.com/dp/B0C5QK1QHP?tag=eloabder-20&linkCode=osi&th=1&psc=1">View Product</a></div><div class="product"><a href="https://www.amazon.com/dp/B00DS4EIEE?tag=eloabder-20&linkCode=osi&th=1&psc=1"><img src="https://m.media-amazon.com/images/I/415k4JSKxOL._SL500_.jpg" alt="Product Image"></a><p>KISS So Wispy, False Eyelashes, Style #11', 12 mm, Includes 5 Pairs Of Lashes, Contact Lens Friendly, Easy to Apply, Reusable Strip Lashes, Glue On, Mulitpack</p><p>$8.97 ($1.79 / Count)</p><a href="https://www.amazon.com/dp/B00DS4EIEE?tag=eloabder-20&linkCode=osi&th=1&psc=1">View Product</a></div><div class="product"><a href="https://www.amazon.com/dp/B08R6PR7ND?tag=eloabder-20&linkCode=osi&th=1&psc=1"><img src="https://m.media-amazon.com/images/I/41r4c3ZiCWL._SL500_.jpg" alt="Product Image"></a><p>KISS My Lash But Better, False Eyelashes, All Mine', 10 mm, Includes 1 Pair Of Lashes, Contact Lens Friendly, Easy to Apply, Reusable Strip Lashes, Glue-On</p><p>$3.97</p><a href="https://www.amazon.com/dp/B08R6PR7ND?tag=eloabder-20&linkCode=osi&th=1&psc=1">View Product</a></div><div class="product"><a href="https://www.amazon.com/dp/B0B1LRRTCH?tag=eloabder-20&linkCode=osi&th=1&psc=1"><img src="https://m.media-amazon.com/images/I/41gc2Df+nAL._SL500_.jpg" alt="Product Image"></a><p>GMAGICTOBO False Eyelashes Natural Half Lashes Short Wispy Clear Band Lashes Pack Cat Eye 3D Faux Mink Lashes Fake Eyelashes 7 Pairs Multipack</p><p>$8.59 ($1.23 / Count)</p><a href="https://www.amazon.com/dp/B0B1LRRTCH?tag=eloabder-20&linkCode=osi&th=1&psc=1">View Product</a></div><div class="product"><a href="https://www.amazon.com/dp/B0BX3YHN14?tag=eloabder-20&linkCode=osi&th=1&psc=1"><img src="https://m.media-amazon.com/images/I/51YYa1vTElL._SL500_.jpg" alt="Product Image"></a><p>KISS imPRESS Falsies False Eyelashes, Lash Clusters, Voluminous', 14 mm, Includes 20 Clusters, 1 applicator, Contact Lens Friendly, Easy to Apply, Reusable Strip Lashes</p><p>$12.72</p><a href="https://www.amazon.com/dp/B0BX3YHN14?tag=eloabder-20&linkCode=osi&th=1&psc=1">View Product</a></div><div class="product"><a href="https://www.amazon.com/dp/B00YYHHI1E?tag=eloabder-20&linkCode=osi&th=1&psc=1"><img src="https://m.media-amazon.com/images/I/419bv9iNI9L._SL500_.jpg" alt="Product Image"></a><p>Ardell False Eyelashes Demi Wispies Black, 1 pack (6 pairs per pack)</p><p>$9.74 ($1.95 / Count)</p><a href="https://www.amazon.com/dp/B00YYHHI1E?tag=eloabder-20&linkCode=osi&th=1&psc=1">View Product</a></div><div class="product"><a href="https://www.amazon.com/dp/B0CG5SY8J1?tag=eloabder-20&linkCode=osi&th=1&psc=1"><img src="https://m.media-amazon.com/images/I/41SWlZB3plL._SL500_.jpg" alt="Product Image"></a><p>Natural Lashes Natural Eyelashes Short Eyelashes Natural Look False Eyelashes Wispy Eye Lashes 10mm Small Lashes Fake Lashes K50</p><p>$7.93 ($1.13 / Count)</p><a href="https://www.amazon.com/dp/B0CG5SY8J1?tag=eloabder-20&linkCode=osi&th=1&psc=1">View Product</a></div><div class="product"><a href="https://www.amazon.com/dp/B08SPVMDTV?tag=eloabder-20&linkCode=osi&th=1&psc=1"><img src="https://m.media-amazon.com/images/I/41Q6wh0HacL._SL500_.jpg" alt="Product Image"></a><p>KISS Falscara Multipack False Eyelashes, Lash Clusters, Natural Wispy Wisps', 10mm-12mm-14mm, Includes 24 Assorted Lengths Wisps, Contact Lens Friendly, Easy to Apply, Reusable Strip Lashes</p><p>$6.47 ($0.27 / Count)</p><a href="https://www.amazon.com/dp/B08SPVMDTV?tag=eloabder-20&linkCode=osi&th=1&psc=1">View Product</a></div>
<div class="product"><a href="https://www.amazon.com/dp/B01BMMOAFU?tag=eloabder-20&linkCode=osi&th=1&psc=1"><img src="https://m.media-amazon.com/images/I/41RH+KsNzoS._SL500_.jpg" alt="Product Image"></a><p>KISS Strip Lash Adhesive, Lash Glue, 24hr Strip Eyelash Adhesive, Clear, Includes Lash Adhesive, Long Lasting Wear, Can Be Used with Strip Lashes and Lash Clusters</p><p>$3.97 ($23.35 / Ounce)</p><a href="https://www.amazon.com/dp/B01BMMOAFU?tag=eloabder-20&linkCode=osi&th=1&psc=1">View Product</a></div><div class="product"><a href="https://www.amazon.com/dp/B0BFRB2LNS?tag=eloabder-20&linkCode=osi&th=1&psc=1"><img src="https://m.media-amazon.com/images/I/41uxD-vIXQL._SL500_.jpg" alt="Product Image"></a><p>Cluster Lash Bond and Seal, Lash Cluster Glue for Individual Eyelash Extensions Strong Hold Individual Lash Glue Individual Eyelashes Glue Mascara for Personal Makeup Use at Home(5ml)</p><p>$8.99 ($52.88 / Fl Oz)</p><a href="https://www.amazon.com/dp/B0BFRB2LNS?tag=eloabder-20&linkCode=osi&th=1&psc=1">View Product</a></div><div class="product"><a href="https://www.amazon.com/dp/B006UZMXZY?tag=eloabder-20&linkCode=osi&th=1&psc=1"><img src="https://m.media-amazon.com/images/I/41YrQ9QUhlL._SL500_.jpg" alt="Product Image"></a><p>DUO Brush-On Lash Adhesive with Vitamins A, C & E, Clear, 0.18 oz, 1-Pack</p><p>$4.92 ($27.33 / Ounce)</p><a href="https://www.amazon.com/dp/B006UZMXZY?tag=eloabder-20&linkCode=osi&th=1&psc=1">View Product</a></div><div class="product"><a href="https://www.amazon.com/dp/B0BVLL8ZQF?tag=eloabder-20&linkCode=osi&th=1&psc=1"><img src="https://m.media-amazon.com/images/I/41OSC3l2NuL._SL500_.jpg" alt="Product Image"></a><p>Lash Glue Bond and Seal Long Lasting Strong Hold Waterproof 2 in 1 Cluster Eyelash Glue for DIY Lash Extensions by Mavphnee</p><p>$7.99 ($23.50 / Fl Oz)</p><a href="https://www.amazon.com/dp/B0BVLL8ZQF?tag=eloabder-20&linkCode=osi&th=1&psc=1">View Product</a></div><div class="product"><a href="https://www.amazon.com/dp/B01N143CA0?tag=eloabder-20&linkCode=osi&th=1&psc=1"><img src="https://m.media-amazon.com/images/I/31DwI2yjwYL._SL500_.jpg" alt="Product Image"></a><p>Extra Strong Eyelash Extension Glue Stacy Lash (0.17fl.oz / 5ml) / 0.5-1 Sec Dry/Retention – 8 Weeks/Black Adhesive/Professional Supplies</p><p>$21.49 ($126.41 / Fl Oz)</p><a href="https://www.amazon.com/dp/B01N143CA0?tag=eloabder-20&linkCode=osi&th=1&psc=1">View Product</a></div><div class="product"><a href="https://www.amazon.com/dp/B00RH8XUZK?tag=eloabder-20&linkCode=osi&th=1&psc=1"><img src="https://m.media-amazon.com/images/I/41ywEIr4LGL._SL500_.jpg" alt="Product Image"></a><p>i-Envy by KISS Super Strong Hold Eyelash Adhesive, Brush on, Waterproof Long-Lasting Strip Lash Glue, Natural-Looking Allergy & Latex Free with Brush Applicator (Clear)</p><p>$5.09</p><a href="https://www.amazon.com/dp/B00RH8XUZK?tag=eloabder-20&linkCode=osi&th=1&psc=1">View Product</a></div><div class="product"><a href="https://www.amazon.com/dp/B0B138BNSQ?tag=eloabder-20&linkCode=osi&th=1&psc=1"><img src="https://m.media-amazon.com/images/I/41y28D4CT2L._SL500_.jpg" alt="Product Image"></a><p>AOA Studio Eyelash Lash Glue Enhancers 4pcs Strip Lash Adhesive Strong Hold Water Proof Formula No Irritation Latex Free Long Lasing Quick Dry Eyelash adhesive 0.17oz Each (4 Pack) (Clear)</p><p>$8.95 ($2.24 / Count)</p><a href="https://www.amazon.com/dp/B0B138BNSQ?tag=eloabder-20&linkCode=osi&th=1&psc=1">View Product</a></div><div class="product"><a href="https://www.amazon.com/dp/B0CGKV8WRR?tag=eloabder-20&linkCode=osi&th=1&psc=1"><img src="https://m.media-amazon.com/images/I/31KsdJxWyQL._SL500_.jpg" alt="Product Image"></a><p>FlutterHabit Made for This Adhesive Lash Glue for Eyelash Extensions - Your Ultimate All-Day Hold Lash Cluster Glue for Effortless, Stunning, and Long-Lasting Eyelashes - All-in-one Lash Glue</p><p>$17.99</p><a href="https://www.amazon.com/dp/B0CGKV8WRR?tag=eloabder-20&linkCode=osi&th=1&psc=1">View Product</a></div><div class="product"><a href="https://www.amazon.com/dp/B09HK77CF1?tag=eloabder-20&linkCode=osi&th=1&psc=1"><img src="https://m.media-amazon.com/images/I/41md8lf4CYL._SL500_.jpg" alt="Product Image"></a><p>Lilac St - Pro Lash Glue - Long Lasting & Fast Drying Lash Application - Mini Mascara Wand Applicator - Latex Free - Vegan & Cruelty Free - Black</p><p>$19.00 ($111.76 / Ounce)</p><a href="https://www.amazon.com/dp/B09HK77CF1?tag=eloabder-20&linkCode=osi&th=1&psc=1">View Product</a></div><div class="product"><a href="https://www.amazon.com/dp/B07BGT18DP?tag=eloabder-20&linkCode=osi&th=1&psc=1"><img src="https://m.media-amazon.com/images/I/41FjwdBfRYL._SL500_.jpg" alt="Product Image"></a><p>Extra Strong Evolution Eyelash Extension Glue Stacy Lash (0.17fl.oz/5ml)/1-2 Sec Dry/Retention – 8 Weeks/Professional Supplies/Black Adhesive</p><p>$21.99 ($129.35 / Fl Oz)</p><a href="https://www.amazon.com/dp/B07BGT18DP?tag=eloabder-20&linkCode=osi&th=1&psc=1">View Product</a></div>
<div class="product"><a href="https://www.amazon.com/dp/B09T8DQ1SG?tag=eloabder-20&linkCode=osi&th=1&psc=1"><img src="https://m.media-amazon.com/images/I/41gpuwrIhOL._SL500_.jpg" alt="Product Image"></a><p>Maybelline Super Stay Vinyl Ink Longwear No-Budge Liquid Lipcolor Makeup, Highly Pigmented Color and Instant Shine, Royal, Deep Wine Red Lipstick, 0.14 fl oz, 1 Count</p><p>$9.98</p><a href="https://www.amazon.com/dp/B09T8DQ1SG?tag=eloabder-20&linkCode=osi&th=1&psc=1">View Product</a></div><div class="product"><a href="https://www.amazon.com/dp/B08H4FSGDX?tag=eloabder-20&linkCode=osi&th=1&psc=1"><img src="https://m.media-amazon.com/images/I/31OAiyoloML._SL500_.jpg" alt="Product Image"></a><p>Maybelline Super Stay Matte Ink Liquid Lipstick Makeup, Long Lasting High Impact Color, Up to 16H Wear, Exhilarator, Ruby Red, 1 Count</p><p>$9.18</p><a href="https://www.amazon.com/dp/B08H4FSGDX?tag=eloabder-20&linkCode=osi&th=1&psc=1">View Product</a></div><div class="product"><a href="https://www.amazon.com/dp/B07XTTDTWR?tag=eloabder-20&linkCode=osi&th=1&psc=1"><img src="https://m.media-amazon.com/images/I/31M4QldCq3L._SL500_.jpg" alt="Product Image"></a><p>REVLON Lipstick, Super Lustrous Lipstick, Creamy Formula For Soft, Fuller-Looking Lips, Moisturized Feel in Nudes & Browns, Bare It All (755) 0.15 oz</p><p>$6.48</p><a href="https://www.amazon.com/dp/B07XTTDTWR?tag=eloabder-20&linkCode=osi&th=1&psc=1">View Product</a></div><div class="product"><a href="https://www.amazon.com/dp/B079KFP7NT?tag=eloabder-20&linkCode=osi&th=1&psc=1"><img src="https://m.media-amazon.com/images/I/41Ih8G0FSmL._SL500_.jpg" alt="Product Image"></a><p>wet n wild Silk Finish Lipstick, Hydrating Rich Buildable Lip Color, Formulated with Vitamins A,E, & Macadamia for Ultimate Hydration, Cruelty-Free & Vegan - Raging Red</p><p>$1.29</p><a href="https://www.amazon.com/dp/B079KFP7NT?tag=eloabder-20&linkCode=osi&th=1&psc=1">View Product</a></div><div class="product"><a href="https://www.amazon.com/dp/B002F3R44K?tag=eloabder-20&linkCode=osi&th=1&psc=1"><img src="https://m.media-amazon.com/images/I/41-gXIE96GL._SL500_.jpg" alt="Product Image"></a><p>Revlon Lipstick, Super Lustrous Lipstick, Creamy Formula For Soft, Fuller-Looking Lips, Moisturized Feel in Pinks, Pink In The Afternoon (415) 0.15 oz</p><p>$6.48</p><a href="https://www.amazon.com/dp/B002F3R44K?tag=eloabder-20&linkCode=osi&th=1&psc=1">View Product</a></div><div class="product"><a href="https://www.amazon.com/dp/B001LFER98?tag=eloabder-20&linkCode=osi&th=1&psc=1"><img src="https://m.media-amazon.com/images/I/41wezVKuIoL._SL500_.jpg" alt="Product Image"></a><p>REVLON Lipstick, Super Lustrous Lipstick, Creamy Formula For Soft, Fuller-Looking Lips, Moisturized Feel in Reds & Corals, Peach Me (628) 0.15 oz</p><p>$4.99</p><a href="https://www.amazon.com/dp/B001LFER98?tag=eloabder-20&linkCode=osi&th=1&psc=1">View Product</a></div><div class="product"><a href="https://www.amazon.com/dp/B0046VESH0?tag=eloabder-20&linkCode=osi&th=1&psc=1"><img src="https://m.media-amazon.com/images/I/31yAUm+1KhL._SL500_.jpg" alt="Product Image"></a><p>MAYBELLINE Super Stay 24, 2-Step Liquid Lipstick Makeup, Long Lasting Highly Pigmented Color with Moisturizing Balm, Blush On, Pink, 1 Count</p><p>$8.98</p><a href="https://www.amazon.com/dp/B0046VESH0?tag=eloabder-20&linkCode=osi&th=1&psc=1">View Product</a></div>
<div class="product"><a href="https://www.amazon.com/dp/B09SP2XHKT?tag=eloabder-20&linkCode=osi&th=1&psc=1"><img src="https://m.media-amazon.com/images/I/31KGrScgA8L._SL500_.jpg" alt="Product Image"></a><p>NYX PROFESSIONAL MAKEUP Butter Gloss, Non-Sticky Lip Gloss - Sugar Glass (Clear)</p><p>$5.97</p><a href="https://www.amazon.com/dp/B09SP2XHKT?tag=eloabder-20&linkCode=osi&th=1&psc=1">View Product</a></div><div class="product"><a href="https://www.amazon.com/dp/B08GSTZ7ZW?tag=eloabder-20&linkCode=osi&th=1&psc=1"><img src="https://m.media-amazon.com/images/I/41nPuTtXVgL._SL500_.jpg" alt="Product Image"></a><p>Ruby Kisses Broadway Vita-Lip Clear Lip Gloss - Moisturizing, Hydrating, Nourishing with Mint, Rosehip, Coconut, Mango, Argan, Honey & Shea</p><p>$7.99 ($2.12 / Ounce)</p><a href="https://www.amazon.com/dp/B08GSTZ7ZW?tag=eloabder-20&linkCode=osi&th=1&psc=1">View Product</a></div><div class="product"><a href="https://www.amazon.com/dp/B015RPE14S?tag=eloabder-20&linkCode=osi&th=1&psc=1"><img src="https://m.media-amazon.com/images/I/31FRC3fz7EL._SL500_.jpg" alt="Product Image"></a><p>L.A. Colors High Shine Shea Butter Lip Gloss, Clear, 0.14 Ounce</p><p>$1.98</p><a href="https://www.amazon.com/dp/B015RPE14S?tag=eloabder-20&linkCode=osi&th=1&psc=1">View Product</a></div><div class="product"><a href="https://www.amazon.com/dp/B00Q26VWZI?tag=eloabder-20&linkCode=osi&th=1&psc=1"><img src="https://m.media-amazon.com/images/I/31Bqig96T0L._SL500_.jpg" alt="Product Image"></a><p>Rimmel Stay Glossy Lip Gloss - Non-Sticky and Lightweight Formula for Lip Color and Shine - 130 Blushing Belgraves, .18oz</p><p>$3.97</p><a href="https://www.amazon.com/dp/B00Q26VWZI?tag=eloabder-20&linkCode=osi&th=1&psc=1">View Product</a></div><div class="product"><a href="https://www.amazon.com/dp/B081C6PXZJ?tag=eloabder-20&linkCode=osi&th=1&psc=1"><img src="https://m.media-amazon.com/images/I/51+emO79aqL._SL500_.jpg" alt="Product Image"></a><p>NICKA K NEW YORK VARIETY SET OF 5 NK Hydrating Lip Gel - Vitamin E (Clear, Rosehip Oil, Bubble Gum, Cherry, Strawberry)</p><p>$5.41</p><a href="https://www.amazon.com/dp/B081C6PXZJ?tag=eloabder-20&linkCode=osi&th=1&psc=1">View Product</a></div><div class="product"><a href="https://www.amazon.com/dp/B085S94V2K?tag=eloabder-20&linkCode=osi&th=1&psc=1"><img src="https://m.media-amazon.com/images/I/41fsuEw2mbL._SL500_.jpg" alt="Product Image"></a><p>Maybelline Lifter Gloss, Hydrating Lip Gloss with Hyaluronic Acid, Moon, Nude Pink, 0.18 Ounce</p><p>$7.71</p><a href="https://www.amazon.com/dp/B085S94V2K?tag=eloabder-20&linkCode=osi&th=1&psc=1">View Product</a></div><div class="product"><a href="https://www.amazon.com/dp/B01N1ZC8JZ?tag=eloabder-20&linkCode=osi&th=1&psc=1"><img src="https://m.media-amazon.com/images/I/41fsaqWz6SL._SL500_.jpg" alt="Product Image"></a><p>Broadway Vita-Lip Clear Lip Gloss 0.47oz/14ml (5PCS Mint & Coconut & Rosehip & Mango Butter & Argan Oil) (5 PCS SET)</p><p>$5.99</p><a href="https://www.amazon.com/dp/B01N1ZC8JZ?tag=eloabder-20&linkCode=osi&th=1&psc=1">View Product</a></div><div class="product"><a href="https://www.amazon.com/dp/B07DY2QRF6?tag=eloabder-20&linkCode=osi&th=1&psc=1"><img src="https://m.media-amazon.com/images/I/31qXrVfhvCL._SL500_.jpg" alt="Product Image"></a><p>LANEIGE Lip Glowy Balm Berry: Hydrate, Glossy, Lightweight, Moisturize & Tint with Shea Butter</p><p>$19.00 ($54.29 / Ounce)</p><a href="https://www.amazon.com/dp/B07DY2QRF6?tag=eloabder-20&linkCode=osi&th=1&psc=1">View Product</a></div><div class="product"><a href="https://www.amazon.com/dp/B0BSR85M24?tag=eloabder-20&linkCode=osi&th=1&psc=1"><img src="https://m.media-amazon.com/images/I/31eKHNoE3KL._SL500_.jpg" alt="Product Image"></a><p>e.l.f. Lip Lacquer, Nourishing, Non-Sticky Ultra-Shine Lip Gloss With Sheer Color, Infused With Vitamins A & E, Vegan & Cruelty-Free, Whisper Pink</p><p>$3.00</p><a href="https://www.amazon.com/dp/B0BSR85M24?tag=eloabder-20&linkCode=osi&th=1&psc=1">View Product</a></div><div class="product"><a href="https://www.amazon.com/dp/B09DMGWJKY?tag=eloabder-20&linkCode=osi&th=1&psc=1"><img src="https://m.media-amazon.com/images/I/41nIFmIKHRL._SL500_.jpg" alt="Product Image"></a><p>Broadway Vita-Lip Clear Lip Gloss Moisturizing Hydrating Nourishing Long Lasting High Shine Glossy Lip Care Gloss 0.47oz/14ml (10 PCS SET)</p><p>$9.99</p><a href="https://www.amazon.com/dp/B09DMGWJKY?tag=eloabder-20&linkCode=osi&th=1&psc=1">View Product</a></div>
<div class="product"><a href="https://www.amazon.com/dp/B079ZX2QBD?tag=eloabder-20&linkCode=osi&th=1&psc=1"><img src="https://m.media-amazon.com/images/I/41b133H9ouL._SL500_.jpg" alt="Product Image"></a><p>NYX PROFESSIONAL MAKEUP Slim Lip Pencil, Long-Lasting Creamy Lip Liner - Espresso</p><p>$3.99</p><a href="https://www.amazon.com/dp/B079ZX2QBD?tag=eloabder-20&linkCode=osi&th=1&psc=1">View Product</a></div><div class="product"><a href="https://www.amazon.com/dp/B01LTI19EM?tag=eloabder-20&linkCode=osi&th=1&psc=1"><img src="https://m.media-amazon.com/images/I/31dqwnDSWYL._SL500_.jpg" alt="Product Image"></a><p>Revlon Lip Liner, Colorstay Lip Makeup with Built-in-Sharpener, Longwear Rich Lip Colors, Smooth Application, 630 Nude, 0.01 oz</p><p>$6.94</p><a href="https://www.amazon.com/dp/B01LTI19EM?tag=eloabder-20&linkCode=osi&th=1&psc=1">View Product</a></div><div class="product"><a href="https://www.amazon.com/dp/B07PKW2MKF?tag=eloabder-20&linkCode=osi&th=1&psc=1"><img src="https://m.media-amazon.com/images/I/41Z7GVpsqBL._SL500_.jpg" alt="Product Image"></a><p>wet n wild Lip Liner Perfect Pout Matte Retractable Gel Lip Liner Pencil, Purple Lay Down the Mauves</p><p>$3.29</p><a href="https://www.amazon.com/dp/B07PKW2MKF?tag=eloabder-20&linkCode=osi&th=1&psc=1">View Product</a></div><div class="product"><a href="https://www.amazon.com/dp/B0CMYQBRTW?tag=eloabder-20&linkCode=osi&th=1&psc=1"><img src="https://m.media-amazon.com/images/I/21uY0T3ER3L._SL500_.jpg" alt="Product Image"></a><p>e.l.f. Cream Glide Lip Liner, Highly-Pigmented Pencil For Shaping & Sculpting Lips, Semi-Matte Finish, Vegan & Cruelty-Free, Truth or Bare</p><p>$2.00</p><a href="https://www.amazon.com/dp/B0CMYQBRTW?tag=eloabder-20&linkCode=osi&th=1&psc=1">View Product</a></div><div class="product"><a href="https://www.amazon.com/dp/B01LZ2A9H5?tag=eloabder-20&linkCode=osi&th=1&psc=1"><img src="https://m.media-amazon.com/images/I/317eibjWZ1L._SL500_.jpg" alt="Product Image"></a><p>Maybelline Color Sensational Shaping Lip Liner with Self-Sharpening Tip, Magnetic Mauve, Mauve Pink, 1 Count</p><p>$6.98</p><a href="https://www.amazon.com/dp/B01LZ2A9H5?tag=eloabder-20&linkCode=osi&th=1&psc=1">View Product</a></div><div class="product"><a href="https://www.amazon.com/dp/B0CZBMYB36?tag=eloabder-20&linkCode=osi&th=1&psc=1"><img src="https://m.media-amazon.com/images/I/313kn3zESlL._SL500_.jpg" alt="Product Image"></a><p>MAYBELLINE Lifter Liner Lip Liner Pencil with Hyaluronic Acid, On It, 1 Count</p><p>$7.98</p><a href="https://www.amazon.com/dp/B0CZBMYB36?tag=eloabder-20&linkCode=osi&th=1&psc=1">View Product</a></div><div class="product"><a href="https://www.amazon.com/dp/B013VWRYXE?tag=eloabder-20&linkCode=osi&th=1&psc=1"><img src="https://m.media-amazon.com/images/I/51DYeydMNqL._SL500_.jpg" alt="Product Image"></a><p>12pc Italia Deluxe Ultra Fine Lip Liner set of 12 color</p><p>$9.85</p><a href="https://www.amazon.com/dp/B013VWRYXE?tag=eloabder-20&linkCode=osi&th=1&psc=1">View Product</a></div><div class="product"><a href="https://www.amazon.com/dp/B08CFSS35N?tag=eloabder-20&linkCode=osi&th=1&psc=1"><img src="https://m.media-amazon.com/images/I/212BftJ6SzL._SL500_.jpg" alt="Product Image"></a><p>Rimmel Lasting Finish 8HR Soft Lip Liner Pencil - Vibrant, Blendable Formula to Lock Lipstick in Place for 8 Hours - 705 Cappuccino, .04oz</p><p>$5.99</p><a href="https://www.amazon.com/dp/B08CFSS35N?tag=eloabder-20&linkCode=osi&th=1&psc=1">View Product</a></div><div class="product"><a href="https://www.amazon.com/dp/B0BVPNQW1C?tag=eloabder-20&linkCode=osi&th=1&psc=1"><img src="https://m.media-amazon.com/images/I/31a29qwVsOL._SL500_.jpg" alt="Product Image"></a><p>Sacheu Lip Liner Stay-N - Peel Off Lip Liner Tattoo, Peel Off Lip Stain, Long Lasting Lip Stain Peel Off, Infused with Hyaluronic Acid & Vitamin E, For All Skin Types, p-INKED</p><p>$12.00</p><a href="https://www.amazon.com/dp/B0BVPNQW1C?tag=eloabder-20&linkCode=osi&th=1&psc=1">View Product</a></div><div class="product"><a href="https://www.amazon.com/dp/B005G9LPDQ?tag=eloabder-20&linkCode=osi&th=1&psc=1"><img src="https://m.media-amazon.com/images/I/31S6bAW3pDL._SL500_.jpg" alt="Product Image"></a><p>NYX PROFESSIONAL MAKEUP Mechanical Lip Liner Pencil, Nude Pink</p><p>$4.99</p><a href="https://www.amazon.com/dp/B005G9LPDQ?tag=eloabder-20&linkCode=osi&th=1&psc=1">View Product</a></div>
<div class="product"><a href="https://www.amazon.com/dp/B0C7W6GW8P?tag=eloabder-20&linkCode=osi&th=1&psc=1"><img src="https://m.media-amazon.com/images/I/31Z6RdO3GRL._SL500_.jpg" alt="Product Image"></a><p>e.l.f. Squeeze Me Lip Balm, Moisturizing Lip Balm For A Sheer Tint Of Color, Infused With Hyaluronic Acid, Vegan & Cruelty-free, Strawberry</p><p>$4.00</p><a href="https://www.amazon.com/dp/B0C7W6GW8P?tag=eloabder-20&linkCode=osi&th=1&psc=1">View Product</a></div><div class="product"><a href="https://www.amazon.com/dp/B001R1UD3K?tag=eloabder-20&linkCode=osi&th=1&psc=1"><img src="https://m.media-amazon.com/images/I/41QzfNZqHrL._SL500_.jpg" alt="Product Image"></a><p>Carmex Original Flavor Moisturizing Lip Balm Tube Value Pack,0.35 Ounce (3 Count)</p><p>$2.94</p><a href="https://www.amazon.com/dp/B001R1UD3K?tag=eloabder-20&linkCode=osi&th=1&psc=1">View Product</a></div><div class="product"><a href="https://www.amazon.com/dp/B07QYWXCCT?tag=eloabder-20&linkCode=osi&th=1&psc=1"><img src="https://m.media-amazon.com/images/I/51T+6mCUskL._SL500_.jpg" alt="Product Image"></a><p>Jack Black Intense Therapy Lip Balm, 0.25-Oz., Pack of 3 – Natural Mint & Shea Butter, SPF 25 Sun Protection, Lip Moisturizer, Hydrating Lip Balm with SPF, Long Lasting Treatment</p><p>$24.00 ($32.00 / Ounce)</p><a href="https://www.amazon.com/dp/B07QYWXCCT?tag=eloabder-20&linkCode=osi&th=1&psc=1">View Product</a></div><div class="product"><a href="https://www.amazon.com/dp/B0044B4HSM?tag=eloabder-20&linkCode=osi&th=1&psc=1"><img src="https://m.media-amazon.com/images/I/51-qb5fLclL._SL500_.jpg" alt="Product Image"></a><p>Blistex Medicated Lip Balm, 0.15 Ounce, 3 Count (Pack of 1) Prevent Dryness & Chapping, SPF 15 Sun Protection, Seals in Moisture, Hydrating Lip Balm, Easy Glide Formula for Full Coverage</p><p>$3.94</p><a href="https://www.amazon.com/dp/B0044B4HSM?tag=eloabder-20&linkCode=osi&th=1&psc=1">View Product</a></div><div class="product"><a href="https://www.amazon.com/dp/B0C1TFHMCT?tag=eloabder-20&linkCode=osi&th=1&psc=1"><img src="https://m.media-amazon.com/images/I/51aYODckhsL._SL500_.jpg" alt="Product Image"></a><p>Vaseline Lip Therapy Care Original, Fast-Acting Nourishment, Ideal for Chapped, Dry, Cracked, or Damaged Lips, Lip Balm, 0.16 Ounce (Pack of 4)</p><p>$5.00</p><a href="https://www.amazon.com/dp/B0C1TFHMCT?tag=eloabder-20&linkCode=osi&th=1&psc=1">View Product</a></div><div class="product"><a href="https://www.amazon.com/dp/B0CZXG68J4?tag=eloabder-20&linkCode=osi&th=1&psc=1"><img src="https://m.media-amazon.com/images/I/41Xkis0092L._SL500_.jpg" alt="Product Image"></a><p>CNP Honey Lip Butter (0.5 fl.oz / 15ml) - Propolis Lipcerin™, Hydrating Overnight Manuka Lip Balm & Mask, 12hrs Long-lasting Moisture, Gentle Exfoliation, Hygienic Twist Dispenser, Korean Skin Care</p><p>$13.64 ($27.28 / Fl Oz)</p><a href="https://www.amazon.com/dp/B0CZXG68J4?tag=eloabder-20&linkCode=osi&th=1&psc=1">View Product</a></div><div class="product"><a href="https://www.amazon.com/dp/B07MSG1HPK?tag=eloabder-20&linkCode=osi&th=1&psc=1"><img src="https://m.media-amazon.com/images/I/21RmonQcC5L._SL500_.jpg" alt="Product Image"></a><p>La Roche-Posay Cicaplast Lip Balm B5 | Hydrating Lip Balm with Shea Butter | Lip Treatment for Dry Cracked Lips | Moisturizing and Repairing Lip Balm | Fragrance Free</p><p>$9.99</p><a href="https://www.amazon.com/dp/B07MSG1HPK?tag=eloabder-20&linkCode=osi&th=1&psc=1">View Product</a></div>
<div class="product"><a href="https://www.amazon.com/dp/B099RYFLSW?tag=eloabder-20&linkCode=osi&th=1&psc=1"><img src="https://m.media-amazon.com/images/I/31IMjST8noL._SL500_.jpg" alt="Product Image"></a><p>ETUDE Dear Darling Water Tint Cherry Ade (21AD) | Vivid Color Lip Stain with Moisturizing Weightless & Non-sticky Finish Lip Stain | Smudge-proof & Lightweight Lip Tint | K-beauty</p><p>$6.67 ($20.84 / Fl Oz)</p><a href="https://www.amazon.com/dp/B099RYFLSW?tag=eloabder-20&linkCode=osi&th=1&psc=1">View Product</a></div><div class="product"><a href="https://www.amazon.com/dp/B0C7Q4Q9SX?tag=eloabder-20&linkCode=osi&th=1&psc=1"><img src="https://m.media-amazon.com/images/I/51SO2tY6q-L._SL500_.jpg" alt="Product Image"></a><p>6 Colors Lip Tint Stain Set, Korean Lip Gloss Plumping Mini Liquid Lipstick, Multi-use Lip and Cheek Tint,Waterproof&Long Lasting,Natural Lip Stain Non-Sticky,Vivid Color (Avocado)</p><p>$7.99 ($4.00 / Fl Oz)</p><a href="https://www.amazon.com/dp/B0C7Q4Q9SX?tag=eloabder-20&linkCode=osi&th=1&psc=1">View Product</a></div><div class="product"><a href="https://www.amazon.com/dp/B0B56TC2G5?tag=eloabder-20&linkCode=osi&th=1&psc=1"><img src="https://m.media-amazon.com/images/I/31wrei57oIL._SL500_.jpg" alt="Product Image"></a><p>essence | What a Tint! Lip & Cheek Tint | Long-Lasting Liquid Blush & Lip Stain | Non-Sticky & Kiss-Proof | Vegan & Cruelty Free</p><p>$4.99 ($31.19 / Fl Oz)</p><a href="https://www.amazon.com/dp/B0B56TC2G5?tag=eloabder-20&linkCode=osi&th=1&psc=1">View Product</a></div><div class="product"><a href="https://www.amazon.com/dp/B0163BMUFM?tag=eloabder-20&linkCode=osi&th=1&psc=1"><img src="https://m.media-amazon.com/images/I/41p6DP49DfL._SL500_.jpg" alt="Product Image"></a><p>Burt's Bees Lip Tint Balm with Long Lasting 2 in 1 Duo Tinted Balm Formula, Color Infused with Deeply Hydrating Shea Butter for a Natural Looking Buildable Finish, Fiery Red Dahlia (2-Pack)</p><p>$9.20</p><a href="https://www.amazon.com/dp/B0163BMUFM?tag=eloabder-20&linkCode=osi&th=1&psc=1">View Product</a></div><div class="product"><a href="https://www.amazon.com/dp/B07NTPQRL5?tag=eloabder-20&linkCode=osi&th=1&psc=1"><img src="https://m.media-amazon.com/images/I/21-ZJZEUADL._SL500_.jpg" alt="Product Image"></a><p>Honest Beauty Tinted Lip Balm | Antioxidant-rich Acai Extracts + Avocado Oil | EWG Certified, Vegan, Cruelty Free | Summer Melon</p><p>$7.80</p><a href="https://www.amazon.com/dp/B07NTPQRL5?tag=eloabder-20&linkCode=osi&th=1&psc=1">View Product</a></div><div class="product"><a href="https://www.amazon.com/dp/B0CMJXGCFQ?tag=eloabder-20&linkCode=osi&th=1&psc=1"><img src="https://m.media-amazon.com/images/I/31c6yEqB00L._SL500_.jpg" alt="Product Image"></a><p>e.l.f. Glow Reviver Lip Oil, Nourishing Tinted Lip Oil For A High-shine Finish, Infused With Jojoba Oil, Vegan & Cruelty-free, Jam Session</p><p>$8.00</p><a href="https://www.amazon.com/dp/B0CMJXGCFQ?tag=eloabder-20&linkCode=osi&th=1&psc=1">View Product</a></div><div class="product"><a href="https://www.amazon.com/dp/B0B9YHX8DX?tag=eloabder-20&linkCode=osi&th=1&psc=1"><img src="https://m.media-amazon.com/images/I/31A-yoM7ZqL._SL500_.jpg" alt="Product Image"></a><p>Wonderskin Wonder Blading Lip Stain Peel Off Masque - Long Lasting, Waterproof and Transfer Proof Nude Lip Tint, Matte Finish Peel Off Lip Stain (Whimsical Masque)</p><p>$22.00</p><a href="https://www.amazon.com/dp/B0B9YHX8DX?tag=eloabder-20&linkCode=osi&th=1&psc=1">View Product</a></div><div class="product"><a href="https://www.amazon.com/dp/B0C3CWWMJM?tag=eloabder-20&linkCode=osi&th=1&psc=1"><img src="https://m.media-amazon.com/images/I/51evW1YGQdL._SL500_.jpg" alt="Product Image"></a><p>Eakroo 6 Colors Lip Tint Stain Mini Liquid Lipstick, Korean Lip Gloss Moisturizing Natural, Multi-Use Lip and Cheek Tint, Non-Stick Cup, Lightweight, High Pigment, Long-Lasting, Vivid Color</p><p>$7.99 ($2.89 / Fl Oz)</p><a href="https://www.amazon.com/dp/B0C3CWWMJM?tag=eloabder-20&linkCode=osi&th=1&psc=1">View Product</a></div><div class="product"><a href="https://www.amazon.com/dp/B09LB91W1H?tag=eloabder-20&linkCode=osi&th=1&psc=1"><img src="https://m.media-amazon.com/images/I/21UsOgVkNxL._SL500_.jpg" alt="Product Image"></a><p>CoverGirl Clean Fresh Tinted Lip Balm, Vegan Formula, Hydrating, Natural Finish, Cruelty Free, Bliss You Berry, 1 Count</p><p>$5.88 ($42.00 / Ounce)</p><a href="https://www.amazon.com/dp/B09LB91W1H?tag=eloabder-20&linkCode=osi&th=1&psc=1">View Product</a></div>
<div class="product"><a href="https://www.amazon.com/dp/B0B4F8FP1V?tag=eloabder-20&linkCode=osi&th=1&psc=1"><img src="https://m.media-amazon.com/images/I/31zD0oZazrL._SL500_.jpg" alt="Product Image"></a><p>e.l.f. Cosmetics Glossy Lip Stain, Lightweight, Long-Wear Lip Stain For A Sheer Pop Of Color & Subtle Gloss Effect, Berry Queen</p><p>$6.00</p><a href="https://www.amazon.com/dp/B0B4F8FP1V?tag=eloabder-20&linkCode=osi&th=1&psc=1">View Product</a></div><div class="product"><a href="https://www.amazon.com/dp/B0B9YH9PZK?tag=eloabder-20&linkCode=osi&th=1&psc=1"><img src="https://m.media-amazon.com/images/I/31irqkpVbvL._SL500_.jpg" alt="Product Image"></a><p>Wonderskin Wonder Blading Lip Stain Peel Off Masque - Long Lasting, Waterproof and Transfer Proof Pink Lip Tint, Matte Finish Peel Off Lip Stain (First Kiss Masque)</p><p>$22.00</p><a href="https://www.amazon.com/dp/B0B9YH9PZK?tag=eloabder-20&linkCode=osi&th=1&psc=1">View Product</a></div><div class="product"><a href="https://www.amazon.com/dp/B0CLYN8F9L?tag=eloabder-20&linkCode=osi&th=1&psc=1"><img src="https://m.media-amazon.com/images/I/218WFwKw6qL._SL500_.jpg" alt="Product Image"></a><p>COVERGIRL Outlast, 05 All-Star, Lipstain, Smooth Application, Precise Pen-Like Tip, Transfer-Proof, Satin Stained Finish, Vegan Formula, 0.06oz</p><p>$8.98</p><a href="https://www.amazon.com/dp/B0CLYN8F9L?tag=eloabder-20&linkCode=osi&th=1&psc=1">View Product</a></div><div class="product"><a href="https://www.amazon.com/dp/B0CLDDVBF4?tag=eloabder-20&linkCode=osi&th=1&psc=1"><img src="https://m.media-amazon.com/images/I/318rUce3+fL._SL500_.jpg" alt="Product Image"></a><p>Sacheu Lip Liner Stay-N - Peel Off Lip Liner Tattoo, Peel Off Lip Stain, Long Lasting Lip Stain Peel Off, Infused with Hyaluronic Acid & Vitamin E, For All Skin Types, HEY-zel</p><p>$12.00 ($100.00 / Fl Oz)</p><a href="https://www.amazon.com/dp/B0CLDDVBF4?tag=eloabder-20&linkCode=osi&th=1&psc=1">View Product</a></div><div class="product"><a href="https://www.amazon.com/dp/B001CWGFYU?tag=eloabder-20&linkCode=osi&th=1&psc=1"><img src="https://m.media-amazon.com/images/I/41wMMGxFtlL._SL500_.jpg" alt="Product Image"></a><p>Palladio Lip Stain, Hydrating and Waterproof Formula, Matte Color Look, Longlasting All Day Wear Lip Color, Smudge Proof Natural Finish, Precise Chisel Tip Marker, Nude</p><p>$8.99</p><a href="https://www.amazon.com/dp/B001CWGFYU?tag=eloabder-20&linkCode=osi&th=1&psc=1">View Product</a></div><div class="product"><a href="https://www.amazon.com/dp/B0CHJ8YL6G?tag=eloabder-20&linkCode=osi&th=1&psc=1"><img src="https://m.media-amazon.com/images/I/41amIuqcaJL._SL500_.jpg" alt="Product Image"></a><p>Cilrofelr Peel Off Lip Liner Stain, Long Wear Tattoo Lip Liner with Tweezer, Peel Off Lip Stain with Matte Finish, Long Lasting, Waterproof, Transfer-proof, Highly Pigmented Color (Mauve)</p><p>$14.99 ($187.38 / Fl Oz)</p><a href="https://www.amazon.com/dp/B0CHJ8YL6G?tag=eloabder-20&linkCode=osi&th=1&psc=1">View Product</a></div><div class="product"><a href="https://www.amazon.com/dp/B0CNCSLDBB?tag=eloabder-20&linkCode=osi&th=1&psc=1"><img src="https://m.media-amazon.com/images/I/31EPLmbi1eL._SL500_.jpg" alt="Product Image"></a><p>ETUDE Fixing Tint #05 Midnight Mauve (23AD) | Long Lasting High Pigmented Liquid Lipstick | Waterproof Lightweight Matte Finish Lip Stain | Full Coverage</p><p>$12.00</p><a href="https://www.amazon.com/dp/B0CNCSLDBB?tag=eloabder-20&linkCode=osi&th=1&psc=1">View Product</a></div><div class="product"><a href="https://www.amazon.com/dp/B0CKF2WFNQ?tag=eloabder-20&linkCode=osi&th=1&psc=1"><img src="https://m.media-amazon.com/images/I/41GyA+oYguL._SL500_.jpg" alt="Product Image"></a><p>NOONI Korean Lip Oil - Applefig | Lip Stain, Gift, Long-Lasting, Moisturizing, Plumping, Revitalizing for Dry Lips, Waterproof, No Peel Off, Korean Lip Tint, Magenta Purple, 0.12 Fl Oz</p><p>$12.00 ($100.00 / Fl Oz)</p><a href="https://www.amazon.com/dp/B0CKF2WFNQ?tag=eloabder-20&linkCode=osi&th=1&psc=1">View Product</a></div>
<div class="product"><a href="https://www.amazon.com/dp/B01NAI251H?tag=eloabder-20&linkCode=osi&th=1&psc=1"><img src="https://m.media-amazon.com/images/I/51gC3z3vEIL._SL500_.jpg" alt="Product Image"></a><p>Handmade Heroes 100% Natural Lip Scrub, Vegan Conditioning Coconut Exfoliator - Gentle Exfoliant, Sugar Polish and Scrubber for Chapped Dry Lips, 1oz (Coconut Sorbet)</p><p>$6.99</p><a href="https://www.amazon.com/dp/B01NAI251H?tag=eloabder-20&linkCode=osi&th=1&psc=1">View Product</a></div><div class="product"><a href="https://www.amazon.com/dp/B0C7WQ3Z6H?tag=eloabder-20&linkCode=osi&th=1&psc=1"><img src="https://m.media-amazon.com/images/I/318wm99nh1L._SL500_.jpg" alt="Product Image"></a><p>e.l.f. Lip Exfoliator, Moisturizing Scented Lip Scrub For Exfoliating & Smoothing Lips, Infused With Jojoba Oil, Vegan & Cruelty-free, Strawberry</p><p>$5.00 ($50.00 / Ounce)</p><a href="https://www.amazon.com/dp/B0C7WQ3Z6H?tag=eloabder-20&linkCode=osi&th=1&psc=1">View Product</a></div><div class="product"><a href="https://www.amazon.com/dp/B0759HSBQC?tag=eloabder-20&linkCode=osi&th=1&psc=1"><img src="https://m.media-amazon.com/images/I/3165YiRlcNL._SL500_.jpg" alt="Product Image"></a><p>Revlon Lip Scrub Balm, Kiss Sugar Scrub Exfoliator, Lip Makeup with 24 Hour Long Lasting Hydration, Sugar Mint, 0.09 oz</p><p>$5.48</p><a href="https://www.amazon.com/dp/B0759HSBQC?tag=eloabder-20&linkCode=osi&th=1&psc=1">View Product</a></div><div class="product"><a href="https://www.amazon.com/dp/B0B15MRHM4?tag=eloabder-20&linkCode=osi&th=1&psc=1"><img src="https://m.media-amazon.com/images/I/414XRjPg6AL._SL500_.jpg" alt="Product Image"></a><p>Brooklyn Botany Lip Scrub Exfoliator 1 oz – Lip Moisturizer for Dry Lips and Chapped Lips – Gentle Lip Exfoliator for Smooth and Brighter Lips – Vanilla Flavor</p><p>$7.99</p><a href="https://www.amazon.com/dp/B0B15MRHM4?tag=eloabder-20&linkCode=osi&th=1&psc=1">View Product</a></div><div class="product"><a href="https://www.amazon.com/dp/B0CNQ72M6B?tag=eloabder-20&linkCode=osi&th=1&psc=1"><img src="https://m.media-amazon.com/images/I/310xvYvYEkL._SL500_.jpg" alt="Product Image"></a><p>W7 Sweet Dreams Lip Scrub & Overnight Lip Mask Duo - 2Pcs Set - Strawberry Flavour - Exfoliate, Condition, Soothe & Hydrate</p><p>$9.95 ($4.98 / Count)</p><a href="https://www.amazon.com/dp/B0CNQ72M6B?tag=eloabder-20&linkCode=osi&th=1&psc=1">View Product</a></div><div class="product"><a href="https://www.amazon.com/dp/B09FYYRJ4Y?tag=eloabder-20&linkCode=osi&th=1&psc=1"><img src="https://m.media-amazon.com/images/I/41HDVJYOBRL._SL500_.jpg" alt="Product Image"></a><p>Lip Scrub Treatment, Lip Scrubs Exfoliating Moisturizer Sugar Lip Surb Cruelty-Free for Repairing Dry & Chapped & Peeling and Cracked Lips, the Best Gift for Lip Care in Autumn and Winter(Orange)</p><p>$2.99 ($1.04 / Ounce)</p><a href="https://www.amazon.com/dp/B09FYYRJ4Y?tag=eloabder-20&linkCode=osi&th=1&psc=1">View Product</a></div><div class="product"><a href="https://www.amazon.com/dp/B083588MZP?tag=eloabder-20&linkCode=osi&th=1&psc=1"><img src="https://m.media-amazon.com/images/I/31qe+dPu0WL._SL500_.jpg" alt="Product Image"></a><p>Milani Rose Sugar Lip Scrub - Lip Exfoliator to Help With Lip Care and Lip Repair</p><p>$7.04 ($7.04 / Count)</p><a href="https://www.amazon.com/dp/B083588MZP?tag=eloabder-20&linkCode=osi&th=1&psc=1">View Product</a></div><div class="product"><a href="https://www.amazon.com/dp/B085NDWSZW?tag=eloabder-20&linkCode=osi&th=1&psc=1"><img src="https://m.media-amazon.com/images/I/31QVvbj+z9L._SL500_.jpg" alt="Product Image"></a><p>3 Pcs Lip Scrub Brush,Lip Scrubber Exfoliator,Silicone Lip Brush Tool Double-Sided Mini Exfoliating Brush For Men Women Lip Lightening For Dark Lips Exfoliator Scrub Brush</p><p>$3.47 ($1.16 / Count)</p><a href="https://www.amazon.com/dp/B085NDWSZW?tag=eloabder-20&linkCode=osi&th=1&psc=1">View Product</a></div><div class="product"><a href="https://www.amazon.com/dp/B0CMQ6YN87?tag=eloabder-20&linkCode=osi&th=1&psc=1"><img src="https://m.media-amazon.com/images/I/41KZ7zmBA8L._SL500_.jpg" alt="Product Image"></a><p>EJW Nourishing Lip Scrub - Infused with Coconut Oil, Olive Fruit Oil, and Jojoba Seed Oil, 1.05oz - Exfoliate, Hydrate, and Glow for Chapped Dry, Dark Lips</p><p>$7.27</p><a href="https://www.amazon.com/dp/B0CMQ6YN87?tag=eloabder-20&linkCode=osi&th=1&psc=1">View Product</a></div>
<div class="product"><a href="https://www.amazon.com/dp/B01LYWTZT2?tag=eloabder-20&linkCode=osi&th=1&psc=1"><img src="https://m.media-amazon.com/images/I/315xsyPtBfL._SL500_.jpg" alt="Product Image"></a><p>Too Faced Lip Injection Travel Size Extreme Lip Plumper, Original, 0.1 Fl Oz</p><p>$16.00 ($160.00 / Fl Oz)</p><a href="https://www.amazon.com/dp/B01LYWTZT2?tag=eloabder-20&linkCode=osi&th=1&psc=1">View Product</a></div><div class="product"><a href="https://www.amazon.com/dp/B094LT5LM4?tag=eloabder-20&linkCode=osi&th=1&psc=1"><img src="https://m.media-amazon.com/images/I/1174dCa9FqS._SL500_.jpg" alt="Product Image"></a><p>City Beauty City Lips Plumping Lip Gloss - Ultra High-Shine Gloss for Fuller, Healthier, Younger-Looking Lips | Hydrating & Smoothing Lip Treatment Lip Plumper with Hyaluronic Acid & Oligopeptides</p><p>$35.00 ($218.75 / Fl Oz)</p><a href="https://www.amazon.com/dp/B094LT5LM4?tag=eloabder-20&linkCode=osi&th=1&psc=1">View Product</a></div><div class="product"><a href="https://www.amazon.com/dp/B08XZQ4YQ2?tag=eloabder-20&linkCode=osi&th=1&psc=1"><img src="https://m.media-amazon.com/images/I/41cN7l9csUL._SL500_.jpg" alt="Product Image"></a><p>essence | What the Fake! Plumping Lip Filler | Lip Gloss for Full, Voluminous Lips | Translucent Pearly Finish | Vegan & Cruelty Free, Gluten Free, Paraben Free</p><p>$4.99 ($35.64 / Fl Oz )</p><a href="https://www.amazon.com/dp/B08XZQ4YQ2?tag=eloabder-20&linkCode=osi&th=1&psc=1">View Product</a></div><div class="product"><a href="https://www.amazon.com/dp/B0CR7GSPFP?tag=eloabder-20&linkCode=osi&th=1&psc=1"><img src="https://m.media-amazon.com/images/I/41y+VaB2iDL._SL500_.jpg" alt="Product Image"></a><p>NYX PROFESSIONAL MAKEUP Duck Plump High Pigment Plumping Lip Gloss with Spicy Ginger, Vegan Lip Makeup - Cherry Spice (Transparent Red)</p><p>$9.75</p><a href="https://www.amazon.com/dp/B0CR7GSPFP?tag=eloabder-20&linkCode=osi&th=1&psc=1">View Product</a></div><div class="product"><a href="https://www.amazon.com/dp/B0CPYMLVJJ?tag=eloabder-20&linkCode=osi&th=1&psc=1"><img src="https://m.media-amazon.com/images/I/31qGoOFwP7L._SL500_.jpg" alt="Product Image"></a><p>e.l.f. Pout Clout Lip Plumping Pen, Nourishing Lip Balm For Sheer Color & Shine, Plumps & Moisturizes, Vegan & Cruelty-Free, In The Clear</p><p>$8.00</p><a href="https://www.amazon.com/dp/B0CPYMLVJJ?tag=eloabder-20&linkCode=osi&th=1&psc=1">View Product</a></div><div class="product"><a href="https://www.amazon.com/dp/B086QRYHYT?tag=eloabder-20&linkCode=osi&th=1&psc=1"><img src="https://m.media-amazon.com/images/I/41IVWGl-frL._SL500_.jpg" alt="Product Image"></a><p>KISSIO Lip Plumper,Natural Lip Plumper for Day Use,Lip Plumping Gloss Make Lips Fuller and Moisturizing 5.5ml</p><p>$9.89</p><a href="https://www.amazon.com/dp/B086QRYHYT?tag=eloabder-20&linkCode=osi&th=1&psc=1">View Product</a></div><div class="product"><a href="https://www.amazon.com/dp/B074G382ZR?tag=eloabder-20&linkCode=osi&th=1&psc=1"><img src="https://m.media-amazon.com/images/I/31h-Mpx5OOL._SL500_.jpg" alt="Product Image"></a><p>e.l.f. Lip Plumping Gloss, Hydrating, Nourishing, Invigorating, High-Shine, Plumps, Volumizes, Cools, Soothes, Shimmer, Pink Cosmo 8 Ounce 0.09 Fl Oz</p><p>$7.00</p><a href="https://www.amazon.com/dp/B074G382ZR?tag=eloabder-20&linkCode=osi&th=1&psc=1">View Product</a></div><div class="product"><a href="https://www.amazon.com/dp/B08RRY5PF2?tag=eloabder-20&linkCode=osi&th=1&psc=1"><img src="https://m.media-amazon.com/images/I/41HjvvFXBpL._SL500_.jpg" alt="Product Image"></a><p>Physicians Formula Mineral Wear Diamond Lip Plumper Gloss, Dermatologist Tested, Light Pink Princess Cut</p><p>$7.28</p><a href="https://www.amazon.com/dp/B08RRY5PF2?tag=eloabder-20&linkCode=osi&th=1&psc=1">View Product</a></div>
<div class="product"><a href="https://www.amazon.com/dp/B017PCGAXQ?tag=eloabder-20&linkCode=osi&th=1&psc=1"><img src="https://m.media-amazon.com/images/I/31-daQlUgGL._SL500_.jpg" alt="Product Image"></a><p>Garnier Micellar Water For Waterproof Makeup, Hydrating Facial Cleanser & Makeup Remover, Suitable for Sensitive Skin, Vegan, Cruelty Free, 13.5 Fl Oz (400mL), 1 Count</p><p>$8.97 ($0.66 / Fl Oz)</p><a href="https://www.amazon.com/dp/B017PCGAXQ?tag=eloabder-20&linkCode=osi&th=1&psc=1">View Product</a></div><div class="product"><a href="https://www.amazon.com/dp/B017PCGABI?tag=eloabder-20&linkCode=osi&th=1&psc=1"><img src="https://m.media-amazon.com/images/I/3106WC85aAL._SL500_.jpg" alt="Product Image"></a><p>Garnier Micellar Water, Hydrating Facial Cleanser & Makeup Remover, Suitable for Sensitive Skin, Vegan, Cruelty Free, 13.5 Fl Oz (400mL), 1 Count</p><p>$8.97 ($0.66 / Fl Oz)</p><a href="https://www.amazon.com/dp/B017PCGABI?tag=eloabder-20&linkCode=osi&th=1&psc=1">View Product</a></div><div class="product"><a href="https://www.amazon.com/dp/B00U2VQZDS?tag=eloabder-20&linkCode=osi&th=1&psc=1"><img src="https://m.media-amazon.com/images/I/41VzZfHAKpL._SL500_.jpg" alt="Product Image"></a><p>Neutrogena Makeup Remover Wipes, Ultra-Soft Cleansing Facial Towelettes for Waterproof Makeup, Alcohol-Free, Plant-Based, Twin Pack, 25 Count (Pack of 2)</p><p>$8.97 ($0.18 / Count)</p><a href="https://www.amazon.com/dp/B00U2VQZDS?tag=eloabder-20&linkCode=osi&th=1&psc=1">View Product</a></div><div class="product"><a href="https://www.amazon.com/dp/B07T9JV956?tag=eloabder-20&linkCode=osi&th=1&psc=1"><img src="https://m.media-amazon.com/images/I/310x+0QrxsL._SL500_.jpg" alt="Product Image"></a><p>Neutrogena Gentle Oil-Free Eye Makeup Remover & Cleanser for Sensitive Eyes, Non-Greasy Makeup Remover, Removes Waterproof Mascara, Dermatologist & Ophthalmologist Tested, 8.0 fl. oz</p><p>$9.39 ($1.17 / Fl Oz)</p><a href="https://www.amazon.com/dp/B07T9JV956?tag=eloabder-20&linkCode=osi&th=1&psc=1">View Product</a></div><div class="product"><a href="https://www.amazon.com/dp/B01M31HY3S?tag=eloabder-20&linkCode=osi&th=1&psc=1"><img src="https://m.media-amazon.com/images/I/319i79e7f4L._SL500_.jpg" alt="Product Image"></a><p>Cetaphil Gentle Waterproof Makeup Remover, Mother's Day Gifts, Oil-Free Formula Suitable for Sensitive Skin, 6.0 Fluid Ounce</p><p>$9.87 ($1.64 / Fl Oz)</p><a href="https://www.amazon.com/dp/B01M31HY3S?tag=eloabder-20&linkCode=osi&th=1&psc=1">View Product</a></div><div class="product"><a href="https://www.amazon.com/dp/B07SS6LFRG?tag=eloabder-20&linkCode=osi&th=1&psc=1"><img src="https://m.media-amazon.com/images/I/31Mwa89HfCL._SL500_.jpg" alt="Product Image"></a><p>Amazon Basics Eye Makeup Remover, Removes Waterproof Mascara, Dermatologist Tested, Fragrance Free, 5.5 Fl Oz (Pack of 1)</p><p>$5.99 ($1.09 / Fl Oz)</p><a href="https://www.amazon.com/dp/B07SS6LFRG?tag=eloabder-20&linkCode=osi&th=1&psc=1">View Product</a></div><div class="product"><a href="https://www.amazon.com/dp/B08TQTT8LK?tag=eloabder-20&linkCode=osi&th=1&psc=1"><img src="https://m.media-amazon.com/images/I/31R-Y-dhjEL._SL500_.jpg" alt="Product Image"></a><p>e.l.f. Holy Hydration! Makeup Melting Cleansing Balm, Face Cleanser & Makeup Remover, Infused with Hyaluronic Acid to Hydrate Skin, 2 Oz</p><p>$11.00 ($5.50 / Ounce)</p><a href="https://www.amazon.com/dp/B08TQTT8LK?tag=eloabder-20&linkCode=osi&th=1&psc=1">View Product</a></div><div class="product"><a href="https://www.amazon.com/dp/B08Q3CQM7X?tag=eloabder-20&linkCode=osi&th=1&psc=1"><img src="https://m.media-amazon.com/images/I/31edyzkByfL._SL500_.jpg" alt="Product Image"></a><p>JUNO & Co. Clean 10 Cleansing Balm 10 Ingredients Makeup Remover 85g / 3.0oz</p><p>$14.99 ($5.00 / Ounce)</p><a href="https://www.amazon.com/dp/B08Q3CQM7X?tag=eloabder-20&linkCode=osi&th=1&psc=1">View Product</a></div><div class="product"><a href="https://www.amazon.com/dp/B0B1PP1XCM?tag=eloabder-20&linkCode=osi&th=1&psc=1"><img src="https://m.media-amazon.com/images/I/31kOCqV2+BL._SL500_.jpg" alt="Product Image"></a><p>CeraVe Cleansing Balm for Sensitive Skin | Hydrating Makeup Remover with Ceramides and Plant-based Jojoba Oil for Face | Non-Comedogenic Fragrance Free Non-Greasy |1.3 Ounces</p><p>$9.97 ($7.67 / Ounce)</p><a href="https://www.amazon.com/dp/B0B1PP1XCM?tag=eloabder-20&linkCode=osi&th=1&psc=1">View Product</a></div><div class="product"><a href="https://www.amazon.com/dp/B0BX65V1BZ?tag=eloabder-20&linkCode=osi&th=1&psc=1"><img src="https://m.media-amazon.com/images/I/31t6WiWvdDL._SL500_.jpg" alt="Product Image"></a><p>Prime Prometics PrimeSkin Beauty Water – Deeply Hydrating Pro-Age Make-Up Remover for Mature Women – Clean, One Swipe – for All Skin Types – pH balanced, Hypoallergenic</p><p>$27.00 ($5.29 / Fl Oz)</p><a href="https://www.amazon.com/dp/B0BX65V1BZ?tag=eloabder-20&linkCode=osi&th=1&psc=1">View Product</a></div>
<div class="product"><a href="https://www.amazon.com/dp/B0B642XWV8?tag=eloabder-20&linkCode=osi&th=1&psc=1"><img src="https://m.media-amazon.com/images/I/31PQPhUWqyL._SL500_.jpg" alt="Product Image"></a><p>Cetaphil Face and Body Wipes, Gentle Skin Cleansing Cloths, Mother's Day Gifts, 25 Count (Pack of 2), for Dry, Sensitive Skin, Flip Top Closure, Hypoallergenic, Fragrance Free</p><p>$13.69 ($0.27 / Count)</p><a href="https://www.amazon.com/dp/B0B642XWV8?tag=eloabder-20&linkCode=osi&th=1&psc=1">View Product</a></div><div class="product"><a href="https://www.amazon.com/dp/B0B644ZQLV?tag=eloabder-20&linkCode=osi&th=1&psc=1"><img src="https://m.media-amazon.com/images/I/41E5FGVZrnL._SL500_.jpg" alt="Product Image"></a><p>Cetaphil Face and Body Wipes, Gentle Skin Cleansing Cloths, 25 Count (Pack of 3), for Dry, Sensitive Skin, Flip Top Closure, Great for the Gym, Hypoallergenic, Fragrance Free</p><p>$20.91 ($0.28 / Count)</p><a href="https://www.amazon.com/dp/B0B644ZQLV?tag=eloabder-20&linkCode=osi&th=1&psc=1">View Product</a></div><div class="product"><a href="https://www.amazon.com/dp/B0958JYLZN?tag=eloabder-20&linkCode=osi&th=1&psc=1"><img src="https://m.media-amazon.com/images/I/312T32wjaYL._SL500_.jpg" alt="Product Image"></a><p>The Honest Company Hydrate + Cleanse Naturally Scented Wipes | Cleansing Multi-Tasking Wipes | 99% Water, Plant-Based, Hypoallergenic | Aloe + Cucumber, 60 Count</p><p>$5.97 ($9.95 / 100 Count)</p><a href="https://www.amazon.com/dp/B0958JYLZN?tag=eloabder-20&linkCode=osi&th=1&psc=1">View Product</a></div><div class="product"><a href="https://www.amazon.com/dp/B0BR3GVFL4?tag=eloabder-20&linkCode=osi&th=1&psc=1"><img src="https://m.media-amazon.com/images/I/41E2x2jaumL._SL500_.jpg" alt="Product Image"></a><p>Amazon Basics Hydrating Makeup Remover Wipes, 150 wipes (Pack of 6)</p><p>$17.79 ($0.12 / Count)</p><a href="https://www.amazon.com/dp/B0BR3GVFL4?tag=eloabder-20&linkCode=osi&th=1&psc=1">View Product</a></div><div class="product"><a href="https://www.amazon.com/dp/B093T3LQPP?tag=eloabder-20&linkCode=osi&th=1&psc=1"><img src="https://m.media-amazon.com/images/I/51mLU+qr6tL._SL500_.jpg" alt="Product Image"></a><p>Burt's Bees Rose Water Face Wipes, for All Skin Types, Hydrating Micellar Makeup Remover & Facial Cleansing Towelettes, 30 Ct (3-Pack)</p><p>$16.47 ($0.18 / Count)</p><a href="https://www.amazon.com/dp/B093T3LQPP?tag=eloabder-20&linkCode=osi&th=1&psc=1">View Product</a></div><div class="product"><a href="https://www.amazon.com/dp/B09LXWPB1V?tag=eloabder-20&linkCode=osi&th=1&psc=1"><img src="https://m.media-amazon.com/images/I/4117i-jJMKL._SL500_.jpg" alt="Product Image"></a><p>CeraVe Hydrating Facial Cleansing Makeup Remover Wipes| Plant Based Face Biodegradable in Home Compost| Wash Cloth| Suitable for Sensitive Skin| Fragrance-free Non-comedogenic| 25 Count</p><p>$9.97 ($0.40 / Count)</p><a href="https://www.amazon.com/dp/B09LXWPB1V?tag=eloabder-20&linkCode=osi&th=1&psc=1">View Product</a></div><div class="product"><a href="https://www.amazon.com/dp/B00NUJQG7Y?tag=eloabder-20&linkCode=osi&th=1&psc=1"><img src="https://m.media-amazon.com/images/I/51apu8FIluL._SL500_.jpg" alt="Product Image"></a><p>Burt's Bees Aloe Vera Face Wipes, for Sensitive Skin, Soothing Makeup Remover & Facial Cleansing Towelettes, 30 Ct. (3-Pack)</p><p>$16.41 ($0.18 / Count)</p><a href="https://www.amazon.com/dp/B00NUJQG7Y?tag=eloabder-20&linkCode=osi&th=1&psc=1">View Product</a></div>
<div class="product"><a href="https://www.amazon.com/dp/B08KQMXZFB?tag=eloabder-20&linkCode=osi&th=1&psc=1"><img src="https://m.media-amazon.com/images/I/31HvJEoHtwL._SL500_.jpg" alt="Product Image"></a><p>Garnier Micellar Water with Vitamin C, Facial Cleanser & Makeup Remover, Brightening & Hydrating, For All Skin Types, Vegan, Cruelty Free, 13.5 Fl Oz (400mL), 1 Count</p><p>$8.97 ($0.66 / Fl Oz)</p><a href="https://www.amazon.com/dp/B08KQMXZFB?tag=eloabder-20&linkCode=osi&th=1&psc=1">View Product</a></div><div class="product"><a href="https://www.amazon.com/dp/B0036SFTK4?tag=eloabder-20&linkCode=osi&th=1&psc=1"><img src="https://m.media-amazon.com/images/I/31+tj+uVB+L._SL500_.jpg" alt="Product Image"></a><p>Bioderma Sensibio H2O Micellar Water, Makeup Remover, Gentle for Skin, Fragrance-Free & Alcohol-Free, No Rinse Skincare With Micellar Technology for Normal To Sensitive Skin Types</p><p>$12.99 ($1.55 / Fl Oz)</p><a href="https://www.amazon.com/dp/B0036SFTK4?tag=eloabder-20&linkCode=osi&th=1&psc=1">View Product</a></div><div class="product"><a href="https://www.amazon.com/dp/B07TB2MKJJ?tag=eloabder-20&linkCode=osi&th=1&psc=1"><img src="https://m.media-amazon.com/images/I/41SyeAmsnOL._SL500_.jpg" alt="Product Image"></a><p>Garnier Micellar Water with Rose Water and Glycerin, Hydrating Facial Cleanser & Makeup Remover, For All Skin Types, Vegan, Cruelty Free, 13.5 Fl Oz (400mL), 1 Count</p><p>$8.97 ($0.66 / Fl Oz)</p><a href="https://www.amazon.com/dp/B07TB2MKJJ?tag=eloabder-20&linkCode=osi&th=1&psc=1">View Product</a></div><div class="product"><a href="https://www.amazon.com/dp/B01MQ495N0?tag=eloabder-20&linkCode=osi&th=1&psc=1"><img src="https://m.media-amazon.com/images/I/31wWu56DBJL._SL500_.jpg" alt="Product Image"></a><p>Garnier Micellar Water for Oily Skin, Facial Cleanser & Makeup Remover, Mattifying, For All Skin Types, Vegan, Cruelty Free, 13.5 Fl Oz (400mL), 1 Count</p><p>$8.97 ($0.66 / Fl Oz)</p><a href="https://www.amazon.com/dp/B01MQ495N0?tag=eloabder-20&linkCode=osi&th=1&psc=1">View Product</a></div><div class="product"><a href="https://www.amazon.com/dp/B0B59TJN3R?tag=eloabder-20&linkCode=osi&th=1&psc=1"><img src="https://m.media-amazon.com/images/I/410aYbZluvL._SL500_.jpg" alt="Product Image"></a><p>Garnier Micellar Water with Hyaluronic Acid, Facial Cleanser & Makeup Remover, Hydrating and Plumping, For All Skin Types, Vegan, Cruelty Free, 13.5 Fl Oz (400mL), 2 Count</p><p>$17.94 ($0.66 / Fl Oz)</p><a href="https://www.amazon.com/dp/B0B59TJN3R?tag=eloabder-20&linkCode=osi&th=1&psc=1">View Product</a></div><div class="product"><a href="https://www.amazon.com/dp/B07VHZPBZ3?tag=eloabder-20&linkCode=osi&th=1&psc=1"><img src="https://m.media-amazon.com/images/I/41Ow8cEJaFL._SL500_.jpg" alt="Product Image"></a><p>CeraVe Micellar Water | New & Improved Formula | Hydrating Facial Cleanser & Eye Makeup Remover | Fragrance Free & Non-Irritating | 10 Fl. Oz</p><p>$10.74 ($1.07 / Ounce)</p><a href="https://www.amazon.com/dp/B07VHZPBZ3?tag=eloabder-20&linkCode=osi&th=1&psc=1">View Product</a></div><div class="product"><a href="https://www.amazon.com/dp/B005EZSUS0?tag=eloabder-20&linkCode=osi&th=1&psc=1"><img src="https://m.media-amazon.com/images/I/31Cwqaks+tL._SL500_.jpg" alt="Product Image"></a><p>La Roche-Posay Micellar Cleansing Water for Sensitive Skin, Micellar Water Makeup Remover, Cleanses and Hydrates Skin, Gentle Face Toner, Oil Free</p><p>$18.99 ($1.40 / Fl Oz)</p><a href="https://www.amazon.com/dp/B005EZSUS0?tag=eloabder-20&linkCode=osi&th=1&psc=1">View Product</a></div><div class="product"><a href="https://www.amazon.com/dp/B0CY25DD2N?tag=eloabder-20&linkCode=osi&th=1&psc=1"><img src="https://m.media-amazon.com/images/I/41jb6YrZnRL._SL500_.jpg" alt="Product Image"></a><p>ma:nyo Pure Cleansing Water Sensitive (16.9 fl oz/500ml) - Triple+ Micellar Technology, Makeup Removal Cleanser, Gentle Face Cleanser for all skin types, Cleanses and Hydrates Skin</p><p>$18.99 ($1.12 / Fl Oz)</p><a href="https://www.amazon.com/dp/B0CY25DD2N?tag=eloabder-20&linkCode=osi&th=1&psc=1">View Product</a></div>
<div class="product"><a href="https://www.amazon.com/dp/B09LKXR62L?tag=eloabder-20&linkCode=osi&th=1&psc=1"><img src="https://m.media-amazon.com/images/I/31D6ydy59dL._SL500_.jpg" alt="Product Image"></a><p>CeraVe Hydrating Toner for Face Non-Alcoholic with Hyaluronic Acid, Niacinamide, and Ceramides for Sensitive Dry Skin, Fragrance-Free Non Comedogenic, Full Size, 6.8 Fl Oz</p><p>$9.86 ($1.45 / Ounce)</p><a href="https://www.amazon.com/dp/B09LKXR62L?tag=eloabder-20&linkCode=osi&th=1&psc=1">View Product</a></div><div class="product"><a href="https://www.amazon.com/dp/B08CMS8P67?tag=eloabder-20&linkCode=osi&th=1&psc=1"><img src="https://m.media-amazon.com/images/I/31LVyuSsJEL._SL500_.jpg" alt="Product Image"></a><p>Anua Heartleaf 77 Soothing Toner I pH 5.5 Trouble Care, Calming Skin, Refreshing, Hydrating, Purifying, Cruelty Free, Vegan,(250ml / 8.45 fl.oz.)</p><p>$19.69 ($2.33 / Fl Oz)</p><a href="https://www.amazon.com/dp/B08CMS8P67?tag=eloabder-20&linkCode=osi&th=1&psc=1">View Product</a></div><div class="product"><a href="https://www.amazon.com/dp/B001BR97A0?tag=eloabder-20&linkCode=osi&th=1&psc=1"><img src="https://m.media-amazon.com/images/I/41ooiOilk5L._SL500_.jpg" alt="Product Image"></a><p>THAYERS Alcohol-Free, Hydrating Cucumber Witch Hazel Facial Toner with Aloe Vera Formula, Vegan, Dermatologist Tested and Recommended, 12 Oz</p><p>$10.53 ($0.88 / Fl Oz)</p><a href="https://www.amazon.com/dp/B001BR97A0?tag=eloabder-20&linkCode=osi&th=1&psc=1">View Product</a></div><div class="product"><a href="https://www.amazon.com/dp/B0CG1H8YRS?tag=eloabder-20&linkCode=osi&th=1&psc=1"><img src="https://m.media-amazon.com/images/I/31OZES5j9LL._SL500_.jpg" alt="Product Image"></a><p>TIRTIR Milk Skin Rice Toner | Deep Moisturizing, Instant Glow, 2% Niacinamide, Rice Bran Extract, Ceramide, Panthenol, Cruelty-Free, Fungal Acne Friendly, Vegan, 5.07 fl.oz.</p><p>$24.99 ($4.93 / Fl Oz)</p><a href="https://www.amazon.com/dp/B0CG1H8YRS?tag=eloabder-20&linkCode=osi&th=1&psc=1">View Product</a></div><div class="product"><a href="https://www.amazon.com/dp/B008EPPIQ4?tag=eloabder-20&linkCode=osi&th=1&psc=1"><img src="https://m.media-amazon.com/images/I/31-lQL0AkZL._SL500_.jpg" alt="Product Image"></a><p>Paula's Choice Skin Balancing Pore-Reducing Toner for Combination and Oily Skin, Minimizes Large Pores, 6.4 Fluid Ounce Bottle</p><p>$26.00 ($4.06 / Fl Oz)</p><a href="https://www.amazon.com/dp/B008EPPIQ4?tag=eloabder-20&linkCode=osi&th=1&psc=1">View Product</a></div><div class="product"><a href="https://www.amazon.com/dp/B0BNC5ZF3T?tag=eloabder-20&linkCode=osi&th=1&psc=1"><img src="https://m.media-amazon.com/images/I/31ZMbyd3gbL._SL500_.jpg" alt="Product Image"></a><p>Neutrogena Alcohol-Free Gentle Daily Fragrance-Free Face Toner to Tone & Refresh Skin, Toner Gently Removes Impurities & Reconditions Skin, Hypoallergenic, 8 fl. oz</p><p>$6.08 ($0.76 / Fl Oz)</p><a href="https://www.amazon.com/dp/B0BNC5ZF3T?tag=eloabder-20&linkCode=osi&th=1&psc=1">View Product</a></div><div class="product"><a href="https://www.amazon.com/dp/B00LO2RO7K?tag=eloabder-20&linkCode=osi&th=1&psc=1"><img src="https://m.media-amazon.com/images/I/31Wb52+KYzL._SL500_.jpg" alt="Product Image"></a><p>La Roche-Posay Effaclar Clarifying Solution Acne Toner with Salicylic Acid and Glycolic Acid, Pore Refining Oily Skin Toner, Gentle Exfoliant to Unclog Pores and Remove Dead Skin Cells</p><p>$16.99 ($2.51 / Fl Oz)</p><a href="https://www.amazon.com/dp/B00LO2RO7K?tag=eloabder-20&linkCode=osi&th=1&psc=1">View Product</a></div><div class="product"><a href="https://www.amazon.com/dp/B000GCQ04C?tag=eloabder-20&linkCode=osi&th=1&psc=1"><img src="https://m.media-amazon.com/images/I/31Jk+E96wIL._SL500_.jpg" alt="Product Image"></a><p>Dickinson's Original Witch Hazel Pore Perfecting Toner, 100% Natural, 16 Ounce Fragrance free</p><p>$4.94 ($0.31 / Fl Oz)</p><a href="https://www.amazon.com/dp/B000GCQ04C?tag=eloabder-20&linkCode=osi&th=1&psc=1">View Product</a></div><div class="product"><a href="https://www.amazon.com/dp/B073P6BPF5?tag=eloabder-20&linkCode=osi&th=1&psc=1"><img src="https://m.media-amazon.com/images/I/31hqlVDLizL._SL500_.jpg" alt="Product Image"></a><p>COSRX AHA/BHA Clarifying Treatment Toner, 5.07 fl.oz / 150ml | Exfoliating Facial Spray | Korean Skin Care, Hydrating, Mild Exfoliation, Vegan, Animal Testing Free, Paraben Free</p><p>$10.75 ($2.11 / Fl Oz)</p><a href="https://www.amazon.com/dp/B073P6BPF5?tag=eloabder-20&linkCode=osi&th=1&psc=1">View Product</a></div>
<div class="product"><a href="https://www.amazon.com/dp/B01N34XW93?tag=eloabder-20&linkCode=osi&th=1&psc=1"><img src="https://m.media-amazon.com/images/I/31OMOTCxlmL._SL500_.jpg" alt="Product Image"></a><p>La Roche-Posay Toleriane Purifying Foaming Facial Cleanser, Oil Free Face Wash for Oily Skin and for Sensitive Skin with Niacinamide, Pore Cleanser Won’t Dry Out Skin, Unscented</p><p>$17.99 ($1.33 / Fl Oz)</p><a href="https://www.amazon.com/dp/B01N34XW93?tag=eloabder-20&linkCode=osi&th=1&psc=1">View Product</a></div><div class="product"><a href="https://www.amazon.com/dp/B01MSSDEPK?tag=eloabder-20&linkCode=osi&th=1&psc=1"><img src="https://m.media-amazon.com/images/I/41YuSwjJUIL._SL500_.jpg" alt="Product Image"></a><p>CeraVe Hydrating Facial Cleanser | Moisturizing Face Wash For Dry Skin | Hyaluronic Acid + Ceramides + Glycerin | Hydrating Cleanser For Normal To Dry Skin | National Eczema Assosiation Certified</p><p>$15.48 ($0.97 / Fl Oz)</p><a href="https://www.amazon.com/dp/B01MSSDEPK?tag=eloabder-20&linkCode=osi&th=1&psc=1">View Product</a></div><div class="product"><a href="https://www.amazon.com/dp/B01N1LL62W?tag=eloabder-20&linkCode=osi&th=1&psc=1"><img src="https://m.media-amazon.com/images/I/41kwN8dWWzL._SL500_.jpg" alt="Product Image"></a><p>CeraVe Foaming Facial Cleanser | Daily Face Wash for Oily Skin with Hyaluronic Acid, Ceramides, and Niacinamide| Fragrance Free | 16 Fluid Ounce</p><p>$15.19 ($0.95 / Fl Oz)</p><a href="https://www.amazon.com/dp/B01N1LL62W?tag=eloabder-20&linkCode=osi&th=1&psc=1">View Product</a></div><div class="product"><a href="https://www.amazon.com/dp/B01N7T7JKJ?tag=eloabder-20&linkCode=osi&th=1&psc=1"><img src="https://m.media-amazon.com/images/I/31VXK3y1KYL._SL500_.jpg" alt="Product Image"></a><p>La Roche-Posay Toleriane Hydrating Gentle Face Cleanser, Daily Facial Cleanser with Niacinamide and Ceramides for Sensitive Skin, Moisturizing Face Wash for Normal to Dry Skin, Fragrance Free</p><p>$17.99 ($1.33 / Fl Oz)</p><a href="https://www.amazon.com/dp/B01N7T7JKJ?tag=eloabder-20&linkCode=osi&th=1&psc=1">View Product</a></div><div class="product"><a href="https://www.amazon.com/dp/B0719GRD5R?tag=eloabder-20&linkCode=osi&th=1&psc=1"><img src="https://m.media-amazon.com/images/I/41YE7bBHNCL._SL500_.jpg" alt="Product Image"></a><p>Clean & Clear Deep Action Exfoliating Cleanser with Pro-Vitamin B5, Gentle Exfoliating Daily Face Scrub Cleans Deep Down to the Pore for Soft, Smooth, Hydrated Skin, Oil Free Face Wash, 7 FL OZ</p><p>$5.32 ($0.76 / Fl Oz)</p><a href="https://www.amazon.com/dp/B0719GRD5R?tag=eloabder-20&linkCode=osi&th=1&psc=1">View Product</a></div><div class="product"><a href="https://www.amazon.com/dp/B08CQ9T6KN?tag=eloabder-20&linkCode=osi&th=1&psc=1"><img src="https://m.media-amazon.com/images/I/31IpigAgxZL._SL500_.jpg" alt="Product Image"></a><p>CeraVe SA Cleanser | Salicylic Acid Cleanser with Hyaluronic Acid, Niacinamide & Ceramides| BHA Exfoliant for Face | Fragrance Free Non-Comedogenic | 16 Ounce</p><p>$15.48 ($0.97 / Fl Oz)</p><a href="https://www.amazon.com/dp/B08CQ9T6KN?tag=eloabder-20&linkCode=osi&th=1&psc=1">View Product</a></div><div class="product"><a href="https://www.amazon.com/dp/B09Y4HHY1P?tag=eloabder-20&linkCode=osi&th=1&psc=1"><img src="https://m.media-amazon.com/images/I/41Crw80Q3yL._SL500_.jpg" alt="Product Image"></a><p>Cetaphil Face Wash, Daily Facial Cleanser for Sensitive, Combination to Oily Skin, NEW 16 oz, Fragrance Free, Gentle Foaming, Soap Free, Hypoallergenic (Packaging May Vary)</p><p>$11.97 ($0.75 / Fl Oz)</p><a href="https://www.amazon.com/dp/B09Y4HHY1P?tag=eloabder-20&linkCode=osi&th=1&psc=1">View Product</a></div><div class="product"><a href="https://www.amazon.com/dp/B099MSZX25?tag=eloabder-20&linkCode=osi&th=1&psc=1"><img src="https://m.media-amazon.com/images/I/41VHDzUYE6L._SL500_.jpg" alt="Product Image"></a><p>Cetaphil Face Wash, Daily Facial Cleanser for Sensitive, Combination to Oily Skin, Mother's Day Gifts, NEW 20 oz, Gentle Foaming, Soap Free, Hypoallergenic</p><p>$13.97 ($0.70 / Fl Oz)</p><a href="https://www.amazon.com/dp/B099MSZX25?tag=eloabder-20&linkCode=osi&th=1&psc=1">View Product</a></div><div class="product"><a href="https://www.amazon.com/dp/B00LO1DNXU?tag=eloabder-20&linkCode=osi&th=1&psc=1"><img src="https://m.media-amazon.com/images/I/31blEnDdwIL._SL500_.jpg" alt="Product Image"></a><p>La Roche-Posay Effaclar Medicated Gel Cleanser | 2% Salicylic Acid Cleanser + LHA + Glycerin | Foaming Acne Face Wash | Helps Clear & Prevent Acne Breakouts | Oil Free Acne Wash | Targets Excess Oil</p><p>$16.99 ($2.51 / Fl Oz)</p><a href="https://www.amazon.com/dp/B00LO1DNXU?tag=eloabder-20&linkCode=osi&th=1&psc=1">View Product</a></div><div class="product"><a href="https://www.amazon.com/dp/B00FFJ4W0U?tag=eloabder-20&linkCode=osi&th=1&psc=1"><img src="https://m.media-amazon.com/images/I/31NIZChUu9L._SL500_.jpg" alt="Product Image"></a><p>Clean & Clear Morning Burst Hydrating Facial Cleanser with BHA, Cucumber and Aloe Extracts, Oil-Free Face Wash Gently Removes Oil and Pore Clogging Impurities, 8 FL OZ</p><p>$4.97 ($0.62 / Fl Oz)</p><a href="https://www.amazon.com/dp/B00FFJ4W0U?tag=eloabder-20&linkCode=osi&th=1&psc=1">View Product</a></div>
<div class="product"><a href="https://www.amazon.com/dp/B00QY1XZ4W?tag=eloabder-20&linkCode=osi&th=1&psc=1"><img src="https://m.media-amazon.com/images/I/319pG+OQZxL._SL500_.jpg" alt="Product Image"></a><p>Vanicream Gentle Facial Cleanser with Pump Dispenser - 8 fl oz - Formulated Without Common Irritants for Those with Sensitive Skin</p><p>$8.86 ($1.11 / Fl Oz)</p><a href="https://www.amazon.com/dp/B00QY1XZ4W?tag=eloabder-20&linkCode=osi&th=1&psc=1">View Product</a></div><div class="product"><a href="https://www.amazon.com/dp/B00UT47WZ8?tag=eloabder-20&linkCode=osi&th=1&psc=1"><img src="https://m.media-amazon.com/images/I/31LuYFIOBXL._SL500_.jpg" alt="Product Image"></a><p>Neutrogena Deep Clean Daily Facial Cleanser with Beta Hydroxy Acid for Normal to Oily Skin, Alcohol-Free, Oil-Free & Non-Comedogenic, 6.7 fl. oz</p><p>$6.49 ($0.97 / Fl Oz)</p><a href="https://www.amazon.com/dp/B00UT47WZ8?tag=eloabder-20&linkCode=osi&th=1&psc=1">View Product</a></div><div class="product"><a href="https://www.amazon.com/dp/B0BVV8BNYJ?tag=eloabder-20&linkCode=osi&th=1&psc=1"><img src="https://m.media-amazon.com/images/I/31tSZvBReoL._SL500_.jpg" alt="Product Image"></a><p>ANUA Heartleaf Quercetinol Pore Deep Cleansing Foam, Facial Cleanser, for Double Cleansing, BHA, Hyaluronic Acid, Glycerin, Face Wash, Blackhead Remover, Korean Skincare (150ml/5.07 fl.oz.)</p><p>$13.00 ($2.56 / Fl Oz)</p><a href="https://www.amazon.com/dp/B0BVV8BNYJ?tag=eloabder-20&linkCode=osi&th=1&psc=1">View Product</a></div><div class="product"><a href="https://www.amazon.com/dp/B004HLSZYQ?tag=eloabder-20&linkCode=osi&th=1&psc=1"><img src="https://m.media-amazon.com/images/I/31KXj2UGrOL._SL500_.jpg" alt="Product Image"></a><p>EltaMD Foaming Facial Cleanser, Gentle Foaming Face Wash and Makeup Remover, Oil Free Face Wash, 7 oz Pump</p><p>$35.00 ($5.00 / Fl Oz)</p><a href="https://www.amazon.com/dp/B004HLSZYQ?tag=eloabder-20&linkCode=osi&th=1&psc=1">View Product</a></div>
<div class="product"><a href="https://www.amazon.com/dp/B07C5SS6YD?tag=eloabder-20&linkCode=osi&th=1&psc=1"><img src="https://m.media-amazon.com/images/I/31tzIszvgAL._SL500_.jpg" alt="Product Image"></a><p>Paula's Choice Skin Perfecting 2% BHA Liquid Salicylic Acid Exfoliant, Gentle Facial Exfoliator for Blackheads, Large Pores, Wrinkles & Fine Lines, Travel Size, 1 Fluid Ounce</p><p>$14.00</p><a href="https://www.amazon.com/dp/B07C5SS6YD?tag=eloabder-20&linkCode=osi&th=1&psc=1">View Product</a></div><div class="product"><a href="https://www.amazon.com/dp/B07VW3YSWH?tag=eloabder-20&linkCode=osi&th=1&psc=1"><img src="https://m.media-amazon.com/images/I/410j9ZFktHL._SL500_.jpg" alt="Product Image"></a><p>Tree Hut Vitamin C Shea Sugar Scrub, 18 oz, Ultra Hydrating and Exfoliating Scrub for Nourishing Essential Body Care</p><p>$8.94 ($0.50 / Ounce)</p><a href="https://www.amazon.com/dp/B07VW3YSWH?tag=eloabder-20&linkCode=osi&th=1&psc=1">View Product</a></div><div class="product"><a href="https://www.amazon.com/dp/B08YN28CS4?tag=eloabder-20&linkCode=osi&th=1&psc=1"><img src="https://m.media-amazon.com/images/I/41WIWNeKrxL._SL500_.jpg" alt="Product Image"></a><p>Seraphic Skincare (Original) Premium Exfoliating Mitt for Body (1pc) – 100% Vegan Viscose Traditional Body Scrub Glove Kessa Korean Washcloth – Body Exfoliator for Self-Tan Removal & Keratosis Pilaris</p><p>$8.99 ($8.99 / Count)</p><a href="https://www.amazon.com/dp/B08YN28CS4?tag=eloabder-20&linkCode=osi&th=1&psc=1">View Product</a></div><div class="product"><a href="https://www.amazon.com/dp/B001VMJSCW?tag=eloabder-20&linkCode=osi&th=1&psc=1"><img src="https://m.media-amazon.com/images/I/31N7x4-aJAL._SL500_.jpg" alt="Product Image"></a><p>Dermalogica Daily Microfoliant, Face Exfoliator Scrub Powder with Salicylic Acid and Papaya Enzyme, Achieve Brighter, Smoother Skin Daily, 0.45 Oz</p><p>$19.00 ($42.22 / Ounce)</p><a href="https://www.amazon.com/dp/B001VMJSCW?tag=eloabder-20&linkCode=osi&th=1&psc=1">View Product</a></div><div class="product"><a href="https://www.amazon.com/dp/B076KYPY23?tag=eloabder-20&linkCode=osi&th=1&psc=1"><img src="https://m.media-amazon.com/images/I/31F7Ozgy+WL._SL500_.jpg" alt="Product Image"></a><p>DRMTLGY Microdermabrasion Facial Scrub and Face Mask. Non-Abrasive Face Exfoliator Improves Acne Scars, Blackheads, Pore Size, and Skin Texture. 2 oz</p><p>$20.00 ($10.00 / Ounce)</p><a href="https://www.amazon.com/dp/B076KYPY23?tag=eloabder-20&linkCode=osi&th=1&psc=1">View Product</a></div><div class="product"><a href="https://www.amazon.com/dp/B018H32LHQ?tag=eloabder-20&linkCode=osi&th=1&psc=1"><img src="https://m.media-amazon.com/images/I/41NfDFms3KL._SL500_.jpg" alt="Product Image"></a><p>Era Organics Microdermabrasion Facial Scrub & Face Exfoliator - Spa Quality Exfoliating Mask with Manuka Honey Walnut Moisturizing Exfoliant for Dry Skin, Blackheads Wrinkles (2 oz)</p><p>$16.99 ($8.50 / Ounce)</p><a href="https://www.amazon.com/dp/B018H32LHQ?tag=eloabder-20&linkCode=osi&th=1&psc=1">View Product</a></div><div class="product"><a href="https://www.amazon.com/dp/B0BNWXFH3P?tag=eloabder-20&linkCode=osi&th=1&psc=1"><img src="https://m.media-amazon.com/images/I/51HkdST1FCL._SL500_.jpg" alt="Product Image"></a><p>Dermasuri Deep Exfoliating Glove for Shower - Exfoliating Mitt Body Scrubber - Skin Exfoliator & Dead Skin Remover - Keratosis Pilaris Scrub - Spray Tan Remover - Korean Skincare for Body (2 Pack)</p><p>$19.99 ($10.00 / Count)</p><a href="https://www.amazon.com/dp/B0BNWXFH3P?tag=eloabder-20&linkCode=osi&th=1&psc=1">View Product</a></div><div class="product"><a href="https://www.amazon.com/dp/B09Q88TVGJ?tag=eloabder-20&linkCode=osi&th=1&psc=1"><img src="https://m.media-amazon.com/images/I/31jQFJt0t7L._SL500_.jpg" alt="Product Image"></a><p>tingl Face and Body Exfoliator Pads - Anti Aging Acne Treatment with Glycolic Acid, Lactic Acid, and Salicylic Acid - Pore Minimizer, Oil Cleanser, Blackhead Remover and Skin Exfoliator in One</p><p>$38.00 ($38.00 / Count)</p><a href="https://www.amazon.com/dp/B09Q88TVGJ?tag=eloabder-20&linkCode=osi&th=1&psc=1">View Product</a></div><div class="product"><a href="https://www.amazon.com/dp/B08T4FLJQZ?tag=eloabder-20&linkCode=osi&th=1&psc=1"><img src="https://m.media-amazon.com/images/I/317LIpGPZiL._SL500_.jpg" alt="Product Image"></a><p>Dove Scrub Brown Sugar & Coconut Butter For Silky Smooth Skin Body Scrub Exfoliates & Restores Skin's Natural Nutrients 10.5 oz</p><p>$6.97 ($0.66 / Ounce)</p><a href="https://www.amazon.com/dp/B08T4FLJQZ?tag=eloabder-20&linkCode=osi&th=1&psc=1">View Product</a></div>
<div class="product"><a href="https://www.amazon.com/dp/B07XG6BKCV?tag=eloabder-20&linkCode=osi&th=1&psc=1"><img src="https://m.media-amazon.com/images/I/31gg8aKaOeL._SL500_.jpg" alt="Product Image"></a><p>First Aid Beauty KP Bump Eraser Body Scrub Exfoliant for Keratosis Pilaris with 10% AHA – 8 oz</p><p>$30.00 ($3.75 / Ounce)</p><a href="https://www.amazon.com/dp/B07XG6BKCV?tag=eloabder-20&linkCode=osi&th=1&psc=1">View Product</a></div><div class="product"><a href="https://www.amazon.com/dp/B08Y5X8GJ9?tag=eloabder-20&linkCode=osi&th=1&psc=1"><img src="https://m.media-amazon.com/images/I/51MmIF4H+2L._SL500_.jpg" alt="Product Image"></a><p>Tree Hut Watermelon Shea Sugar Exfoliating & Hydrating Body Scrub, 18oz</p><p>$8.49 ($0.47 / Ounce)</p><a href="https://www.amazon.com/dp/B08Y5X8GJ9?tag=eloabder-20&linkCode=osi&th=1&psc=1">View Product</a></div><div class="product"><a href="https://www.amazon.com/dp/B003Z4OD24?tag=eloabder-20&linkCode=osi&th=1&psc=1"><img src="https://m.media-amazon.com/images/I/31C3rfE0XfL._SL500_.jpg" alt="Product Image"></a><p>Acure Brightening Facial Scrub for a Youthful, Brighter, Radiant Complexion | With Sea Kelp & French Green Clay, 4 Fl Oz</p><p>$11.83 ($2.96 / Fl Oz)</p><a href="https://www.amazon.com/dp/B003Z4OD24?tag=eloabder-20&linkCode=osi&th=1&psc=1">View Product</a></div><div class="product"><a href="https://www.amazon.com/dp/B07TH9YNL7?tag=eloabder-20&linkCode=osi&th=1&psc=1"><img src="https://m.media-amazon.com/images/I/4152M3OTu9L._SL500_.jpg" alt="Product Image"></a><p>Brooklyn Botany Dead Sea Salt and Coconut Milk Body Scrub - Moisturizing and Exfoliating Body, Face, Hand, Foot Scrub - Fights Stretch Marks, Fine Lines, Wrinkles - Great Gifts for Women & Men - 10 oz</p><p>$8.99 ($0.86 / Ounce)</p><a href="https://www.amazon.com/dp/B07TH9YNL7?tag=eloabder-20&linkCode=osi&th=1&psc=1">View Product</a></div><div class="product"><a href="https://www.amazon.com/dp/B07Q9C3YTQ?tag=eloabder-20&linkCode=osi&th=1&psc=1"><img src="https://m.media-amazon.com/images/I/31L0XCMqHoL._SL500_.jpg" alt="Product Image"></a><p>SheaMoisture Body Scrub for Dull Skin Illuminating Coconut and Hibiscus Cruelty-Free Skin Care 12 oz</p><p>$8.94 ($0.74 / Ounce)</p><a href="https://www.amazon.com/dp/B07Q9C3YTQ?tag=eloabder-20&linkCode=osi&th=1&psc=1">View Product</a></div><div class="product"><a href="https://www.amazon.com/dp/B09X6CVS53?tag=eloabder-20&linkCode=osi&th=1&psc=1"><img src="https://m.media-amazon.com/images/I/51a7ibTDAQL._SL500_.jpg" alt="Product Image"></a><p>Exfoliating Body Scrub Turmeric Body Scrub and Skin Exfoliator with Collagen and Coconut Oil Gently Exfoliate Face Body Hand and Foot Scrub Moisturizing Body SkinCare products by M3 Naturals</p><p>$25.81 ($2.15 / Ounce)</p><a href="https://www.amazon.com/dp/B09X6CVS53?tag=eloabder-20&linkCode=osi&th=1&psc=1">View Product</a></div><div class="product"><a href="https://www.amazon.com/dp/B08TM4QBDT?tag=eloabder-20&linkCode=osi&th=1&psc=1"><img src="https://m.media-amazon.com/images/I/51ToKkQ3fMS._SL500_.jpg" alt="Product Image"></a><p>First Botany, Himalayan Salt Body Scrub with Collagen & Stem Cells, Natural Exfoliating Salt Scrub Body & Face Souffle helps with Moisturizing Skin, Acne, Cellulite, Dead Skin Scars, Wrinkles, 11 oz</p><p>$13.89 ($1.26 / Ounce)</p><a href="https://www.amazon.com/dp/B08TM4QBDT?tag=eloabder-20&linkCode=osi&th=1&psc=1">View Product</a></div>
<div class="product"><a href="https://www.amazon.com/dp/B0B2RM68G2?tag=eloabder-20&linkCode=osi&th=1&psc=1"><img src="https://m.media-amazon.com/images/I/41VafG53fjL._SL500_.jpg" alt="Product Image"></a><p>BIODANCE Bio-Collagen Real Deep Mask, Hydrating Overnight Hydrogel Mask, Pore Minimizing, Elasticity Improvement, 34g x4ea</p><p>$19.00 ($4.75 / Count)</p><a href="https://www.amazon.com/dp/B0B2RM68G2?tag=eloabder-20&linkCode=osi&th=1&psc=1">View Product</a></div><div class="product"><a href="https://www.amazon.com/dp/B0722LVW3B?tag=eloabder-20&linkCode=osi&th=1&psc=1"><img src="https://m.media-amazon.com/images/I/51Vm0lozSIL._SL500_.jpg" alt="Product Image"></a><p>DERMAL 24 Combo Pack A Collagen Essence Korean Face Mask - Hydrating & Soothing Facial Mask with Panthenol - Hypoallergenic Self Care Sheet Mask for All Skin Types - Natural Home Spa Treatment Mask</p><p>$16.99 ($0.71 / Count)</p><a href="https://www.amazon.com/dp/B0722LVW3B?tag=eloabder-20&linkCode=osi&th=1&psc=1">View Product</a></div><div class="product"><a href="https://www.amazon.com/dp/B08YRD11VS?tag=eloabder-20&linkCode=osi&th=1&psc=1"><img src="https://m.media-amazon.com/images/I/41QL8zBoz0S._SL500_.jpg" alt="Product Image"></a><p>Vitamin C Face Mask with Kaolin Clay and Turmeric for Dark Spots, Dull Skin, Skincare Facial Mask for Controlling Oil and Refining Pores 5.29 Oz</p><p>$14.99 ($2.83 / Ounce)</p><a href="https://www.amazon.com/dp/B08YRD11VS?tag=eloabder-20&linkCode=osi&th=1&psc=1">View Product</a></div><div class="product"><a href="https://www.amazon.com/dp/B06VV8FBDQ?tag=eloabder-20&linkCode=osi&th=1&psc=1"><img src="https://m.media-amazon.com/images/I/41GEI9zFceL._SL500_.jpg" alt="Product Image"></a><p>LA PURE Korean Face Mask - 10ct Snail Mucin Hydrating Face Masks Anti Wrinkle Anti Aging Deep Moisturizing Natural Snail Mucin Mask Sheet Mask Paraben Free Facial Skin Care Products Korean Skin Care</p><p>$24.95 ($2.50 / Count)</p><a href="https://www.amazon.com/dp/B06VV8FBDQ?tag=eloabder-20&linkCode=osi&th=1&psc=1">View Product</a></div><div class="product"><a href="https://www.amazon.com/dp/B09XWVH7XX?tag=eloabder-20&linkCode=osi&th=1&psc=1"><img src="https://m.media-amazon.com/images/I/413x5TISr1L._SL500_.jpg" alt="Product Image"></a><p>Mediheal Best Korean Watermide Essential Face Mask - 10 Hydrating and Moisturizing Sheet Masks With Water 3x Complex For All Skin Types</p><p>$19.90 ($1.99 / Count)</p><a href="https://www.amazon.com/dp/B09XWVH7XX?tag=eloabder-20&linkCode=osi&th=1&psc=1">View Product</a></div><div class="product"><a href="https://www.amazon.com/dp/B07K6V8P2R?tag=eloabder-20&linkCode=osi&th=1&psc=1"><img src="https://m.media-amazon.com/images/I/41FtxFr0Z-L._SL500_.jpg" alt="Product Image"></a><p>Ebanel 15 Pack Collagen Peptide Hydrating Face Masks, Instant Brightening Firming Anti Aging Face Sheet Masks, Moisturizing Spa Face Masks Skincare with Hyaluronic Acid, Vitamin C, Chamomile, Aloe</p><p>$18.99 ($1.81 / Ounce)</p><a href="https://www.amazon.com/dp/B07K6V8P2R?tag=eloabder-20&linkCode=osi&th=1&psc=1">View Product</a></div><div class="product"><a href="https://www.amazon.com/dp/B0CYGT3CR4?tag=eloabder-20&linkCode=osi&th=1&psc=1"><img src="https://m.media-amazon.com/images/I/51LbfzrqiUL._SL500_.jpg" alt="Product Image"></a><p>KONEUK 14 Pack Sheet Face Masks Skincare for All Skin Types, Hydrating Face Masks Suitable for Sensitive Skin, Bulk Facial Mask Set for Women Skin Care, Face Mask Gifts Set for Face Spa</p><p>$8.99 ($0.64 / Count)</p><a href="https://www.amazon.com/dp/B0CYGT3CR4?tag=eloabder-20&linkCode=osi&th=1&psc=1">View Product</a></div><div class="product"><a href="https://www.amazon.com/dp/B07L8XY5B7?tag=eloabder-20&linkCode=osi&th=1&psc=1"><img src="https://m.media-amazon.com/images/I/41v5eqhBSIL._SL500_.jpg" alt="Product Image"></a><p>BRO MASK: Korean Face Mask for Men | 2 Pc. Hydrating Anti Aging Sheet Masks Contains Vitamin C, Vitamin E, Hyaluronic Acid, Hydrolyzed Collagen for Face Care & Acne Treatment by Jaxon Lane (4 Pack)</p><p>$28.00 ($7.00 / Count)</p><a href="https://www.amazon.com/dp/B07L8XY5B7?tag=eloabder-20&linkCode=osi&th=1&psc=1">View Product</a></div><div class="product"><a href="https://www.amazon.com/dp/B01KSIO76G?tag=eloabder-20&linkCode=osi&th=1&psc=1"><img src="https://m.media-amazon.com/images/I/21n0DJ3XOiL._SL500_.jpg" alt="Product Image"></a><p>Kiehl's Rare Earth Deep Pore Cleansing Mask, Pore-Minimizing Face Mask for Clogged Pores, Detoxifies & Refines Skin, Absorbs Excess Oil, with Amazonian White Clay & Aloe Vera - 0.95 fl oz</p><p>$26.00 ($27.37 / Ounce)</p><a href="https://www.amazon.com/dp/B01KSIO76G?tag=eloabder-20&linkCode=osi&th=1&psc=1">View Product</a></div>
<div class="product"><a href="https://www.amazon.com/dp/B08JSL9W6K?tag=eloabder-20&linkCode=osi&th=1&psc=1"><img src="https://m.media-amazon.com/images/I/410lOOpCRwL._SL500_.jpg" alt="Product Image"></a><p>COSRX Snail Mucin Sheet Mask 10 EA, Snail Essence Leave-on Face Masks for Dry, Sensitive Skin, Snail Secretion Filtrate, Not Tested on Animals, No Parabens, No Sulfates, Korean Skincare</p><p>$18.75 ($1.88 / Count)</p><a href="https://www.amazon.com/dp/B08JSL9W6K?tag=eloabder-20&linkCode=osi&th=1&psc=1">View Product</a></div><div class="product"><a href="https://www.amazon.com/dp/B07FPJHPX1?tag=eloabder-20&linkCode=osi&th=1&psc=1"><img src="https://m.media-amazon.com/images/I/51uNOnTpxTL._SL500_.jpg" alt="Product Image"></a><p>Celavi Essence Facial Sheet Face Mask Variety Set Classic Authentic Korean Moisturizing Skincare (12-Packs)</p><p>$9.40 ($0.78 / Count)</p><a href="https://www.amazon.com/dp/B07FPJHPX1?tag=eloabder-20&linkCode=osi&th=1&psc=1">View Product</a></div><div class="product"><a href="https://www.amazon.com/dp/B083X5R6VR?tag=eloabder-20&linkCode=osi&th=1&psc=1"><img src="https://m.media-amazon.com/images/I/31NleokJYmL._SL500_.jpg" alt="Product Image"></a><p>VT COSMETICS Daily Soothing Mask 30ea, Facial Sheet Mask for Moist & Hydrating, 30 Day Supply, Cica Face Mask</p><p>$18.50 ($0.62 / Count)</p><a href="https://www.amazon.com/dp/B083X5R6VR?tag=eloabder-20&linkCode=osi&th=1&psc=1">View Product</a></div><div class="product"><a href="https://www.amazon.com/dp/B0B57TX64F?tag=eloabder-20&linkCode=osi&th=1&psc=1"><img src="https://m.media-amazon.com/images/I/41+ywvmpRoL._SL500_.jpg" alt="Product Image"></a><p>Mediheal Best Korean Sheet Mask - Watermide Essential Face Mask 4 Sheets For All Skin Types Korean Best Sheet Mask Hydrating Moisturizing with Water 3x Complex</p><p>$7.90 ($1.98 / Count)</p><a href="https://www.amazon.com/dp/B0B57TX64F?tag=eloabder-20&linkCode=osi&th=1&psc=1">View Product</a></div><div class="product"><a href="https://www.amazon.com/dp/B0BPLLXT7Y?tag=eloabder-20&linkCode=osi&th=1&psc=1"><img src="https://m.media-amazon.com/images/I/41vG52wcgaL._SL500_.jpg" alt="Product Image"></a><p>NEXTBEAU [PACK OF 10] Solution Sheet Mask Pack 5types x 2pc Aloe, Niacinamide, Collagen, Hemp seed, Hyaluronic Acid</p><p>$8.99 ($0.90 / Count)</p><a href="https://www.amazon.com/dp/B0BPLLXT7Y?tag=eloabder-20&linkCode=osi&th=1&psc=1">View Product</a></div><div class="product"><a href="https://www.amazon.com/dp/B00BAM7F8C?tag=eloabder-20&linkCode=osi&th=1&psc=1"><img src="https://m.media-amazon.com/images/I/51jsS9SDHeL._SL500_.jpg" alt="Product Image"></a><p>DERMAL 16 Combo Pack A Collagen Essencce Korean Face Mask - Hydrating & Soothing Facial Mask with Panthenol - Hypoallergenic Self Care Sheet Mask for All Skin Types - Natural Home Spa Treatment Masks</p><p>$11.99</p><a href="https://www.amazon.com/dp/B00BAM7F8C?tag=eloabder-20&linkCode=osi&th=1&psc=1">View Product</a></div><div class="product"><a href="https://www.amazon.com/dp/B076H45H68?tag=eloabder-20&linkCode=osi&th=1&psc=1"><img src="https://m.media-amazon.com/images/I/41JP+9JeO5L._SL500_.jpg" alt="Product Image"></a><p>Neutrogena Hydro Boost Moisturizing & Hydrating 100% Hydrogel Sheet Face Mask for Dry Skin with Hyaluronic Acid, Gentle & Non-Comedogenic, 1 Ounce (Pack of 12)</p><p>$34.44 ($2.87 / Ounce)</p><a href="https://www.amazon.com/dp/B076H45H68?tag=eloabder-20&linkCode=osi&th=1&psc=1">View Product</a></div><div class="product"><a href="https://www.amazon.com/dp/B078YB11V4?tag=eloabder-20&linkCode=osi&th=1&psc=1"><img src="https://m.media-amazon.com/images/I/51shUi8PVmL._SL500_.jpg" alt="Product Image"></a><p>TONYMOLY I'm Real Radiance Sheet Mask 5 Count, Hydrates and Moisturizes Face</p><p>$12.00 ($2.40 / Count)</p><a href="https://www.amazon.com/dp/B078YB11V4?tag=eloabder-20&linkCode=osi&th=1&psc=1">View Product</a></div>
<div class="product"><a href="https://www.amazon.com/dp/B081FK6L1G?tag=eloabder-20&linkCode=osi&th=1&psc=1"><img src="https://m.media-amazon.com/images/I/51gWAvQb9aL._SL500_.jpg" alt="Product Image"></a><p>Aztec Secret– Indian Healing Clay 1 lb – Deep Pore Cleansing Facial & Body Mask – The Original 100% Natural Calcium Bentonite Clay – New Version 2</p><p>$14.95 ($0.93 / Ounce)</p><a href="https://www.amazon.com/dp/B081FK6L1G?tag=eloabder-20&linkCode=osi&th=1&psc=1">View Product</a></div><div class="product"><a href="https://www.amazon.com/dp/B0CQZ3W88P?tag=eloabder-20&linkCode=osi&th=1&psc=1"><img src="https://m.media-amazon.com/images/I/41I90W9bHuL._SL500_.jpg" alt="Product Image"></a><p>innisfree Super Volcanic Pore Clay Mask, Korean Pore Clearing Clay Mask with Volcanic Clusters and AHA</p><p>$16.00 ($4.73 / Ounce)</p><a href="https://www.amazon.com/dp/B0CQZ3W88P?tag=eloabder-20&linkCode=osi&th=1&psc=1">View Product</a></div><div class="product"><a href="https://www.amazon.com/dp/B07SDQDMZ4?tag=eloabder-20&linkCode=osi&th=1&psc=1"><img src="https://m.media-amazon.com/images/I/41vC+ro0S-L._SL500_.jpg" alt="Product Image"></a><p>Cetaphil Clay Mask Pro, Dermacontrol Purifying Clay Exfoliating Face Mask For Nourishment with Bentonite Clay for Blackheads and Pores, Designed for Oily, Sensitive Skin, 3 oz</p><p>$15.99 ($5.33 / Ounce)</p><a href="https://www.amazon.com/dp/B07SDQDMZ4?tag=eloabder-20&linkCode=osi&th=1&psc=1">View Product</a></div><div class="product"><a href="https://www.amazon.com/dp/B0CHN72MCJ?tag=eloabder-20&linkCode=osi&th=1&psc=1"><img src="https://m.media-amazon.com/images/I/41OPjUXZYlL._SL500_.jpg" alt="Product Image"></a><p>Aztec Secret Essential Indian Clay Mask Kit by Etana – 100% Natural Calcium Bentonite for Deep Pore Cleansing - Facial, Hair & Body Detox Set Wtih Accessories</p><p>$21.95 ($1.37 / Ounce)</p><a href="https://www.amazon.com/dp/B0CHN72MCJ?tag=eloabder-20&linkCode=osi&th=1&psc=1">View Product</a></div><div class="product"><a href="https://www.amazon.com/dp/B0CPDBW579?tag=eloabder-20&linkCode=osi&th=1&psc=1"><img src="https://m.media-amazon.com/images/I/31tDriIWYmL._SL500_.jpg" alt="Product Image"></a><p>FULLY Green Tomato Clay Mask Cleanser, Pore Purifying with 49% Green Tomato Extract, Sebum & Clogged Pore Care, Exfoliation, Fragrance-Free, Vegan & Dermatologically Tested, 4.05 fl.oz</p><p>$20.00 ($4.94 / Fl Oz)</p><a href="https://www.amazon.com/dp/B0CPDBW579?tag=eloabder-20&linkCode=osi&th=1&psc=1">View Product</a></div><div class="product"><a href="https://www.amazon.com/dp/B007CY2C76?tag=eloabder-20&linkCode=osi&th=1&psc=1"><img src="https://m.media-amazon.com/images/I/31-131ZWvEL._SL500_.jpg" alt="Product Image"></a><p>Freeman Dead Sea Minerals Anti-Stress Clay Facial Mask, Hydrating & Clarifying, Clears Pores, Face Mask With Lavender & Bergamot For Radiant Skin, For All Skin Types, 6 fl. oz./175 mL Tube, 1 Count</p><p>$3.86 ($0.64 / Ounce)</p><a href="https://www.amazon.com/dp/B007CY2C76?tag=eloabder-20&linkCode=osi&th=1&psc=1">View Product</a></div><div class="product"><a href="https://www.amazon.com/dp/B08HCVWG7B?tag=eloabder-20&linkCode=osi&th=1&psc=1"><img src="https://m.media-amazon.com/images/I/51nz+uBxoSL._SL500_.jpg" alt="Product Image"></a><p>Gleamin Vitamin C Clay Mask - 10-Minutes for Dark Spots, Turmeric Face Mask Skin Care, Deep Cleansing Pores - Facial Improves Uneven Tone, Post-Blemish, Visibly Brighten, Scarring and Texture - 2.5 Oz</p><p>$41.00 ($16.40 / Ounce)</p><a href="https://www.amazon.com/dp/B08HCVWG7B?tag=eloabder-20&linkCode=osi&th=1&psc=1">View Product</a></div>
<div class="product"><a href="https://www.amazon.com/dp/B000ZEA6WS?tag=eloabder-20&linkCode=osi&th=1&psc=1"><img src="https://m.media-amazon.com/images/I/31rFp2ip1IL._SL500_.jpg" alt="Product Image"></a><p>Freeman Renewing Cucumber Peel-Off Gel Facial Mask, Face Mask Refreshes Skin, Aloe Soothes & Moisturizes, Get Rejuvenated Skin, For Normal & Combination Skin, 6 fl. oz./175 mL Tube, 1 Count</p><p>$3.86 ($0.64 / Fl Oz)</p><a href="https://www.amazon.com/dp/B000ZEA6WS?tag=eloabder-20&linkCode=osi&th=1&psc=1">View Product</a></div><div class="product"><a href="https://www.amazon.com/dp/B08RYC42CZ?tag=eloabder-20&linkCode=osi&th=1&psc=1"><img src="https://m.media-amazon.com/images/I/31ApUlGl6zL._SL500_.jpg" alt="Product Image"></a><p>Aprilskin Calendula Peel Off Pore Minimizing Facial Mask | Vegan | Blackhead Remover, Exfoliating, Deep Cleansing | PHA BHA | Korean Skin Care | K Beauty | 3.52 oz</p><p>$16.90 ($4.80 / Fl Oz)</p><a href="https://www.amazon.com/dp/B08RYC42CZ?tag=eloabder-20&linkCode=osi&th=1&psc=1">View Product</a></div><div class="product"><a href="https://www.amazon.com/dp/B07DLDKCS1?tag=eloabder-20&linkCode=osi&th=1&psc=1"><img src="https://m.media-amazon.com/images/I/41Mx5AMIGyL._SL500_.jpg" alt="Product Image"></a><p>AZURE 24K Gold Firming Peel Off Face Mask- Anti Aging, Lifting, Illuminating & Revitalizing - Removes Blackheads, Dirt & Oils - With Hyaluronic Acid and Collagen - Skin Care Made in Korea - 150mL</p><p>$9.99 ($1.96 / Fl Oz)</p><a href="https://www.amazon.com/dp/B07DLDKCS1?tag=eloabder-20&linkCode=osi&th=1&psc=1">View Product</a></div><div class="product"><a href="https://www.amazon.com/dp/B07R16LBDL?tag=eloabder-20&linkCode=osi&th=1&psc=1"><img src="https://m.media-amazon.com/images/I/41yu6tuykaL._SL500_.jpg" alt="Product Image"></a><p>SUNATORIA Blackhead Remover Mask - Activated Charcoal Peel Off Face Mask - for All Skin Types - Deep Pore Cleaner Nose Blackhead Remover Pore Release - Black Head Remover for Face</p><p>$9.95 ($4.88 / Fl Oz)</p><a href="https://www.amazon.com/dp/B07R16LBDL?tag=eloabder-20&linkCode=osi&th=1&psc=1">View Product</a></div><div class="product"><a href="https://www.amazon.com/dp/B071KRTXX8?tag=eloabder-20&linkCode=osi&th=1&psc=1"><img src="https://m.media-amazon.com/images/I/51GSgsJO94L._SL500_.jpg" alt="Product Image"></a><p>SHILLS Charcoal Face Mask, Peel Off Mask, Charcoal Mask, Peel Off Mask, Deep Cleansing, Purifying, Activated Charcoal Mask with Brush</p><p>$9.94</p><a href="https://www.amazon.com/dp/B071KRTXX8?tag=eloabder-20&linkCode=osi&th=1&psc=1">View Product</a></div><div class="product"><a href="https://www.amazon.com/dp/B00E5NALCK?tag=eloabder-20&linkCode=osi&th=1&psc=1"><img src="https://m.media-amazon.com/images/I/31Is3s5+U7L._SL500_.jpg" alt="Product Image"></a><p>Freeman Cleansing Pomegranate Peel-Off Gel Facial Mask, Shrinks Pores, Purifies Skin, Made With 8 Different Antioxidants, Protects Skin, Cruelty-Free Skincare, 6 fl. oz./175 mL Tubes, 1 Count</p><p>$4.29 ($0.72 / Fl Oz)</p><a href="https://www.amazon.com/dp/B00E5NALCK?tag=eloabder-20&linkCode=osi&th=1&psc=1">View Product</a></div><div class="product"><a href="https://www.amazon.com/dp/B0CRTPJ5N3?tag=eloabder-20&linkCode=osi&th=1&psc=1"><img src="https://m.media-amazon.com/images/I/51zTZyHPVWL._SL500_.jpg" alt="Product Image"></a><p>Rednow Gold Foil Peel-Off Mask,Gold Peel Off Face Mask Anti-Wrinkle,98.4% Golden Peel Off Mask,Anti-Aging Gold Face Mask for Moisturizing,Removes Blackheads,Reduces Fine Lines,Cleans Pores(2PCS)</p><p>$14.99 ($7.50 / Fl Oz)</p><a href="https://www.amazon.com/dp/B0CRTPJ5N3?tag=eloabder-20&linkCode=osi&th=1&psc=1">View Product</a></div>
<div class="product"><a href="https://www.amazon.com/dp/B01NCM25K7?tag=eloabder-20&linkCode=osi&th=1&psc=1"><img src="https://m.media-amazon.com/images/I/416P4kSw1VL._SL500_.jpg" alt="Product Image"></a><p>New York Biology Dead Sea Mud Mask for Face and Body - Spa Quality Pore Reducer for Acne, Blackheads & Oily Skin, Natural Skincare for Women, Men - Tightens Skin for A Healthier Complexion - 8.8 oz</p><p>$16.95 ($1.93 / Ounce)</p><a href="https://www.amazon.com/dp/B01NCM25K7?tag=eloabder-20&linkCode=osi&th=1&psc=1">View Product</a></div><div class="product"><a href="https://www.amazon.com/dp/B00UREAGU8?tag=eloabder-20&linkCode=osi&th=1&psc=1"><img src="https://m.media-amazon.com/images/I/510FCuOHsNL._SL500_.jpg" alt="Product Image"></a><p>MAJESTIC PURE Dead Sea Mud Mask for Face and Body - Natural Skin Care for Women and Men - Best Facial Cleansing Clay for Blackhead, Whitehead, Acne and Pores - 8.8 fl. Oz</p><p>$9.99 ($1.14 / Fl Oz)</p><a href="https://www.amazon.com/dp/B00UREAGU8?tag=eloabder-20&linkCode=osi&th=1&psc=1">View Product</a></div><div class="product"><a href="https://www.amazon.com/dp/B0BNP68BMG?tag=eloabder-20&linkCode=osi&th=1&psc=1"><img src="https://m.media-amazon.com/images/I/41WoBVjFkyL._SL500_.jpg" alt="Product Image"></a><p>Aromasong 100% Pure Dead Sea Mud Mask for Face - Cleansing Natural Skin Care for Women and Men to Help Reduce Acne and Pores</p><p>$9.97 ($1.25 / Ounce)</p><a href="https://www.amazon.com/dp/B0BNP68BMG?tag=eloabder-20&linkCode=osi&th=1&psc=1">View Product</a></div><div class="product"><a href="https://www.amazon.com/dp/B08XY82146?tag=eloabder-20&linkCode=osi&th=1&psc=1"><img src="https://m.media-amazon.com/images/I/41Fcc-QZoiL._SL500_.jpg" alt="Product Image"></a><p>Borghese Advanced Fango Active Purifying Mud Mask, Detoxify & Clarify with Natural Minerals, For Face and Body, 7.5 Oz</p><p>$53.00 ($7.07 / Fl Oz)</p><a href="https://www.amazon.com/dp/B08XY82146?tag=eloabder-20&linkCode=osi&th=1&psc=1">View Product</a></div><div class="product"><a href="https://www.amazon.com/dp/B086V843R8?tag=eloabder-20&linkCode=osi&th=1&psc=1"><img src="https://m.media-amazon.com/images/I/410evC+SQHL._SL500_.jpg" alt="Product Image"></a><p>ANAI RUI Turmeric Clay Mask - Green Tea Clay Mask - Dead Sea Minerals Mud Mask, Spa Facial Mask Set, Face Mask Gift Set 2.5 oz each</p><p>$22.99</p><a href="https://www.amazon.com/dp/B086V843R8?tag=eloabder-20&linkCode=osi&th=1&psc=1">View Product</a></div><div class="product"><a href="https://www.amazon.com/dp/B0BZVQJMN2?tag=eloabder-20&linkCode=osi&th=1&psc=1"><img src="https://m.media-amazon.com/images/I/414evHf2H+L._SL500_.jpg" alt="Product Image"></a><p>20 Pods Clay Mask Set, Face Mask Skin Care，Green Tea, Turmeric, Dead Sea Mud, Rose, 24K Gold, Eggplant, Avocado, Mud Mask Deep Pore Cleansing Acne Blackhead Removal, Men & Women Facial Mask .</p><p>$17.97</p><a href="https://www.amazon.com/dp/B0BZVQJMN2?tag=eloabder-20&linkCode=osi&th=1&psc=1">View Product</a></div><div class="product"><a href="https://www.amazon.com/dp/B0D1G7XF9X?tag=eloabder-20&linkCode=osi&th=1&psc=1"><img src="https://m.media-amazon.com/images/I/31KAhEPTT2L._SL500_.jpg" alt="Product Image"></a><p>Medicube Zero Pore Blackhead Mud Facial Mask - Skin Cooling & Pore Tightening - 3 Minute Quick Dry Formula with AHA, BHA, PHA, and Pore-Purifying Clay - Korean Face Mask 3.52 oz</p><p>$17.90 ($5.09 / Ounce)</p><a href="https://www.amazon.com/dp/B0D1G7XF9X?tag=eloabder-20&linkCode=osi&th=1&psc=1">View Product</a></div><div class="product"><a href="https://www.amazon.com/dp/B0B538QDNY?tag=eloabder-20&linkCode=osi&th=1&psc=1"><img src="https://m.media-amazon.com/images/I/51MTBYPFdwL._SL500_.jpg" alt="Product Image"></a><p>4 Pcs Clay Facial Mask Set - Turmeric, Vitamin C, Green Tea, Dead Sea Mud, and Rose Clay for Deep Cleansing, Moisturizing, and Refining Pores - 240g</p><p>$19.99 ($2.36 / Ounce)</p><a href="https://www.amazon.com/dp/B0B538QDNY?tag=eloabder-20&linkCode=osi&th=1&psc=1">View Product</a></div><div class="product"><a href="https://www.amazon.com/dp/B09MN94BZW?tag=eloabder-20&linkCode=osi&th=1&psc=1"><img src="https://m.media-amazon.com/images/I/41dNAUrUGKL._SL500_.jpg" alt="Product Image"></a><p>Pure Clay Mud Mask, Clay Mask Pores for Face and Skin, Detox Clay Face Masks Skincare, Exfoliating Facial Treatment, Cleans & Purify Pores For Clear & Glowing Skin, Face Mask for Oily Skin & Normal</p><p>$5.99 ($0.70 / Ounce)</p><a href="https://www.amazon.com/dp/B09MN94BZW?tag=eloabder-20&linkCode=osi&th=1&psc=1">View Product</a></div>
<div class="product"><a href="https://www.amazon.com/dp/B08SHHLS4H?tag=eloabder-20&linkCode=osi&th=1&psc=1"><img src="https://m.media-amazon.com/images/I/51mcEX1fQQL._SL500_.jpg" alt="Product Image"></a><p>2PCS Gel Eye Mask Reusable Hot Cold Therapy Gel Bead Eye Mask for Puffiness/Dark Circles/Eye Bags/Dry Eyes/Headaches/Migraines/Stress Relief, Cooling Eye Mask Hot/Cold Compress Eye Mask (Blue)</p><p>$11.99 ($11.99 / Count)</p><a href="https://www.amazon.com/dp/B08SHHLS4H?tag=eloabder-20&linkCode=osi&th=1&psc=1">View Product</a></div><div class="product"><a href="https://www.amazon.com/dp/B0C8NR3Q5M?tag=eloabder-20&linkCode=osi&th=1&psc=1"><img src="https://m.media-amazon.com/images/I/51A6iv-SfEL._SL500_.jpg" alt="Product Image"></a><p>BeeVines Gel Eye Mask, 2 Pack Cooling Ice Masks for Puffy Eyes for Men & Women, Cold & Warm Compress for Post Surgery, Puffiness, Allergies, Sinuses & Migraines Treatment</p><p>$9.99 ($5.00 / Count)</p><a href="https://www.amazon.com/dp/B0C8NR3Q5M?tag=eloabder-20&linkCode=osi&th=1&psc=1">View Product</a></div><div class="product"><a href="https://www.amazon.com/dp/B07HD61PYN?tag=eloabder-20&linkCode=osi&th=1&psc=1"><img src="https://m.media-amazon.com/images/I/51NrypqKlOL._SL500_.jpg" alt="Product Image"></a><p>Cold Face Eye Mask Ice Pack Reduce Face Puff, Dark Circles, Gel Beads Hot Heat Cold Compress Pack, Face SPA for Woman Sleeping, Pressure, Headaches, Skin Care, Post Laser Care[Blue]</p><p>$9.99 ($9.99 / Count)</p><a href="https://www.amazon.com/dp/B07HD61PYN?tag=eloabder-20&linkCode=osi&th=1&psc=1">View Product</a></div><div class="product"><a href="https://www.amazon.com/dp/B075M9ZLB2?tag=eloabder-20&linkCode=osi&th=1&psc=1"><img src="https://m.media-amazon.com/images/I/51keceyL42L._SL500_.jpg" alt="Product Image"></a><p>Cooling Eye Mask - Reusable Gel Eye Mask Cold Pack - Our Ice Eye Mask Soothes Puffy Eyes & Dark Circles - Relieve Your Headaches & Sinus Pain with Cold Eye Mask & Eye Gel Mask Therapy - Halos</p><p>$9.99</p><a href="https://www.amazon.com/dp/B075M9ZLB2?tag=eloabder-20&linkCode=osi&th=1&psc=1">View Product</a></div><div class="product"><a href="https://www.amazon.com/dp/B0B9YLR2D6?tag=eloabder-20&linkCode=osi&th=1&psc=1"><img src="https://m.media-amazon.com/images/I/41byYk5cDeL._SL500_.jpg" alt="Product Image"></a><p>Lancity Jelly Mask Peel Off Face Masks SkinCare, Natural Gel Powder for Facial Mask, Professional hydrojelly Mask, Moisturizing & Hydrating 23 Fl Oz (Hyaluronic Acid)</p><p>$21.99 ($0.73 / Ounce)</p><a href="https://www.amazon.com/dp/B0B9YLR2D6?tag=eloabder-20&linkCode=osi&th=1&psc=1">View Product</a></div><div class="product"><a href="https://www.amazon.com/dp/B06XG249X4?tag=eloabder-20&linkCode=osi&th=1&psc=1"><img src="https://m.media-amazon.com/images/I/51YWeyoyTxL._SL500_.jpg" alt="Product Image"></a><p>Advanced Clinicals Hyaluronic Acid Gel Facial Mask Skin Care Treatment, Brightening, Hydrating Anti Aging Face Mask & Moisturizer Helps Transform Dry Skin W/Collagen, Chamomile, & Aloe Vera, 5 Fl Oz</p><p>$13.99 ($2.80 / Fl Oz)</p><a href="https://www.amazon.com/dp/B06XG249X4?tag=eloabder-20&linkCode=osi&th=1&psc=1">View Product</a></div><div class="product"><a href="https://www.amazon.com/dp/B0080FIRGQ?tag=eloabder-20&linkCode=osi&th=1&psc=1"><img src="https://m.media-amazon.com/images/I/41nFEw5jATS._SL500_.jpg" alt="Product Image"></a><p>Peter Thomas Roth | Cucumber Gel Mask | Extreme De-Tox Hydrator, Cooling and Hydrating Facial Mask, Helps Soothe the Look of Dry and Irritated Skin, 5 fl oz (Pack of 1)</p><p>$44.29 ($8.86 / Fl Oz)</p><a href="https://www.amazon.com/dp/B0080FIRGQ?tag=eloabder-20&linkCode=osi&th=1&psc=1">View Product</a></div>
<div class="product"><a href="https://www.amazon.com/dp/B014E2D6BY?tag=eloabder-20&linkCode=osi&th=1&psc=1"><img src="https://m.media-amazon.com/images/I/51V2D2PS2tL._SL500_.jpg" alt="Product Image"></a><p>grace & stella Under Eye Mask (Gold, 24 Pairs) Reduce Dark Circles, Puffy Eyes, Undereye Bags, Wrinkles - Gel Under Eye Patches - Gifts for Women - Birthday Gifts for Women - Vegan Cruelty Free</p><p>$21.95 ($0.91 / Count)</p><a href="https://www.amazon.com/dp/B014E2D6BY?tag=eloabder-20&linkCode=osi&th=1&psc=1">View Product</a></div><div class="product"><a href="https://www.amazon.com/dp/B0CPT8W3RV?tag=eloabder-20&linkCode=osi&th=1&psc=1"><img src="https://m.media-amazon.com/images/I/4184Q3-F9HL._SL500_.jpg" alt="Product Image"></a><p>grace & stella Purple Eye Treatment Gels - Dermatologist Tested - Under Eye Masks With Retinol - Restoring Under Eye Patches for Puffy Eyes and Dark Circles - Vegan, Cruelty-Free, 24 Pairs</p><p>$23.95 ($1.00 / Count)</p><a href="https://www.amazon.com/dp/B0CPT8W3RV?tag=eloabder-20&linkCode=osi&th=1&psc=1">View Product</a></div><div class="product"><a href="https://www.amazon.com/dp/B08DG3C22G?tag=eloabder-20&linkCode=osi&th=1&psc=1"><img src="https://m.media-amazon.com/images/I/51NCnFVfYTL._SL500_.jpg" alt="Product Image"></a><p>Celor Under Eye Patches for Puffy Eyes and Dark Circles - Eye Masks with Amino Acids & Collagen, Eye Care for Wrinkles - Birthday Gift for Women - Skincare Self Care - USA Tested (20 Pairs)</p><p>$9.99 ($0.50 / Count)</p><a href="https://www.amazon.com/dp/B08DG3C22G?tag=eloabder-20&linkCode=osi&th=1&psc=1">View Product</a></div><div class="product"><a href="https://www.amazon.com/dp/B0CQ2VBK8M?tag=eloabder-20&linkCode=osi&th=1&psc=1"><img src="https://m.media-amazon.com/images/I/61yjNxVwmgL._SL500_.jpg" alt="Product Image"></a><p>Under Eye Patches for Dark Circles and Puffy Eyes (30 Pairs), Marine Collagen Eye Gel Pads for Puffiness with Vitamin C, Hyaluronic Acid, and Pearl Extract, Eye Mask for Dark Circles and Puffiness</p><p>$19.95 ($0.66 / Count)</p><a href="https://www.amazon.com/dp/B0CQ2VBK8M?tag=eloabder-20&linkCode=osi&th=1&psc=1">View Product</a></div><div class="product"><a href="https://www.amazon.com/dp/B0CJJZYR9Y?tag=eloabder-20&linkCode=osi&th=1&psc=1"><img src="https://m.media-amazon.com/images/I/41Wxw8DLNVL._SL500_.jpg" alt="Product Image"></a><p>DRMTLGY Brightening Eye Masks (30 Pairs) - Caffeine Eye Masks for Dark Circles and Puffiness with Hyaluronic Acid, Eye Patches for Puffy Eyes</p><p>$44.00 ($0.73 / Count)</p><a href="https://www.amazon.com/dp/B0CJJZYR9Y?tag=eloabder-20&linkCode=osi&th=1&psc=1">View Product</a></div><div class="product"><a href="https://www.amazon.com/dp/B0CZ8JBDHQ?tag=eloabder-20&linkCode=osi&th=1&psc=1"><img src="https://m.media-amazon.com/images/I/41jK7RZj1NL._SL500_.jpg" alt="Product Image"></a><p>YOYORY Under Eye Patches Masks - for Dark Circles, Puffy Eyes, Fine Lines, Wrinkles, Eye Bags Treatment with Collagen and Hyaluronic Acid, Moisturizing and Hydrating (60 Pcs)…</p><p>$19.99 ($0.33 / Fl Oz)</p><a href="https://www.amazon.com/dp/B0CZ8JBDHQ?tag=eloabder-20&linkCode=osi&th=1&psc=1">View Product</a></div><div class="product"><a href="https://www.amazon.com/dp/B0C4NWGVTF?tag=eloabder-20&linkCode=osi&th=1&psc=1"><img src="https://m.media-amazon.com/images/I/51lAmpjfDsL._SL500_.jpg" alt="Product Image"></a><p>Taimand Under Eye Patches (30 Pairs), 24K Gold Under Eye Mask for Puffy Eyes, Dark Circles,Bags and Wrinkles with Collagen,Relieves Pressure and Reduces Wrinkles,Revitalises and Refreshes Your Skin</p><p>$7.99 ($0.27 / Count)</p><a href="https://www.amazon.com/dp/B0C4NWGVTF?tag=eloabder-20&linkCode=osi&th=1&psc=1">View Product</a></div><div class="product"><a href="https://www.amazon.com/dp/B0BDD7D34M?tag=eloabder-20&linkCode=osi&th=1&psc=1"><img src="https://m.media-amazon.com/images/I/51O5AVRXcUL._SL500_.jpg" alt="Product Image"></a><p>Maskiss 24k Gold Under Eye Patches (25 Pairs), eye mask, Collagen Skin Care Products, Eye Patches for Puffy Eyes, eye masks for dark circles and puffiness</p><p>$14.99 ($0.60 / Count)</p><a href="https://www.amazon.com/dp/B0BDD7D34M?tag=eloabder-20&linkCode=osi&th=1&psc=1">View Product</a></div><div class="product"><a href="https://www.amazon.com/dp/B0B1MFMS7W?tag=eloabder-20&linkCode=osi&th=1&psc=1"><img src="https://m.media-amazon.com/images/I/41BGKrFfFxL._SL500_.jpg" alt="Product Image"></a><p>CorneaCare Rest: Self Heating Warm Compress for Eyes | Heated Eye Mask for Fast Relief of Dry Eyes | No Microwave Needed | Eye Treatment Products for Dry Eye Relief | 30 Count | FSA & HSA Eligible</p><p>$35.00 ($1.17 / Count)</p><a href="https://www.amazon.com/dp/B0B1MFMS7W?tag=eloabder-20&linkCode=osi&th=1&psc=1">View Product</a></div><div class="product"><a href="https://www.amazon.com/dp/B0CTF8XSFX?tag=eloabder-20&linkCode=osi&th=1&psc=1"><img src="https://m.media-amazon.com/images/I/519z+NIvFHL._SL500_.jpg" alt="Product Image"></a><p>Under Eye Patches for Puffy Eyes Treatment 30 Pairs, 24K Gold Under Eye Masks for Dark Circles and Puffiness, Eye Gel Pads w/Collagen, Sodium Hyaluronate, Rose Essence for Eye Bags Treatment</p><p>$6.99 ($0.23 / Count)</p><a href="https://www.amazon.com/dp/B0CTF8XSFX?tag=eloabder-20&linkCode=osi&th=1&psc=1">View Product</a></div>
<div class="product"><a href="https://www.amazon.com/dp/B00JJPMXDO?tag=eloabder-20&linkCode=osi&th=1&psc=1"><img src="https://m.media-amazon.com/images/I/41xUbY21ojL._SL500_.jpg" alt="Product Image"></a><p>CeraVe Eye Repair Cream | Under Eye Cream For Puffiness And Bags Under Eyes | Hyaluronic Acid + Niacinamide + Marine Botanical Complex | Hydrating Eye Cream | Oil Free & Opthalmologist Tested</p><p>$10.70 ($21.40 / Ounce)</p><a href="https://www.amazon.com/dp/B00JJPMXDO?tag=eloabder-20&linkCode=osi&th=1&psc=1">View Product</a></div><div class="product"><a href="https://www.amazon.com/dp/B0B3GCCRVH?tag=eloabder-20&linkCode=osi&th=1&psc=1"><img src="https://m.media-amazon.com/images/I/41EdCdrw-AL._SL500_.jpg" alt="Product Image"></a><p>CeraVe Skin Renewing Eye Cream For Wrinkles | Under Eye Cream With Peptides + Caffeine + Niacinamide | Anti Aging Eye Cream For Wrinkles & Crows Feet | Paraben Free & Opthalmologist Tested</p><p>$18.49 ($36.98 / Ounce)</p><a href="https://www.amazon.com/dp/B0B3GCCRVH?tag=eloabder-20&linkCode=osi&th=1&psc=1">View Product</a></div><div class="product"><a href="https://www.amazon.com/dp/B00005333I?tag=eloabder-20&linkCode=osi&th=1&psc=1"><img src="https://m.media-amazon.com/images/I/31webfO63dL._SL500_.jpg" alt="Product Image"></a><p>L'Oreal Paris Dermo-Expertise Eye Defense Eye Cream with Caffeine and Hyaluronic Acid 0.5 oz</p><p>$12.27 ($24.54 / Ounce)</p><a href="https://www.amazon.com/dp/B00005333I?tag=eloabder-20&linkCode=osi&th=1&psc=1">View Product</a></div><div class="product"><a href="https://www.amazon.com/dp/B0CZJ8N83D?tag=eloabder-20&linkCode=osi&th=1&psc=1"><img src="https://m.media-amazon.com/images/I/31fQO3OHiML._SL500_.jpg" alt="Product Image"></a><p>PRIME PROMETICS PrimeEyes Hydrate Under Eye Cream for Mature Women – Hydrating Eye Cream for Dark Circles and Wrinkle Repair – Soft, Glowing & Healthy Under Eyes</p><p>$62.00</p><a href="https://www.amazon.com/dp/B0CZJ8N83D?tag=eloabder-20&linkCode=osi&th=1&psc=1">View Product</a></div><div class="product"><a href="https://www.amazon.com/dp/B0009RFB76?tag=eloabder-20&linkCode=osi&th=1&psc=1"><img src="https://m.media-amazon.com/images/I/31M2iQDNDOL._SL500_.jpg" alt="Product Image"></a><p>RoC Retinol Correxion Under Eye Cream for Dark Circles & Puffiness, Daily Wrinkle Cream, Anti Aging Line Smoothing Skin Care Treatment for Women and Men, 0.5 oz (Packaging May Vary)</p><p>$19.02 ($38.04 / Fl Oz)</p><a href="https://www.amazon.com/dp/B0009RFB76?tag=eloabder-20&linkCode=osi&th=1&psc=1">View Product</a></div><div class="product"><a href="https://www.amazon.com/dp/B0D3TG6MN3?tag=eloabder-20&linkCode=osi&th=1&psc=1"><img src="https://m.media-amazon.com/images/I/21-DQIJf5xL._SL500_.jpg" alt="Product Image"></a><p>Dr.Melaxin Eyephalt Eyebag Cream for Puffiness, Dark Circles & Fine Lines, Wrinkle, EGF Anti-Aging Under Eye Moisturizer with Niacinamide&Ceramide 0.33 fl.oz.</p><p>$59.00 ($178.79 / Fl Oz)</p><a href="https://www.amazon.com/dp/B0D3TG6MN3?tag=eloabder-20&linkCode=osi&th=1&psc=1">View Product</a></div><div class="product"><a href="https://www.amazon.com/dp/B07CKJRJXB?tag=eloabder-20&linkCode=osi&th=1&psc=1"><img src="https://m.media-amazon.com/images/I/31pJCzbhXrL._SL500_.jpg" alt="Product Image"></a><p>No7 Lift & Luminate Triple Action Eye Cream - Anti-Aging Under Eye Cream for Dark Circles, Puffiness & Wrinkles - Formulated with Vitamin C to Brighten and Refresh Tired Eyes (0.5 Fl Oz)</p><p>$15.93</p><a href="https://www.amazon.com/dp/B07CKJRJXB?tag=eloabder-20&linkCode=osi&th=1&psc=1">View Product</a></div><div class="product"><a href="https://www.amazon.com/dp/B07ZRF416W?tag=eloabder-20&linkCode=osi&th=1&psc=1"><img src="https://m.media-amazon.com/images/I/31cH7vzfBxL._SL500_.jpg" alt="Product Image"></a><p>COSRX Snail Peptide Eye Cream with 73.7% Snail Mucin and Niacinamide - Brightening Korean Night Cream for Fine Lines and Dark Circles</p><p>$13.89 ($16.34 / Fl Oz)</p><a href="https://www.amazon.com/dp/B07ZRF416W?tag=eloabder-20&linkCode=osi&th=1&psc=1">View Product</a></div>
<div class="product"><a href="https://www.amazon.com/dp/B01N9SPQHQ?tag=eloabder-20&linkCode=osi&th=1&psc=1"><img src="https://m.media-amazon.com/images/I/41NHgWAaYAL._SL500_.jpg" alt="Product Image"></a><p>La Roche-Posay Toleriane Double Repair Face Moisturizer, Daily Moisturizer Face Cream with Ceramide and Niacinamide for All Skin Types, Oil Free, Fragrance Free</p><p>$23.99 ($7.10 / Fl Oz)</p><a href="https://www.amazon.com/dp/B01N9SPQHQ?tag=eloabder-20&linkCode=osi&th=1&psc=1">View Product</a></div><div class="product"><a href="https://www.amazon.com/dp/B08BW46XXK?tag=eloabder-20&linkCode=osi&th=1&psc=1"><img src="https://m.media-amazon.com/images/I/41oCJ4BF8oL._SL500_.jpg" alt="Product Image"></a><p>Vanicream Daily Facial Moisturizer With Ceramides and Hyaluronic Acid - Formulated Without Common Irritants for Those with Sensitive Skin, 3 fl oz (Pack of 1)</p><p>$12.97 ($4.32 / Fl Oz)</p><a href="https://www.amazon.com/dp/B08BW46XXK?tag=eloabder-20&linkCode=osi&th=1&psc=1">View Product</a></div><div class="product"><a href="https://www.amazon.com/dp/B00TTD9BRC?tag=eloabder-20&linkCode=osi&th=1&psc=1"><img src="https://m.media-amazon.com/images/I/41Kc6H7fboL._SL500_.jpg" alt="Product Image"></a><p>CeraVe Moisturizing Cream | Body and Face Moisturizer for Dry Skin | Body Cream with Hyaluronic Acid and Ceramides | Daily Moisturizer | Oil-Free | Fragrance Free | Non-Comedogenic | 19 Ounce</p><p>$17.78 ($0.94 / Ounce)</p><a href="https://www.amazon.com/dp/B00TTD9BRC?tag=eloabder-20&linkCode=osi&th=1&psc=1">View Product</a></div><div class="product"><a href="https://www.amazon.com/dp/B000YJ2SLG?tag=eloabder-20&linkCode=osi&th=1&psc=1"><img src="https://m.media-amazon.com/images/I/31J9bWXnQ+L._SL500_.jpg" alt="Product Image"></a><p>CeraVe Daily Moisturizing Lotion for Dry Skin | Body Lotion & Face Moisturizer with Hyaluronic Acid and Ceramides | Daily Moisturizer | Fragrance Free | Oil-Free | 12 Ounce</p><p>$13.68 ($1.14 / Fl Oz)</p><a href="https://www.amazon.com/dp/B000YJ2SLG?tag=eloabder-20&linkCode=osi&th=1&psc=1">View Product</a></div><div class="product"><a href="https://www.amazon.com/dp/B01LEJ5MSK?tag=eloabder-20&linkCode=osi&th=1&psc=1"><img src="https://m.media-amazon.com/images/I/418xEMrk6LL._SL500_.jpg" alt="Product Image"></a><p>COSRX Snail Mucin 92% Repair Cream, Daily Face Gel Moisturizer for Dry Skin, Acne-prone, Sensitive Skin, Not Tested on Animals, No Parabens, Korean Skincare (3.52 Fl Oz (Pack of 1))</p><p>$13.99 ($3.97 / Fl Oz)</p><a href="https://www.amazon.com/dp/B01LEJ5MSK?tag=eloabder-20&linkCode=osi&th=1&psc=1">View Product</a></div><div class="product"><a href="https://www.amazon.com/dp/B0BBSP2JNQ?tag=eloabder-20&linkCode=osi&th=1&psc=1"><img src="https://m.media-amazon.com/images/I/51qb7tiAJgL._SL500_.jpg" alt="Product Image"></a><p>SimplyVital Face Moisturizer Collagen Cream - Anti Aging Neck and Décolleté - Made in USA Day & Night Face Cream - Moisturizing, Lifting & Recovery – 1.7oz</p><p>$22.89 ($13.46 / Fl Oz)</p><a href="https://www.amazon.com/dp/B0BBSP2JNQ?tag=eloabder-20&linkCode=osi&th=1&psc=1">View Product</a></div><div class="product"><a href="https://www.amazon.com/dp/B01NCWV3KM?tag=eloabder-20&linkCode=osi&th=1&psc=1"><img src="https://m.media-amazon.com/images/I/41Q1ESUhSeL._SL500_.jpg" alt="Product Image"></a><p>La Roche-Posay Toleriane Double Repair UV SPF Moisturizer for Face, Daily Facial Moisturizer with Sunscreen SPF 30, Niacinamide and Glycerin, Oil Free, Moisturizing Sun Protection</p><p>$24.99 ($10.00 / Fl Oz)</p><a href="https://www.amazon.com/dp/B01NCWV3KM?tag=eloabder-20&linkCode=osi&th=1&psc=1">View Product</a></div><div class="product"><a href="https://www.amazon.com/dp/B00F97FHAW?tag=eloabder-20&linkCode=osi&th=1&psc=1"><img src="https://m.media-amazon.com/images/I/41K+11aLxaL._SL500_.jpg" alt="Product Image"></a><p>CeraVe AM Facial Moisturizing Lotion with SPF 30 | Oil-Free Face Moisturizer with SPF | Formulated with Hyaluronic Acid, Niacinamide & Ceramides | Non-Comedogenic | Broad Spectrum Sunscreen | 3 Ounce</p><p>$14.99 ($5.00 / Fl Oz)</p><a href="https://www.amazon.com/dp/B00F97FHAW?tag=eloabder-20&linkCode=osi&th=1&psc=1">View Product</a></div><div class="product"><a href="https://www.amazon.com/dp/B00NR1YQHM?tag=eloabder-20&linkCode=osi&th=1&psc=1"><img src="https://m.media-amazon.com/images/I/41yzZFTW63L._SL500_.jpg" alt="Product Image"></a><p>Neutrogena Hydro Boost Face Moisturizer with Hyaluronic Acid for Dry Skin, Oil-Free and Non-Comedogenic Water Gel Face Lotion, 1.7 oz</p><p>$13.00 ($7.65 / Ounce)</p><a href="https://www.amazon.com/dp/B00NR1YQHM?tag=eloabder-20&linkCode=osi&th=1&psc=1">View Product</a></div><div class="product"><a href="https://www.amazon.com/dp/B08127SC4G?tag=eloabder-20&linkCode=osi&th=1&psc=1"><img src="https://m.media-amazon.com/images/I/31lAajvgToL._SL500_.jpg" alt="Product Image"></a><p>e.l.f. SKIN Holy Hydration! Face Cream, Moisturizer For Nourishing & Plumping Skin, Infused With Hyaluronic Acid, Vegan & Cruelty-Free, 1.8 Oz</p><p>$13.00 ($7.39 / Ounce)</p><a href="https://www.amazon.com/dp/B08127SC4G?tag=eloabder-20&linkCode=osi&th=1&psc=1">View Product</a></div>
<div class="product"><a href="https://www.amazon.com/dp/B00SNPCSUY?tag=eloabder-20&linkCode=osi&th=1&psc=1"><img src="https://m.media-amazon.com/images/I/411crd4ECqL._SL500_.jpg" alt="Product Image"></a><p>CeraVe Skin Renewing Night Cream | Niacinamide, Peptide Complex, and Hyaluronic Acid Moisturizer for Face | 1.7 Ounce, Packaging may Vary</p><p>$17.44 ($10.26 / Ounce)</p><a href="https://www.amazon.com/dp/B00SNPCSUY?tag=eloabder-20&linkCode=osi&th=1&psc=1">View Product</a></div><div class="product"><a href="https://www.amazon.com/dp/B00HNSSPDG?tag=eloabder-20&linkCode=osi&th=1&psc=1"><img src="https://m.media-amazon.com/images/I/41zARcUorbL._SL500_.jpg" alt="Product Image"></a><p>Neutrogena Triple Age Repair Anti-Aging Night Cream with Vitamin C; Fights Wrinkles & Evens Tone, Firming Anti-Wrinkle Face & Neck Cream; Glycerin & Shea Butter, 1.7 oz</p><p>$20.44 ($12.02 / Ounce)</p><a href="https://www.amazon.com/dp/B00HNSSPDG?tag=eloabder-20&linkCode=osi&th=1&psc=1">View Product</a></div><div class="product"><a href="https://www.amazon.com/dp/B01M4R7CC5?tag=eloabder-20&linkCode=osi&th=1&psc=1"><img src="https://m.media-amazon.com/images/I/414vBUMc1QL._SL500_.jpg" alt="Product Image"></a><p>Night Cream by Olay Regenerist Night Recovery Anti-Aging Face Moisturizer 1.7 oz</p><p>$21.34 ($12.55 / Ounce)</p><a href="https://www.amazon.com/dp/B01M4R7CC5?tag=eloabder-20&linkCode=osi&th=1&psc=1">View Product</a></div><div class="product"><a href="https://www.amazon.com/dp/B00365DABC?tag=eloabder-20&linkCode=osi&th=1&psc=1"><img src="https://m.media-amazon.com/images/I/41rqUy3OtML._SL500_.jpg" alt="Product Image"></a><p>CeraVe PM Facial Moisturizing Lotion | Night Cream with Hyaluronic Acid and Niacinamide | Ultra-Lightweight, Oil-Free Moisturizer for Face | 3 Ounce</p><p>$15.99 ($5.33 / Ounce)</p><a href="https://www.amazon.com/dp/B00365DABC?tag=eloabder-20&linkCode=osi&th=1&psc=1">View Product</a></div><div class="product"><a href="https://www.amazon.com/dp/B0877PX27D?tag=eloabder-20&linkCode=osi&th=1&psc=1"><img src="https://m.media-amazon.com/images/I/41UsZNavFeL._SL500_.jpg" alt="Product Image"></a><p>Eucerin Q10 Anti-Wrinkle Night Cream + Pro-Retinol, Facial Cream for Sensitive Skin, 1.7 Oz Jar</p><p>$12.49 ($7.35 / Ounce)</p><a href="https://www.amazon.com/dp/B0877PX27D?tag=eloabder-20&linkCode=osi&th=1&psc=1">View Product</a></div><div class="product"><a href="https://www.amazon.com/dp/B09843F4WG?tag=eloabder-20&linkCode=osi&th=1&psc=1"><img src="https://m.media-amazon.com/images/I/41rbHY+4UCL._SL500_.jpg" alt="Product Image"></a><p>L'Oreal Paris Age Perfect Collagen Expert Anti-Aging, Anti-Wrinkle Night Moisturizer 2.5 oz</p><p>$14.06 ($5.62 / Ounce)</p><a href="https://www.amazon.com/dp/B09843F4WG?tag=eloabder-20&linkCode=osi&th=1&psc=1">View Product</a></div><div class="product"><a href="https://www.amazon.com/dp/B00D440TZU?tag=eloabder-20&linkCode=osi&th=1&psc=1"><img src="https://m.media-amazon.com/images/I/41th+Ofm0oL._SL500_.jpg" alt="Product Image"></a><p>RoC Multi Correxion 5 in 1 Restoring/Anti Aging Facial Night Cream with Hexinol, 1.7 Ounces (Packaging May Vary)</p><p>$24.47 ($14.39 / Ounce)</p><a href="https://www.amazon.com/dp/B00D440TZU?tag=eloabder-20&linkCode=osi&th=1&psc=1">View Product</a></div><div class="product"><a href="https://www.amazon.com/dp/B0C15N3473?tag=eloabder-20&linkCode=osi&th=1&psc=1"><img src="https://m.media-amazon.com/images/I/415J39xM8eL._SL500_.jpg" alt="Product Image"></a><p>Cetaphil Healthy Renew Skin Tightening Night Cream 1.7 Oz, Wrinkle Repair Cream for Face with Peptides, Retinol Alternative Cream For Sensitive Skin, Fragrance Free</p><p>$16.64 ($9.79 / Fl Oz)</p><a href="https://www.amazon.com/dp/B0C15N3473?tag=eloabder-20&linkCode=osi&th=1&psc=1">View Product</a></div><div class="product"><a href="https://www.amazon.com/dp/B09W4TZVPZ?tag=eloabder-20&linkCode=osi&th=1&psc=1"><img src="https://m.media-amazon.com/images/I/411CiT2MjTL._SL500_.jpg" alt="Product Image"></a><p>Eight Saints Skin Care Up the Anti Night Cream Face Moisturizer to Reduce Fine Lines and Wrinkles, Natural and Organic Anti Aging Cream For Face & Neck with Niacinamide and Hyaluronic Acid, 2 Ounces</p><p>$34.00 ($17.00 / Ounce)</p><a href="https://www.amazon.com/dp/B09W4TZVPZ?tag=eloabder-20&linkCode=osi&th=1&psc=1">View Product</a></div><div class="product"><a href="https://www.amazon.com/dp/B0B64GY9MC?tag=eloabder-20&linkCode=osi&th=1&psc=1"><img src="https://m.media-amazon.com/images/I/416zsLeSx8L._SL500_.jpg" alt="Product Image"></a><p>L'Oreal Paris Age Perfect Anti-Aging Midnight Cream, Reduce Wrinkles & Firm 1.7oz + Serum Sample</p><p>$27.77 ($16.34 / Ounce)</p><a href="https://www.amazon.com/dp/B0B64GY9MC?tag=eloabder-20&linkCode=osi&th=1&psc=1">View Product</a></div>
<div class="product"><a href="https://www.amazon.com/dp/B002JDUMFO?tag=eloabder-20&linkCode=osi&th=1&psc=1"><img src="https://m.media-amazon.com/images/I/41h3+tOcptL._SL500_.jpg" alt="Product Image"></a><p>L’Oréal Paris Collagen Daily Face Moisturizer, Reduce Wrinkles, Face Cream 1.7 oz</p><p>$7.14 ($4.20 / Ounce)</p><a href="https://www.amazon.com/dp/B002JDUMFO?tag=eloabder-20&linkCode=osi&th=1&psc=1">View Product</a></div><div class="product"><a href="https://www.amazon.com/dp/B07D61XRFT?tag=eloabder-20&linkCode=osi&th=1&psc=1"><img src="https://m.media-amazon.com/images/I/41jMcJ9ZkDL._SL500_.jpg" alt="Product Image"></a><p>L'Oreal Paris Skincare Age Perfect Hydra-Nutrition Anti-Aging Day Cream with Manuka Honey Extract, 1.7 Ounce</p><p>$14.99 ($8.82 / Ounce)</p><a href="https://www.amazon.com/dp/B07D61XRFT?tag=eloabder-20&linkCode=osi&th=1&psc=1">View Product</a></div><div class="product"><a href="https://www.amazon.com/dp/B00OYBAMKY?tag=eloabder-20&linkCode=osi&th=1&psc=1"><img src="https://m.media-amazon.com/images/I/31F5FUo3BnL._SL500_.jpg" alt="Product Image"></a><p>Grown Alchemist Hydra-Repair Day Cream. Face Moisturizer that Primes and Hydrates Skin (100ml).</p><p>$65.00 ($19.23 / Fl Oz)</p><a href="https://www.amazon.com/dp/B00OYBAMKY?tag=eloabder-20&linkCode=osi&th=1&psc=1">View Product</a></div><div class="product"><a href="https://www.amazon.com/dp/B0C9VXS6VY?tag=eloabder-20&linkCode=osi&th=1&psc=1"><img src="https://m.media-amazon.com/images/I/41jZJbsswdL._SL500_.jpg" alt="Product Image"></a><p>La Vie Protective Anti-Aging Face Cream – Day Cream with Hyaluronic Acid, Shea Butter & Vitamins – Firming Face Cream with SPF & Aloe Vera – 1.7Fl Oz</p><p>$21.50 ($12.65 / Fl Oz)</p><a href="https://www.amazon.com/dp/B0C9VXS6VY?tag=eloabder-20&linkCode=osi&th=1&psc=1">View Product</a></div><div class="product"><a href="https://www.amazon.com/dp/B0CWVN2PKH?tag=eloabder-20&linkCode=osi&th=1&psc=1"><img src="https://m.media-amazon.com/images/I/41qIK3gKbEL._SL500_.jpg" alt="Product Image"></a><p>EnaSkin Retinol Cream for Wrinkles: Face Collagen Cream for Tightening Skin - Anti Aging Facial Moisturizer Day and Night for Women and Men 1.7 Fl OZ</p><p>$19.89 ($11.70 / Fl Oz)</p><a href="https://www.amazon.com/dp/B0CWVN2PKH?tag=eloabder-20&linkCode=osi&th=1&psc=1">View Product</a></div>
<div class="product"><a href="https://www.amazon.com/dp/B0CKPQJ13T?tag=eloabder-20&linkCode=osi&th=1&psc=1"><img src="https://m.media-amazon.com/images/I/31h2CQ5KWBL._SL500_.jpg" alt="Product Image"></a><p>Niacinamide Serum for Face, Anti Aging Serum, Hydrating Serum for Moisturize Skin, Oil Control, Pores Reducer, Reduces Skin Dullness and Delay Aging, Niacinamide Face Serum for all Skin Type</p><p>$9.99 ($9.99 / Fl Oz)</p><a href="https://www.amazon.com/dp/B0CKPQJ13T?tag=eloabder-20&linkCode=osi&th=1&psc=1">View Product</a></div><div class="product"><a href="https://www.amazon.com/dp/B072K1LNNY?tag=eloabder-20&linkCode=osi&th=1&psc=1"><img src="https://m.media-amazon.com/images/I/51frH2pII1L._SL500_.jpg" alt="Product Image"></a><p>SeoulCeuticals Korean Skin Care 20% Vitamin C Hyaluronic Acid Serum + CE Ferulic Acid - Potent Anti Aging, Anti Wrinkle Korean Beauty 1oz</p><p>$19.98</p><a href="https://www.amazon.com/dp/B072K1LNNY?tag=eloabder-20&linkCode=osi&th=1&psc=1">View Product</a></div><div class="product"><a href="https://www.amazon.com/dp/B01M4MCUAF?tag=eloabder-20&linkCode=osi&th=1&psc=1"><img src="https://m.media-amazon.com/images/I/41aQhk7cn+L._SL500_.jpg" alt="Product Image"></a><p>TruSkin Vitamin C Serum – Anti Aging Facial Serum with Vitamin C, Hyaluronic Acid, Vitamin E & More – Brightening Serum for Dark Spots, Even Skin Tone, Eye Area, Fine Lines & Wrinkles, 1 Fl Oz</p><p>$21.97</p><a href="https://www.amazon.com/dp/B01M4MCUAF?tag=eloabder-20&linkCode=osi&th=1&psc=1">View Product</a></div><div class="product"><a href="https://www.amazon.com/dp/B08L8B5JR2?tag=eloabder-20&linkCode=osi&th=1&psc=1"><img src="https://m.media-amazon.com/images/I/51Ee0RzYONL._SL500_.jpg" alt="Product Image"></a><p>Vibriance Super C Serum for Mature Skin, Made in USA, All-In-One Formula Hydrates, Firms, Lifts, Smooths, Targets Age Spots, Wrinkles, Vitamin C Serum; 1 fl oz</p><p>$32.90</p><a href="https://www.amazon.com/dp/B08L8B5JR2?tag=eloabder-20&linkCode=osi&th=1&psc=1">View Product</a></div><div class="product"><a href="https://www.amazon.com/dp/B07P5TMHD9?tag=eloabder-20&linkCode=osi&th=1&psc=1"><img src="https://m.media-amazon.com/images/I/51xr2lw0Y7L._SL500_.jpg" alt="Product Image"></a><p>Vitamin C Face Serum - Dark Spot Remover Facial Serum, Vit C Serum with Hyaluronic Acid, Ferulic Acid, & Vit E - Anti Aging and Skin Brightening Serum, Pure Vitamin C Serum Skin Care</p><p>$9.98</p><a href="https://www.amazon.com/dp/B07P5TMHD9?tag=eloabder-20&linkCode=osi&th=1&psc=1">View Product</a></div><div class="product"><a href="https://www.amazon.com/dp/B09TPXJP8R?tag=eloabder-20&linkCode=osi&th=1&psc=1"><img src="https://m.media-amazon.com/images/I/41wFAnopZkL._SL500_.jpg" alt="Product Image"></a><p>Vichy LiftActiv Vitamin C Serum, Brightening and Anti Aging Serum for Face with 15% Pure Vitamin C, Skin Firming and Antioxidant Facial Serum for Brightness and Moisturizing</p><p>$34.99 ($52.22 / Fl Oz)</p><a href="https://www.amazon.com/dp/B09TPXJP8R?tag=eloabder-20&linkCode=osi&th=1&psc=1">View Product</a></div><div class="product"><a href="https://www.amazon.com/dp/B075VX4QVM?tag=eloabder-20&linkCode=osi&th=1&psc=1"><img src="https://m.media-amazon.com/images/I/31uFKKKGUhL._SL500_.jpg" alt="Product Image"></a><p>La Roche-Posay Hyalu B5 Pure Hyaluronic Acid Serum for Face | Vitamin B5 + Hyaluronic Acid + Madecassoside | Hydrating Serum Visibly Plumps Skin | Sensitive Skin Safe | Anti Aging Serum | Oil-Free</p><p>$39.99</p><a href="https://www.amazon.com/dp/B075VX4QVM?tag=eloabder-20&linkCode=osi&th=1&psc=1">View Product</a></div><div class="product"><a href="https://www.amazon.com/dp/B0CLLV2T1P?tag=eloabder-20&linkCode=osi&th=1&psc=1"><img src="https://m.media-amazon.com/images/I/31ZBa-zgbjL._SL500_.jpg" alt="Product Image"></a><p>Anua 10% Niacinamide+ 4% Tranexamic Acid Serum, Ceramide, Hyaluronic Acid, Vitamin B12 natural color, for Sensitive skin, Korean Glass Skin, Fragrance-Free (30ml /1.01 fl.oz.)</p><p>$19.00 ($18.81 / Fl Oz)</p><a href="https://www.amazon.com/dp/B0CLLV2T1P?tag=eloabder-20&linkCode=osi&th=1&psc=1">View Product</a></div><div class="product"><a href="https://www.amazon.com/dp/B07VWSN95S?tag=eloabder-20&linkCode=osi&th=1&psc=1"><img src="https://m.media-amazon.com/images/I/411Y0nzh9zL._SL500_.jpg" alt="Product Image"></a><p>CeraVe Retinol Serum for Post-Acne Marks and Skin Texture | Pore Refining, Resurfacing, Brightening Facial Serum with Retinol and Niacinamide | Fragrance Free, Paraben Free & Non-Comedogenic| 1 Oz</p><p>$18.68</p><a href="https://www.amazon.com/dp/B07VWSN95S?tag=eloabder-20&linkCode=osi&th=1&psc=1">View Product</a></div>
<div class="product"><a href="https://www.amazon.com/dp/B00J1FNW28?tag=eloabder-20&linkCode=osi&th=1&psc=1"><img src="https://m.media-amazon.com/images/I/414w8iNQRqL._SL500_.jpg" alt="Product Image"></a><p>Palmer's Cocoa Butter Formula Moisturizing Skin Therapy Oil for Face with Vitamin E, C & 10 Pure Facial Oil Blend, Rosehip Fragrance, 1 Ounce</p><p>$10.97 ($10.97 / Fl Oz)</p><a href="https://www.amazon.com/dp/B00J1FNW28?tag=eloabder-20&linkCode=osi&th=1&psc=1">View Product</a></div><div class="product"><a href="https://www.amazon.com/dp/B01N3340K7?tag=eloabder-20&linkCode=osi&th=1&psc=1"><img src="https://m.media-amazon.com/images/I/41QYm09uWiL._SL500_.jpg" alt="Product Image"></a><p>Kate Blanc Cosmetics Rosehip Oil for Face & Skin. Rosehip Seed Face Oil for Facial & Gua Sha Massage (1oz, Organic, Pure, Cold Pressed)</p><p>$8.99</p><a href="https://www.amazon.com/dp/B01N3340K7?tag=eloabder-20&linkCode=osi&th=1&psc=1">View Product</a></div><div class="product"><a href="https://www.amazon.com/dp/B01GYHLW4U?tag=eloabder-20&linkCode=osi&th=1&psc=1"><img src="https://m.media-amazon.com/images/I/31oeUKDfrOL._SL500_.jpg" alt="Product Image"></a><p>KORA Organics Noni Glow Hydrating Face Oil with Antioxidants, Nourish & Illuminate, Certified Organic, Cruelty Free, 0.34 fl oz</p><p>$29.00 ($85.29 / Fl Oz)</p><a href="https://www.amazon.com/dp/B01GYHLW4U?tag=eloabder-20&linkCode=osi&th=1&psc=1">View Product</a></div><div class="product"><a href="https://www.amazon.com/dp/B09Q2XYMLM?tag=eloabder-20&linkCode=osi&th=1&psc=1"><img src="https://m.media-amazon.com/images/I/41LM+-HnjiL._SL500_.jpg" alt="Product Image"></a><p>Good Molecules Squalane Oil - Moisturizer for Face, Skin, and Hair, Plumping, Firming, Anti-Aging - Skincare for Face to Hydrate and Calm the Skin</p><p>$8.00 ($18.18 / Fl Oz)</p><a href="https://www.amazon.com/dp/B09Q2XYMLM?tag=eloabder-20&linkCode=osi&th=1&psc=1">View Product</a></div><div class="product"><a href="https://www.amazon.com/dp/B0CNG6YPB8?tag=eloabder-20&linkCode=osi&th=1&psc=1"><img src="https://m.media-amazon.com/images/I/41gbDKoodrL._SL500_.jpg" alt="Product Image"></a><p>Black Seed Oil, Rosehip Oil, Castor Oil Organic Cold Pressed for Face Anti-Aging Miracle Facial Moisturizer Serum Natural Skincare Fortifying Hydrates Skin Moisturizing Beauty Glow Oil 1 Fl Oz/30mL</p><p>$16.99 ($16.99 / Fl Oz)</p><a href="https://www.amazon.com/dp/B0CNG6YPB8?tag=eloabder-20&linkCode=osi&th=1&psc=1">View Product</a></div><div class="product"><a href="https://www.amazon.com/dp/B000VPPUEA?tag=eloabder-20&linkCode=osi&th=1&psc=1"><img src="https://m.media-amazon.com/images/I/31e4JzjWhkL._SL500_.jpg" alt="Product Image"></a><p>Bio-Oil Skincare Body Oil, Vitamin E, Serum for Scars & Stretchmarks, Face & Body Moisturizer, 2 oz, All Skin Types</p><p>$11.04 ($5.52 / Fl Oz)</p><a href="https://www.amazon.com/dp/B000VPPUEA?tag=eloabder-20&linkCode=osi&th=1&psc=1">View Product</a></div><div class="product"><a href="https://www.amazon.com/dp/B001UE60E0?tag=eloabder-20&linkCode=osi&th=1&psc=1"><img src="https://m.media-amazon.com/images/I/31cFL31-1pL._SL500_.jpg" alt="Product Image"></a><p>DHC Deep Cleansing Oil, Facial Cleansing Oil, Makeup Remover, Cleanses without Clogging Pores, Residue-Free, Fragrance and Colorant Free, All Skin Types, 6.7 fl. oz.</p><p>$21.99 ($3.28 / Fl Oz)</p><a href="https://www.amazon.com/dp/B001UE60E0?tag=eloabder-20&linkCode=osi&th=1&psc=1">View Product</a></div><div class="product"><a href="https://www.amazon.com/dp/B0BN2PX8V3?tag=eloabder-20&linkCode=osi&th=1&psc=1"><img src="https://m.media-amazon.com/images/I/31vN6RNetML._SL500_.jpg" alt="Product Image"></a><p>ANUA Heartleaf Pore Control Cleansing Oil, Oil Cleanser for Face, Makeup Blackhead Remover, Korean Skin Care 6.76 fl oz(200ml) (original)</p><p>$17.69 ($2.64 / Fl Oz)</p><a href="https://www.amazon.com/dp/B0BN2PX8V3?tag=eloabder-20&linkCode=osi&th=1&psc=1">View Product</a></div><div class="product"><a href="https://www.amazon.com/dp/B07H2GP6VX?tag=eloabder-20&linkCode=osi&th=1&psc=1"><img src="https://m.media-amazon.com/images/I/41OxX+xF61L._SL500_.jpg" alt="Product Image"></a><p>Skin Glow Serum for Face Care - Gua Sha Oil for Glowing Skin with Turmeric Oil for Face Dark Spots Fine Lines & Wrinkles - Hydrating Face Oil for Women's Vegan Organic Skin Care (30mL)</p><p>$29.70 ($29.70 / Fl Oz)</p><a href="https://www.amazon.com/dp/B07H2GP6VX?tag=eloabder-20&linkCode=osi&th=1&psc=1">View Product</a></div><div class="product"><a href="https://www.amazon.com/dp/B098553XRB?tag=eloabder-20&linkCode=osi&th=1&psc=1"><img src="https://m.media-amazon.com/images/I/31jJT07RSqL._SL500_.jpg" alt="Product Image"></a><p>Derma E Vitamin C Glow Face Oil, Facial Oil Nourishes, Brightens and Illuminates for a Radiant Glow, Moisturizing Face Oil with Turmeric, Seabuckthorn and Red Raspberry, 1 Fl Oz</p><p>$13.05</p><a href="https://www.amazon.com/dp/B098553XRB?tag=eloabder-20&linkCode=osi&th=1&psc=1">View Product</a></div>
<div class="product"><a href="https://www.amazon.com/dp/B005IHT94S?tag=eloabder-20&linkCode=osi&th=1&psc=1"><img src="https://m.media-amazon.com/images/I/31YAXVCRMAL._SL500_.jpg" alt="Product Image"></a><p>Neutrogena Ultra Sheer Dry-Touch Water Resistant and Non-Greasy Sunscreen Lotion with Broad Spectrum SPF 70, 3 Fl Oz (Pack of 1)</p><p>$9.88 ($3.29 / Fl Oz)</p><a href="https://www.amazon.com/dp/B005IHT94S?tag=eloabder-20&linkCode=osi&th=1&psc=1">View Product</a></div><div class="product"><a href="https://www.amazon.com/dp/B078BC1NJ6?tag=eloabder-20&linkCode=osi&th=1&psc=1"><img src="https://m.media-amazon.com/images/I/51V4LMN2zEL._SL500_.jpg" alt="Product Image"></a><p>Coppertone Sport Sunscreen Spray SPF 50, Water Resistant Spray Sunscreen, Broad Spectrum SPF 50 Sunscreen, Bulk Sunscreen Pack, 5.5 Oz Bottle, Pack of 3</p><p>$20.63 ($1.25 / Ounce)</p><a href="https://www.amazon.com/dp/B078BC1NJ6?tag=eloabder-20&linkCode=osi&th=1&psc=1">View Product</a></div><div class="product"><a href="https://www.amazon.com/dp/B01MQXX9US?tag=eloabder-20&linkCode=osi&th=1&psc=1"><img src="https://m.media-amazon.com/images/I/41Zi7BP15NL._SL500_.jpg" alt="Product Image"></a><p>Banana Boat Sport Ultra SPF 50 Sunscreen Spray Twin Pack | Banana Boat Sunscreen Spray SPF 50, Spray On Sunscreen, Water Resistant Sunscreen, Oxybenzone Free Sunscreen Pack, 6oz each</p><p>$13.97 ($1.16 / Ounce)</p><a href="https://www.amazon.com/dp/B01MQXX9US?tag=eloabder-20&linkCode=osi&th=1&psc=1">View Product</a></div><div class="product"><a href="https://www.amazon.com/dp/B002MSN3QQ?tag=eloabder-20&linkCode=osi&th=1&psc=1"><img src="https://m.media-amazon.com/images/I/3100avaA74L._SL500_.jpg" alt="Product Image"></a><p>EltaMD UV Clear Face Sunscreen, Oil Free Sunscreen with Zinc Oxide, Dermatologist Recommended Sunscreen, 1.7 oz Pump</p><p>$43.00 ($25.29 / Ounce)</p><a href="https://www.amazon.com/dp/B002MSN3QQ?tag=eloabder-20&linkCode=osi&th=1&psc=1">View Product</a></div><div class="product"><a href="https://www.amazon.com/dp/B00AEN4QZ8?tag=eloabder-20&linkCode=osi&th=1&psc=1"><img src="https://m.media-amazon.com/images/I/31QMrCJPoeL._SL500_.jpg" alt="Product Image"></a><p>Neutrogena Beach Defense Water-Resistant Face & Body SPF 70 Sunscreen Lotion with Broad Spectrum UVA/UVB Protection, Oil-Free Fast-Absorbing Sunscreen Lotion, Oxybenzone-Free, 6.7 oz</p><p>$9.60 ($1.43 / Fl Oz)</p><a href="https://www.amazon.com/dp/B00AEN4QZ8?tag=eloabder-20&linkCode=osi&th=1&psc=1">View Product</a></div><div class="product"><a href="https://www.amazon.com/dp/B076GZX3KL?tag=eloabder-20&linkCode=osi&th=1&psc=1"><img src="https://m.media-amazon.com/images/I/41BQoEZMuTL._SL500_.jpg" alt="Product Image"></a><p>Neutrogena Sunscreen Spray, Ultra Sheer ® Body Mist, Broad Spectrum SPF 70, Non-Greasy Water Resistant Body Sunscreen Mist, Non-Comedogenic, 5 oz (Pack of 3)</p><p>$22.60 ($1.51 / Ounce)</p><a href="https://www.amazon.com/dp/B076GZX3KL?tag=eloabder-20&linkCode=osi&th=1&psc=1">View Product</a></div><div class="product"><a href="https://www.amazon.com/dp/B004D2DR0Q?tag=eloabder-20&linkCode=osi&th=1&psc=1"><img src="https://m.media-amazon.com/images/I/41QwzCWNnFL._SL500_.jpg" alt="Product Image"></a><p>Neutrogena Ultra Sheer Dry-Touch Water Resistant and Non-Greasy Sunscreen Lotion with Broad Spectrum SPF 45, TSA-Compliant travel Size, 3 Fl Oz, Pack of 2, 6 Fl Oz</p><p>$13.99 ($2.33 / Fl Oz)</p><a href="https://www.amazon.com/dp/B004D2DR0Q?tag=eloabder-20&linkCode=osi&th=1&psc=1">View Product</a></div><div class="product"><a href="https://www.amazon.com/dp/B07YGVSGMW?tag=eloabder-20&linkCode=osi&th=1&psc=1"><img src="https://m.media-amazon.com/images/I/416T611PGUL._SL500_.jpg" alt="Product Image"></a><p>La Roche-Posay Anthelios Melt-In Milk Sunscreen SPF 100 | Sunscreen For Body & Face | Broad Spectrum SPF + Antioxidants | Oil Free Sunscreen Lotion | For Sun Sensitive Skin | Oxybenzone Free</p><p>$26.99 ($9.00 / Fl Oz)</p><a href="https://www.amazon.com/dp/B07YGVSGMW?tag=eloabder-20&linkCode=osi&th=1&psc=1">View Product</a></div><div class="product"><a href="https://www.amazon.com/dp/B002CML1VG?tag=eloabder-20&linkCode=osi&th=1&psc=1"><img src="https://m.media-amazon.com/images/I/41ufC4L5QQL._SL500_.jpg" alt="Product Image"></a><p>La Roche-Posay Anthelios Melt-In Milk Sunscreen SPF 60 | Sunscreen For Body & Face | Broad Spectrum SPF + Antioxidants | Oil Free Sunscreen Lotion | Lightweight & Fast Absorbing | Oxybenzone Free</p><p>$37.99 ($7.60 / Fl Oz)</p><a href="https://www.amazon.com/dp/B002CML1VG?tag=eloabder-20&linkCode=osi&th=1&psc=1">View Product</a></div>
<div class="product"><a href="https://www.amazon.com/dp/B004CDV7EY?tag=eloabder-20&linkCode=osi&th=1&psc=1"><img src="https://m.media-amazon.com/images/I/41tTwTi8GdL._SL500_.jpg" alt="Product Image"></a><p>Banana Boat Sport Ultra SPF 50 Sunscreen Lotion, 12oz | Banana Boat Sunscreen SPF 50 Lotion, Oxybenzone Free Sunscreen, Sunblock Lotion Sunscreen, Family Size Sunscreen, 12oz</p><p>$10.97 ($0.91 / Fl Oz)</p><a href="https://www.amazon.com/dp/B004CDV7EY?tag=eloabder-20&linkCode=osi&th=1&psc=1">View Product</a></div><div class="product"><a href="https://www.amazon.com/dp/B001P92FMG?tag=eloabder-20&linkCode=osi&th=1&psc=1"><img src="https://m.media-amazon.com/images/I/41G20SiwQqL._SL500_.jpg" alt="Product Image"></a><p>Neutrogena Sport Face Sunscreen, Broad Spectrum Sunblock SPF 70+, Water Resistant Sunscreen For Face, Sweat Resistant Oil Free Sunscreen Lotion, 2.5 FL OZ</p><p>$10.30 ($4.12 / Fl Oz)</p><a href="https://www.amazon.com/dp/B001P92FMG?tag=eloabder-20&linkCode=osi&th=1&psc=1">View Product</a></div><div class="product"><a href="https://www.amazon.com/dp/B01MY051NZ?tag=eloabder-20&linkCode=osi&th=1&psc=1"><img src="https://m.media-amazon.com/images/I/316sFsnyZ6L._SL500_.jpg" alt="Product Image"></a><p>Hawaiian Tropic Everyday Active Lotion Sunscreen SPF 50, 8oz | Hawaiian Tropic Sunscreen SPF 50, Sunblock, Broad Spectrum Sunscreen, Oxybenzone Free Sunscreen, Water Resistant Sunscreen, 8oz</p><p>$10.97 ($1.37 / Fl Oz)</p><a href="https://www.amazon.com/dp/B01MY051NZ?tag=eloabder-20&linkCode=osi&th=1&psc=1">View Product</a></div><div class="product"><a href="https://www.amazon.com/dp/B074WBHHYY?tag=eloabder-20&linkCode=osi&th=1&psc=1"><img src="https://m.media-amazon.com/images/I/41uIcq6eNrL._SL500_.jpg" alt="Product Image"></a><p>Coppertone Sport Sunscreen Spray SPF 50, Water Resistant Spray Sunscreen, Broad Spectrum SPF 50 Sunscreen, Bulk Sunscreen Pack, 5.5 Oz Bottle, Pack of 2</p><p>$14.49 ($1.32 / Ounce)</p><a href="https://www.amazon.com/dp/B074WBHHYY?tag=eloabder-20&linkCode=osi&th=1&psc=1">View Product</a></div><div class="product"><a href="https://www.amazon.com/dp/B077D7L95C?tag=eloabder-20&linkCode=osi&th=1&psc=1"><img src="https://m.media-amazon.com/images/I/4124cUh+pGL._SL500_.jpg" alt="Product Image"></a><p>Banana Boat Kids Sport Sunscreen Spray SPF 50, Twin Pack | Kids Sunscreen Spray, Kids Sunblock Spray, Oxybenzone Free Sunscreen for Kids, Spray Sunscreen SPF 50, 6oz each</p><p>$13.97 ($1.16 / Ounce)</p><a href="https://www.amazon.com/dp/B077D7L95C?tag=eloabder-20&linkCode=osi&th=1&psc=1">View Product</a></div>
<div class="product"><a href="https://www.amazon.com/dp/B08Q2R18HH?tag=eloabder-20&linkCode=osi&th=1&psc=1"><img src="https://m.media-amazon.com/images/I/51uR35zoH+L._SL500_.jpg" alt="Product Image"></a><p>Hawaiian Tropic Lime Coolada After Sun Lotion, 16oz | After Sun Care, Daily Moisturizing Lotion, After Sun Aloe, Cocoa Butter Lotion, Shea Butter Lotion, After Sun Skin Care, 16oz each Twin Pack</p><p>$14.99 ($0.47 / Fl Oz)</p><a href="https://www.amazon.com/dp/B08Q2R18HH?tag=eloabder-20&linkCode=osi&th=1&psc=1">View Product</a></div><div class="product"><a href="https://www.amazon.com/dp/B08Q2QK7F1?tag=eloabder-20&linkCode=osi&th=1&psc=1"><img src="https://m.media-amazon.com/images/I/41I370DTitL._SL500_.jpg" alt="Product Image"></a><p>Hawaiian Tropic Silk Hydration After Sun Lotion 6 Fl Oz (Pack of 2)</p><p>$19.98 ($1.66 / Fl Oz)</p><a href="https://www.amazon.com/dp/B08Q2QK7F1?tag=eloabder-20&linkCode=osi&th=1&psc=1">View Product</a></div><div class="product"><a href="https://www.amazon.com/dp/B004YAUZKM?tag=eloabder-20&linkCode=osi&th=1&psc=1"><img src="https://m.media-amazon.com/images/I/31QrLmSRyrL._SL500_.jpg" alt="Product Image"></a><p>Sun Bum Cool Down Aloe Vera Lotion - Vegan After Sun Care with Cocoa Butter to Soothe and Hydrate Sunburn- 8 oz</p><p>$12.99 ($1.62 / Fl Oz)</p><a href="https://www.amazon.com/dp/B004YAUZKM?tag=eloabder-20&linkCode=osi&th=1&psc=1">View Product</a></div><div class="product"><a href="https://www.amazon.com/dp/B07BH4DD2M?tag=eloabder-20&linkCode=osi&th=1&psc=1"><img src="https://m.media-amazon.com/images/I/41+JG2VHifL._SL500_.jpg" alt="Product Image"></a><p>Hawaiian Tropic After Sun Body Butter with Coconut Oil, 8oz | After Sun Lotion, Moisturizing Body Lotion, After Sun Moisturizer, Coconut Body Butter, After Sun Care, After Sun Skin Care, 8oz</p><p>$12.49 ($1.56 / Fl Oz)</p><a href="https://www.amazon.com/dp/B07BH4DD2M?tag=eloabder-20&linkCode=osi&th=1&psc=1">View Product</a></div><div class="product"><a href="https://www.amazon.com/dp/B091YZ5L12?tag=eloabder-20&linkCode=osi&th=1&psc=1"><img src="https://m.media-amazon.com/images/I/31otykDIBaL._SL500_.jpg" alt="Product Image"></a><p>B.TAN After Sun Lotion | Ooooh Aftersun Delight - Aloe Vera & Hyaluronic Acid, Sun Burn Skin Relief, Moisturizing Body Cream, 16 Fl oz</p><p>$12.99 ($0.81 / Fl Oz)</p><a href="https://www.amazon.com/dp/B091YZ5L12?tag=eloabder-20&linkCode=osi&th=1&psc=1">View Product</a></div><div class="product"><a href="https://www.amazon.com/dp/B0013L55U0?tag=eloabder-20&linkCode=osi&th=1&psc=1"><img src="https://m.media-amazon.com/images/I/41BErPueiSL._SL500_.jpg" alt="Product Image"></a><p>Burt's Bees After Sun Lotion with Hydrating Aloe Vera & Coconut Oil - Summer Essentials, Sunburn Relief, Natural After Sun Soother, 6 oz</p><p>$12.96 ($2.16 / Fl Oz)</p><a href="https://www.amazon.com/dp/B0013L55U0?tag=eloabder-20&linkCode=osi&th=1&psc=1">View Product</a></div><div class="product"><a href="https://www.amazon.com/dp/B01N6SVTBN?tag=eloabder-20&linkCode=osi&th=1&psc=1"><img src="https://m.media-amazon.com/images/I/51sE2A31qgL._SL500_.jpg" alt="Product Image"></a><p>Sunburnt Advanced After-Sun Lotion, 6 Ounce</p><p>$9.79 ($1.63 / Ounce)</p><a href="https://www.amazon.com/dp/B01N6SVTBN?tag=eloabder-20&linkCode=osi&th=1&psc=1">View Product</a></div><div class="product"><a href="https://www.amazon.com/dp/B098CTZYJX?tag=eloabder-20&linkCode=osi&th=1&psc=1"><img src="https://m.media-amazon.com/images/I/31hNQRVEp2L._SL500_.jpg" alt="Product Image"></a><p>Coola Organic Radical Recovery After Sun Body Lotion, Includes Aloe Vera, Agave and Lavender Oil for Sunburn Relief, 5 Fl Oz</p><p>$32.00 ($6.40 / Fl Oz)</p><a href="https://www.amazon.com/dp/B098CTZYJX?tag=eloabder-20&linkCode=osi&th=1&psc=1">View Product</a></div>
<div class="product"><a href="https://www.amazon.com/dp/B0CTBF3WLS?tag=eloabder-20&linkCode=osi&th=1&psc=1"><img src="https://m.media-amazon.com/images/I/41nFaIDnL9L._SL500_.jpg" alt="Product Image"></a><p>b.tan UV Tanning Bed Lotion | I Want The Darkest Tan Possible - x4000 Tan Intensifiers, Indoor & Outdoor Tan Accelerator, Best Browning Lotion, 12 Fl Oz</p><p>$14.99 ($1.25 / Fl Oz)</p><a href="https://www.amazon.com/dp/B0CTBF3WLS?tag=eloabder-20&linkCode=osi&th=1&psc=1">View Product</a></div><div class="product"><a href="https://www.amazon.com/dp/B001UTK76C?tag=eloabder-20&linkCode=osi&th=1&psc=1"><img src="https://m.media-amazon.com/images/I/31JM3ZgxMjL._SL500_.jpg" alt="Product Image"></a><p>Jergens Natural Glow +FIRMING Self Tanner, Sunless Tanning Lotion for Fair to Medium Skin Tone, Anti Cellulite Firming Body Lotion for Natural-Looking Tan, 7.5 Ounce</p><p>$10.47 ($1.40 / Fl Oz)</p><a href="https://www.amazon.com/dp/B001UTK76C?tag=eloabder-20&linkCode=osi&th=1&psc=1">View Product</a></div><div class="product"><a href="https://www.amazon.com/dp/B07XGS1NW9?tag=eloabder-20&linkCode=osi&th=1&psc=1"><img src="https://m.media-amazon.com/images/I/411h-bfoKfL._SL500_.jpg" alt="Product Image"></a><p>European Gold Flash Black 4000X Indoor Tanning Lotion with Time-Release DHA Bronzers, 12 oz</p><p>$13.99 ($1.17 / Fl Oz)</p><a href="https://www.amazon.com/dp/B07XGS1NW9?tag=eloabder-20&linkCode=osi&th=1&psc=1">View Product</a></div><div class="product"><a href="https://www.amazon.com/dp/B0058E3XJI?tag=eloabder-20&linkCode=osi&th=1&psc=1"><img src="https://m.media-amazon.com/images/I/41KNj0nprcL._SL500_.jpg" alt="Product Image"></a><p>Millennium Tanning Solid Black 100X Indoor Tanning Lotion for Tanning Beds (13.5 Fluid Ounces)</p><p>$29.99 ($2.22 / Fl Oz)</p><a href="https://www.amazon.com/dp/B0058E3XJI?tag=eloabder-20&linkCode=osi&th=1&psc=1">View Product</a></div><div class="product"><a href="https://www.amazon.com/dp/B003GX5SSC?tag=eloabder-20&linkCode=osi&th=1&psc=1"><img src="https://m.media-amazon.com/images/I/314WWYZVTGL._SL500_.jpg" alt="Product Image"></a><p>Australian Gold Dark Tanning Accelerator Lotion With Bronzer, 8 Ounce, New Package Same Formula, B003GX5SSC</p><p>$8.99 ($1.12 / Fl Oz)</p><a href="https://www.amazon.com/dp/B003GX5SSC?tag=eloabder-20&linkCode=osi&th=1&psc=1">View Product</a></div><div class="product"><a href="https://www.amazon.com/dp/B009YKK78C?tag=eloabder-20&linkCode=osi&th=1&psc=1"><img src="https://m.media-amazon.com/images/I/51VhZauUFYS._SL500_.jpg" alt="Product Image"></a><p>Ed Hardy Coconut Kisses Golden Tanning Lotion Cruelty Free, Gluten Free, Mineral Oil Free, DHA Free for All skin type,13.5 oz</p><p>$25.95 ($1.92 / Fl Oz)</p><a href="https://www.amazon.com/dp/B009YKK78C?tag=eloabder-20&linkCode=osi&th=1&psc=1">View Product</a></div><div class="product"><a href="https://www.amazon.com/dp/B09J1LZCWH?tag=eloabder-20&linkCode=osi&th=1&psc=1"><img src="https://m.media-amazon.com/images/I/41RzUs3u55L._SL500_.jpg" alt="Product Image"></a><p>Tanning Lotion Self Tanner - With Natural and Organic Ingredients Non Toxic Sunless Browning Lotion - Best Gradual Tan Lotion for Men and Women, Fair to Medium</p><p>$35.99 ($4.80 / Fl Oz)</p><a href="https://www.amazon.com/dp/B09J1LZCWH?tag=eloabder-20&linkCode=osi&th=1&psc=1">View Product</a></div><div class="product"><a href="https://www.amazon.com/dp/B00T7MZQ3S?tag=eloabder-20&linkCode=osi&th=1&psc=1"><img src="https://m.media-amazon.com/images/I/41yGeo8I0IL._SL500_.jpg" alt="Product Image"></a><p>Australian Gold Rapid Tanning Intensifier Lotion, 8.5 Fl Oz | With Tea Tree Oil and Aloe Vera | Vitamin E</p><p>$7.37 ($0.87 / Fl Oz)</p><a href="https://www.amazon.com/dp/B00T7MZQ3S?tag=eloabder-20&linkCode=osi&th=1&psc=1">View Product</a></div><div class="product"><a href="https://www.amazon.com/dp/B08MVJ5Y8Y?tag=eloabder-20&linkCode=osi&th=1&psc=1"><img src="https://m.media-amazon.com/images/I/51Mugq3kI+L._SL500_.jpg" alt="Product Image"></a><p>Tanning Paradise Black Coconut Love Tanning Lotion | Coconut Oil | Age-Defying | Tattoo Protecting Formula | Ultra Hydrating Dark Tanning Lotion, 13.5oz</p><p>$27.99 ($2.07 / Fl Oz)</p><a href="https://www.amazon.com/dp/B08MVJ5Y8Y?tag=eloabder-20&linkCode=osi&th=1&psc=1">View Product</a></div>
<div class="product"><a href="https://www.amazon.com/dp/B08FZZ4HPM?tag=eloabder-20&linkCode=osi&th=1&psc=1"><img src="https://m.media-amazon.com/images/I/31mReI9Wc6L._SL500_.jpg" alt="Product Image"></a><p>b.tan Ultra Dark Self Tanner | Too Tan - Fast, 1 Hour Express Sunless Tanning Mousse, No Gimmicks, No Fake Tan Smell, No Added Nasties, Vegan, Cruelty & Paraben Free, 6.7 Fl Oz</p><p>$9.97 ($1.49 / Fl Oz)</p><a href="https://www.amazon.com/dp/B08FZZ4HPM?tag=eloabder-20&linkCode=osi&th=1&psc=1">View Product</a></div><div class="product"><a href="https://www.amazon.com/dp/B0888B6TBN?tag=eloabder-20&linkCode=osi&th=1&psc=1"><img src="https://m.media-amazon.com/images/I/41K4-e3Kj9L._SL500_.jpg" alt="Product Image"></a><p>b.tan Darker Self Tanner Kit | Fall In Love at First Tan Bundle - Darker Self Tan Mousse with Self Tanning Mitt Applicator, Violet Base, 1 Hour Sunless Fast Tanner, No Fake Tan Smell, No Added Nasties, Vegan, Cruelty Free, 6.7 Fl Oz</p><p>$14.99 ($2.24 / Fl Oz)</p><a href="https://www.amazon.com/dp/B0888B6TBN?tag=eloabder-20&linkCode=osi&th=1&psc=1">View Product</a></div><div class="product"><a href="https://www.amazon.com/dp/B013WVAHJ2?tag=eloabder-20&linkCode=osi&th=1&psc=1"><img src="https://m.media-amazon.com/images/I/21yYdk2vOnL._SL500_.jpg" alt="Product Image"></a><p>Bondi Sands Self Tanning Foam | Lightweight, Self-Tanner Foam Enriched with Aloe Vera and Coconut Provides an Even, Streak-Free Tan | 6.76 oz/200 mL</p><p>$24.00 ($3.55 / Fl Oz )</p><a href="https://www.amazon.com/dp/B013WVAHJ2?tag=eloabder-20&linkCode=osi&th=1&psc=1">View Product</a></div><div class="product"><a href="https://www.amazon.com/dp/B09551QSJ3?tag=eloabder-20&linkCode=osi&th=1&psc=1"><img src="https://m.media-amazon.com/images/I/41tFLINqKrL._SL500_.jpg" alt="Product Image"></a><p>Self Tanner Mousse - USA Made with Natural & Organic Ingredients, Self Tanning Mousse for Dark Fake Tan, Sunless Tanner, Clear & Non Toxic Tanning Foam for Streak Free Finish, No Nasty Smell</p><p>$34.99 ($4.67 / Fl Oz)</p><a href="https://www.amazon.com/dp/B09551QSJ3?tag=eloabder-20&linkCode=osi&th=1&psc=1">View Product</a></div><div class="product"><a href="https://www.amazon.com/dp/B07Z53DKH3?tag=eloabder-20&linkCode=osi&th=1&psc=1"><img src="https://m.media-amazon.com/images/I/31WXxRTQ9rL._SL500_.jpg" alt="Product Image"></a><p>Coco & Eve Sunny Honey Bali Bronzing Foam (Ultra Dark). Natural Sunless Self Tanner Mousse. Anti Cellulite, Anti Aging, Organic Sunless Self Tanning Lotion</p><p>$38.00 ($5.59 / Fl Oz)</p><a href="https://www.amazon.com/dp/B07Z53DKH3?tag=eloabder-20&linkCode=osi&th=1&psc=1">View Product</a></div><div class="product"><a href="https://www.amazon.com/dp/B00GLS5DHU?tag=eloabder-20&linkCode=osi&th=1&psc=1"><img src="https://m.media-amazon.com/images/I/31EOp3BgHcL._SL500_.jpg" alt="Product Image"></a><p>Jergens Natural Glow 3-Day Self Tanner for Fair to Medium Skin Tone, Sunless Tanning Daily Moisturizer, for Streak-free and Natural-Looking Color, 10 Ounce</p><p>$14.49 ($1.45 / Fl Oz)</p><a href="https://www.amazon.com/dp/B00GLS5DHU?tag=eloabder-20&linkCode=osi&th=1&psc=1">View Product</a></div><div class="product"><a href="https://www.amazon.com/dp/B08G1LQGLN?tag=eloabder-20&linkCode=osi&th=1&psc=1"><img src="https://m.media-amazon.com/images/I/411EXWnc3cS._SL500_.jpg" alt="Product Image"></a><p>Coco & Eve Self Tanner Mousse Kit - All Natural Sunless Tanning (Dark) | Instant Lotion with Bronzer Mitt Applicator Sunny Honey Bali Bronzing</p><p>$41.00 ($6.12 / Fl Oz)</p><a href="https://www.amazon.com/dp/B08G1LQGLN?tag=eloabder-20&linkCode=osi&th=1&psc=1">View Product</a></div><div class="product"><a href="https://www.amazon.com/dp/B00KSS3MJ0?tag=eloabder-20&linkCode=osi&th=1&psc=1"><img src="https://m.media-amazon.com/images/I/31pZi3ANSfL._SL500_.jpg" alt="Product Image"></a><p>St.Tropez Self Tan Express Mousse, Fast Acting Fake Tan, Develops in 1-3 Hours, Streak-Free Finish, Vegan, Natural & Cruelty Free, 6.7 Fl Oz</p><p>$46.00 ($6.87 / Fl Oz)</p><a href="https://www.amazon.com/dp/B00KSS3MJ0?tag=eloabder-20&linkCode=osi&th=1&psc=1">View Product</a></div>
<div class="product"><a href="https://www.amazon.com/dp/B08KT2Z93D?tag=eloabder-20&linkCode=osi&th=1&psc=1"><img src="https://m.media-amazon.com/images/I/31IObY4C0xL._SL500_.jpg" alt="Product Image"></a><p>eos Shea Better Body Lotion- Vanilla Cashmere, 24-Hour Moisture Skin Care, Lightweight & Non-Greasy, Made with Natural Shea, Vegan, 16 fl oz</p><p>$8.98 ($0.56 / Fl Oz)</p><a href="https://www.amazon.com/dp/B08KT2Z93D?tag=eloabder-20&linkCode=osi&th=1&psc=1">View Product</a></div><div class="product"><a href="https://www.amazon.com/dp/B076G2XGY3?tag=eloabder-20&linkCode=osi&th=1&psc=1"><img src="https://m.media-amazon.com/images/I/41jIXvha20L._SL500_.jpg" alt="Product Image"></a><p>NIVEA Essentially Enriched Body Lotion for Dry Skin, Pack of 2, 16.9 Fl Oz Pump Bottles</p><p>$10.98 ($0.32 / Fl Oz)</p><a href="https://www.amazon.com/dp/B076G2XGY3?tag=eloabder-20&linkCode=osi&th=1&psc=1">View Product</a></div><div class="product"><a href="https://www.amazon.com/dp/B00DG8EZKO?tag=eloabder-20&linkCode=osi&th=1&psc=1"><img src="https://m.media-amazon.com/images/I/31DT3ghuyXL._SL500_.jpg" alt="Product Image"></a><p>NIVEA Intense Healing Body Lotion for Dry Skin, 72-Hour Moisturizing Lotion with Deep Nourishing Serum and Provitamin B5, 16.9 Fl Oz Pump Bottle</p><p>$6.24 ($0.37 / Fl Oz)</p><a href="https://www.amazon.com/dp/B00DG8EZKO?tag=eloabder-20&linkCode=osi&th=1&psc=1">View Product</a></div><div class="product"><a href="https://www.amazon.com/dp/B07RK4HST7?tag=eloabder-20&linkCode=osi&th=1&psc=1"><img src="https://m.media-amazon.com/images/I/412DGoW35mL._SL500_.jpg" alt="Product Image"></a><p>CeraVe Daily Moisturizing Lotion for Dry Skin | Body Lotion & Face Moisturizer with Hyaluronic Acid and Ceramides | Daily Moisturizer | Fragrance Free | Oil-Free | 19 Ounce</p><p>$18.50 ($0.97 / Fl Oz)</p><a href="https://www.amazon.com/dp/B07RK4HST7?tag=eloabder-20&linkCode=osi&th=1&psc=1">View Product</a></div><div class="product"><a href="https://www.amazon.com/dp/B0034F9K36?tag=eloabder-20&linkCode=osi&th=1&psc=1"><img src="https://m.media-amazon.com/images/I/319i3EFVPvL._SL500_.jpg" alt="Product Image"></a><p>Jergens Ultra Healing Dry Skin Moisturizer, Body and Hand Lotion for Dry Skin, for Quick Absorption into Extra Dry Skin, with HYDRALUCENCE blend, Vitamins C, E, and B5, 32 Ounce</p><p>$10.47 ($0.33 / Fl Oz)</p><a href="https://www.amazon.com/dp/B0034F9K36?tag=eloabder-20&linkCode=osi&th=1&psc=1">View Product</a></div><div class="product"><a href="https://www.amazon.com/dp/B003JT8PKQ?tag=eloabder-20&linkCode=osi&th=1&psc=1"><img src="https://m.media-amazon.com/images/I/31TFisQDpKL._SL500_.jpg" alt="Product Image"></a><p>Lubriderm Daily Moisture Lotion + Pro-Ceramide with Shea Butter & Glycerin Helps Moisturize Dry Skin, Hydrating Face, Hand & Body Lotion is Lightly Scented & Non-Greasy, 24 fl. oz</p><p>$10.12 ($0.42 / Fl Oz)</p><a href="https://www.amazon.com/dp/B003JT8PKQ?tag=eloabder-20&linkCode=osi&th=1&psc=1">View Product</a></div><div class="product"><a href="https://www.amazon.com/dp/B0D484X4RL?tag=eloabder-20&linkCode=osi&th=1&psc=1"><img src="https://m.media-amazon.com/images/I/31rZLOx+KEL._SL500_.jpg" alt="Product Image"></a><p>Native Body Lotion Contains Naturally Derived Plant-Based Moisturizers for Women and Men | Restores Dry Skin, Coconut & Vanilla, 16.5 fl oz</p><p>$13.97 ($0.85 / Fl Oz)</p><a href="https://www.amazon.com/dp/B0D484X4RL?tag=eloabder-20&linkCode=osi&th=1&psc=1">View Product</a></div><div class="product"><a href="https://www.amazon.com/dp/B073CXZ8KR?tag=eloabder-20&linkCode=osi&th=1&psc=1"><img src="https://m.media-amazon.com/images/I/31r1ImnqoOL._SL500_.jpg" alt="Product Image"></a><p>Nivea Oil Infused Cherry Blossom and Jojoba Oil Body Lotion, Non-Greasy Cherry Blossom Scented Lotion Moisturizes for 24+ Hours, 16.9 Fl Oz Pump Bottle</p><p>$6.29 ($0.37 / Fl Oz)</p><a href="https://www.amazon.com/dp/B073CXZ8KR?tag=eloabder-20&linkCode=osi&th=1&psc=1">View Product</a></div><div class="product"><a href="https://www.amazon.com/dp/B00W4TWD7I?tag=eloabder-20&linkCode=osi&th=1&psc=1"><img src="https://m.media-amazon.com/images/I/31hhrMRSQBL._SL500_.jpg" alt="Product Image"></a><p>Jergens Skin Firming Body Lotion for Dry to Extra Dry Skin, Skin Tightening Cream with Collagen and Elastin, Hydralucence Blend Formula, 16.8 oz</p><p>$7.47 ($0.44 / Fl Oz)</p><a href="https://www.amazon.com/dp/B00W4TWD7I?tag=eloabder-20&linkCode=osi&th=1&psc=1">View Product</a></div>
<div class="product"><a href="https://www.amazon.com/dp/B07C23RCR8?tag=eloabder-20&linkCode=osi&th=1&psc=1"><img src="https://m.media-amazon.com/images/I/41RZuPGWrcL._SL500_.jpg" alt="Product Image"></a><p>Petal Fresh Restoring Body Butter with Honey, Coconut Oil and Shea - Intense Hydration, Cruelty Free</p><p>$7.67 ($7.67 / Count)</p><a href="https://www.amazon.com/dp/B07C23RCR8?tag=eloabder-20&linkCode=osi&th=1&psc=1">View Product</a></div><div class="product"><a href="https://www.amazon.com/dp/B0BKCN9WRX?tag=eloabder-20&linkCode=osi&th=1&psc=1"><img src="https://m.media-amazon.com/images/I/41Jk3XD9gtL._SL500_.jpg" alt="Product Image"></a><p>Tree Hut Moroccan Rose Whipped Shea Body Butter, 8.4oz, Lightweight, Long-lasting, Hydrating Moisturizer with Natural Shea Butter for Nourishing Essential Body Care</p><p>$8.49 ($1.01 / Ounce)</p><a href="https://www.amazon.com/dp/B0BKCN9WRX?tag=eloabder-20&linkCode=osi&th=1&psc=1">View Product</a></div><div class="product"><a href="https://www.amazon.com/dp/B01H6OYPU8?tag=eloabder-20&linkCode=osi&th=1&psc=1"><img src="https://m.media-amazon.com/images/I/41Vkhay5SBL._SL500_.jpg" alt="Product Image"></a><p>NIVEA Cocoa Butter Body Cream with Deep Nourishing Serum, 15.5 Ounce</p><p>$7.05 ($0.45 / Ounce)</p><a href="https://www.amazon.com/dp/B01H6OYPU8?tag=eloabder-20&linkCode=osi&th=1&psc=1">View Product</a></div><div class="product"><a href="https://www.amazon.com/dp/B089N6B4ST?tag=eloabder-20&linkCode=osi&th=1&psc=1"><img src="https://m.media-amazon.com/images/I/41ropAOpQNL._SL500_.jpg" alt="Product Image"></a><p>Vaseline Illuminate Me Shea Butter Whipped Body Butter for Melanin Rich Skin Provides 24 Hour Moisturization for Dry Skin 11 oz</p><p>$12.80 ($1.16 / Fl Oz)</p><a href="https://www.amazon.com/dp/B089N6B4ST?tag=eloabder-20&linkCode=osi&th=1&psc=1">View Product</a></div><div class="product"><a href="https://www.amazon.com/dp/B09QMT3CVT?tag=eloabder-20&linkCode=osi&th=1&psc=1"><img src="https://m.media-amazon.com/images/I/41eMy8c3dcL._SL500_.jpg" alt="Product Image"></a><p>MAJESTIC PURE Whipped Argan Oil Body Butter for Women & Men - With Ceramides, Vitamin E & A & Vegan Collagen - For Skin, Face, & Appearance of Wrinkles & Fine Lines - 8oz</p><p>$9.99 ($1.25 / Ounce)</p><a href="https://www.amazon.com/dp/B09QMT3CVT?tag=eloabder-20&linkCode=osi&th=1&psc=1">View Product</a></div><div class="product"><a href="https://www.amazon.com/dp/B00GBH8TBS?tag=eloabder-20&linkCode=osi&th=1&psc=1"><img src="https://m.media-amazon.com/images/I/31L5XHEF9qL._SL500_.jpg" alt="Product Image"></a><p>Bliss Lemon and Sage Body Butter - Maximum Moisture Cream - 6.7 Fl Oz Lotion for Dry Skin - Long-Lasting Moisturizer for Women & Men - Vegan and Cruelty-Free</p><p>$11.99 ($1.79 / Fl Oz)</p><a href="https://www.amazon.com/dp/B00GBH8TBS?tag=eloabder-20&linkCode=osi&th=1&psc=1">View Product</a></div><div class="product"><a href="https://www.amazon.com/dp/B0013UQQAE?tag=eloabder-20&linkCode=osi&th=1&psc=1"><img src="https://m.media-amazon.com/images/I/411EPzhuAHL._SL500_.jpg" alt="Product Image"></a><p>Palmer’s Shea Butter Formula Raw African Shea Butter Balm, Nourishing Body Moisturizer for Rough, Dry Skin, 7.25 Ounces</p><p>$7.68 ($1.06 / Ounce)</p><a href="https://www.amazon.com/dp/B0013UQQAE?tag=eloabder-20&linkCode=osi&th=1&psc=1">View Product</a></div><div class="product"><a href="https://www.amazon.com/dp/B09SRGSNZR?tag=eloabder-20&linkCode=osi&th=1&psc=1"><img src="https://m.media-amazon.com/images/I/31knGR24zJL._SL500_.jpg" alt="Product Image"></a><p>Kopari Ultra Restore Body Butter with Hyaluronic Acid and Vitamin B5 - Vegan Moisturizing Lotion for Dry Skin, 7.7 oz</p><p>$36.00 ($4.68 / Fl Oz)</p><a href="https://www.amazon.com/dp/B09SRGSNZR?tag=eloabder-20&linkCode=osi&th=1&psc=1">View Product</a></div><div class="product"><a href="https://www.amazon.com/dp/B0C4Q95W1T?tag=eloabder-20&linkCode=osi&th=1&psc=1"><img src="https://m.media-amazon.com/images/I/417J+mMnNXL._SL500_.jpg" alt="Product Image"></a><p>Vaseline Illuminate Me Body Butter & Body Oil - Shimmering Body Bronzer, Hydrating Whipped Organic Shea Butter with 24-Hour Moisture for Melanin-Rich Skin, Radiant Body Glow Oil (2 Piece Set)</p><p>$22.99 ($1.61 / Fl Oz)</p><a href="https://www.amazon.com/dp/B0C4Q95W1T?tag=eloabder-20&linkCode=osi&th=1&psc=1">View Product</a></div>
<div class="product"><a href="https://www.amazon.com/dp/B004L17FKC?tag=eloabder-20&linkCode=osi&th=1&psc=1"><img src="https://m.media-amazon.com/images/I/31nbXT8PueL._SL500_.jpg" alt="Product Image"></a><p>OSEA Undaria Algae Body Oil 5 oz - After Shower Body Oil - Non-Greasy Body Serum & Fast Absorbing Skincare - Clean Beauty & Vegan Seaweed Body Moisturizer for Dry Skin</p><p>$51.95 ($10.39 / Fl Oz)</p><a href="https://www.amazon.com/dp/B004L17FKC?tag=eloabder-20&linkCode=osi&th=1&psc=1">View Product</a></div><div class="product"><a href="https://www.amazon.com/dp/B00008BK7H?tag=eloabder-20&linkCode=osi&th=1&psc=1"><img src="https://m.media-amazon.com/images/I/31NaIvcVrtL._SL500_.jpg" alt="Product Image"></a><p>Neutrogena Body Oil Light Sesame Formula, Dry Skin Moisturizer and Hydrating Body Massage Oil for Radiant and Healthy Looking Glow, Nourishing Bath Oil for Sheer Moisture, 16 FL OZ</p><p>$23.41 ($1.46 / Fl Oz)</p><a href="https://www.amazon.com/dp/B00008BK7H?tag=eloabder-20&linkCode=osi&th=1&psc=1">View Product</a></div><div class="product"><a href="https://www.amazon.com/dp/B08D43LHYP?tag=eloabder-20&linkCode=osi&th=1&psc=1"><img src="https://m.media-amazon.com/images/I/315zlZLfRWL._SL500_.jpg" alt="Product Image"></a><p>Aveeno Daily Moisturizing Dry Body Oil Mist with Oat and Jojoba Oil for Dry, Rough Sensitive Skin, Nourishing & Hypoallergenic Body Spray, Paraben-, Silicone- & Phthalate-Free, 6.7 fl. oz</p><p>$9.58 ($1.43 / Fl Oz)</p><a href="https://www.amazon.com/dp/B08D43LHYP?tag=eloabder-20&linkCode=osi&th=1&psc=1">View Product</a></div><div class="product"><a href="https://www.amazon.com/dp/B00AREGVUM?tag=eloabder-20&linkCode=osi&th=1&psc=1"><img src="https://m.media-amazon.com/images/I/41qfuNZmKRL._SL500_.jpg" alt="Product Image"></a><p>Bio-Oil Skincare Body Oil, Vitamin E Serum for Scars & Stretchmarks, Dermatologist Recommended, All Skin Types, 6.7 oz</p><p>$28.99 ($4.33 / Fl Oz)</p><a href="https://www.amazon.com/dp/B00AREGVUM?tag=eloabder-20&linkCode=osi&th=1&psc=1">View Product</a></div><div class="product"><a href="https://www.amazon.com/dp/B000056W74?tag=eloabder-20&linkCode=osi&th=1&psc=1"><img src="https://m.media-amazon.com/images/I/51iuZeO24dL._SL500_.jpg" alt="Product Image"></a><p>Palmer's Cocoa Butter Moisturizing Body Oil with Vitamin E, Radiant Looking Glow and Skin Hydration, Instant Absorption, Bath, Body and Shower, 8.5 Ounces</p><p>$7.49 ($0.88 / Fl Oz)</p><a href="https://www.amazon.com/dp/B000056W74?tag=eloabder-20&linkCode=osi&th=1&psc=1">View Product</a></div><div class="product"><a href="https://www.amazon.com/dp/B001B0ZZFS?tag=eloabder-20&linkCode=osi&th=1&psc=1"><img src="https://m.media-amazon.com/images/I/31CraOP2i5L._SL500_.jpg" alt="Product Image"></a><p>Neutrogena Fragrance-Free Body Oil Light Sesame Formula, Dry Skin Moisturizer & Hydrating Body Massage Oil, for Radiant & Healthy Glow, Nourishing After Shower & Bath Oil, 8.5 fl. oz</p><p>$8.86 ($1.04 / Fl Oz)</p><a href="https://www.amazon.com/dp/B001B0ZZFS?tag=eloabder-20&linkCode=osi&th=1&psc=1">View Product</a></div><div class="product"><a href="https://www.amazon.com/dp/B0CFSVH4L7?tag=eloabder-20&linkCode=osi&th=1&psc=1"><img src="https://m.media-amazon.com/images/I/31VtRL8qSpL._SL500_.jpg" alt="Product Image"></a><p>Saltair - Santal Bloom Body Oil - Nourishing Body Moisturizer</p><p>$22.00 ($5.50 / Fl Oz)</p><a href="https://www.amazon.com/dp/B0CFSVH4L7?tag=eloabder-20&linkCode=osi&th=1&psc=1">View Product</a></div><div class="product"><a href="https://www.amazon.com/dp/B089NCFBQZ?tag=eloabder-20&linkCode=osi&th=1&psc=1"><img src="https://m.media-amazon.com/images/I/41WGBM4YipL._SL500_.jpg" alt="Product Image"></a><p>Vaseline Illuminate Me Shimmering Body Oil Created for Melanin Rich Skin, Illuminates Skin with Finishing Touch of Shimmer for Glowing Skin 3.3 oz</p><p>$8.75 ($2.65 / Fl Oz)</p><a href="https://www.amazon.com/dp/B089NCFBQZ?tag=eloabder-20&linkCode=osi&th=1&psc=1">View Product</a></div><div class="product"><a href="https://www.amazon.com/dp/B076MGQ5SW?tag=eloabder-20&linkCode=osi&th=1&psc=1"><img src="https://m.media-amazon.com/images/I/31i7GSTXsoL._SL500_.jpg" alt="Product Image"></a><p>SheaMoisture Daily Hydration Body Oil Virgin Coconut Oil For Dry Skin Paraben Free 8 oz</p><p>$8.93 ($1.12 / Fl Oz)</p><a href="https://www.amazon.com/dp/B076MGQ5SW?tag=eloabder-20&linkCode=osi&th=1&psc=1">View Product</a></div>
<div class="product"><a href="https://www.amazon.com/dp/B07GJR4KXM?tag=eloabder-20&linkCode=osi&th=1&psc=1"><img src="https://m.media-amazon.com/images/I/41Zl1DjrGpL._SL500_.jpg" alt="Product Image"></a><p>Brooklyn Botany Brown Sugar Body Scrub - Moisturizing and Exfoliating Body, Face, Hand, Foot Scrub - Fights Acne, Fine Lines & Wrinkles, Great Gifts For Women & Men - 10 oz</p><p>$9.99 ($1.00 / Ounce)</p><a href="https://www.amazon.com/dp/B07GJR4KXM?tag=eloabder-20&linkCode=osi&th=1&psc=1">View Product</a></div><div class="product"><a href="https://www.amazon.com/dp/B095Z7HQP3?tag=eloabder-20&linkCode=osi&th=1&psc=1"><img src="https://m.media-amazon.com/images/I/31oWHQkNovL._SL500_.jpg" alt="Product Image"></a><p>First Aid Beauty KP Bump Eraser Body Scrub Exfoliant for Keratosis Pilaris with 10% AHA 4 oz.</p><p>$20.00 ($5.00 / Ounce)</p><a href="https://www.amazon.com/dp/B095Z7HQP3?tag=eloabder-20&linkCode=osi&th=1&psc=1">View Product</a></div><div class="product"><a href="https://www.amazon.com/dp/B0CQLTP6JM?tag=eloabder-20&linkCode=osi&th=1&psc=1"><img src="https://m.media-amazon.com/images/I/41oU0wGhtHL._SL500_.jpg" alt="Product Image"></a><p>Elvira KP Bump Eraser Body Scrub, Exfoliating Body Scrub for Keratosis Pilaris, Smooth Skin with 10% AHA/BHA & Niacinamide, Moisturizing and Brightening, Body Skin Care Products, Deep Cleansing - 7 oz</p><p>$16.99 ($2.43 / Fl Oz)</p><a href="https://www.amazon.com/dp/B0CQLTP6JM?tag=eloabder-20&linkCode=osi&th=1&psc=1">View Product</a></div><div class="product"><a href="https://www.amazon.com/dp/B09VH79Z17?tag=eloabder-20&linkCode=osi&th=1&psc=1"><img src="https://m.media-amazon.com/images/I/41VgTZ12TwL._SL500_.jpg" alt="Product Image"></a><p>Dr Teal's Shea Sugar Body Scrub, Shea Butter with Almond Oil & Essential Oils, 19 oz (Pack of 3) (Packaging May Vary)</p><p>$20.94 ($0.37 / Ounce)</p><a href="https://www.amazon.com/dp/B09VH79Z17?tag=eloabder-20&linkCode=osi&th=1&psc=1">View Product</a></div>
<div class="product"><a href="https://www.amazon.com/dp/B0BVBZPX9B?tag=eloabder-20&linkCode=osi&th=1&psc=1"><img src="https://m.media-amazon.com/images/I/61Y09jlKZkL._SL500_.jpg" alt="Product Image"></a><p>Dove Deep Moisture Body Wash 30.6 Fl Oz Pack of 3 with Pump, Luxurious Hydration for Dry Skin, Cleanser with 24hr Renewing MicroMoisture</p><p>$23.22 ($0.25 / Fl Oz)</p><a href="https://www.amazon.com/dp/B0BVBZPX9B?tag=eloabder-20&linkCode=osi&th=1&psc=1">View Product</a></div><div class="product"><a href="https://www.amazon.com/dp/B0BT1VXDGD?tag=eloabder-20&linkCode=osi&th=1&psc=1"><img src="https://m.media-amazon.com/images/I/217eAv7yKyL._SL500_.jpg" alt="Product Image"></a><p>Method Body Wash, Pure Peace, Paraben and Phthalate Free, Biodegradable Formula, 28 oz (Pack of 1)</p><p>$11.48 ($0.41 / Fl Oz)</p><a href="https://www.amazon.com/dp/B0BT1VXDGD?tag=eloabder-20&linkCode=osi&th=1&psc=1">View Product</a></div><div class="product"><a href="https://www.amazon.com/dp/B0BVBYQGTW?tag=eloabder-20&linkCode=osi&th=1&psc=1"><img src="https://m.media-amazon.com/images/I/61En44WjwPL._SL500_.jpg" alt="Product Image"></a><p>Dove Body Wash with Pump Sensitive Skin 3 Count Hypoallergenic, Paraben-Free, Sulfate-Free, Cruelty-Free, Moisturizing Skin Cleanser Effectively Washes Away Bacteria While Nourishing Skin 30.6 oz</p><p>$23.22 ($0.25 / Fl Oz)</p><a href="https://www.amazon.com/dp/B0BVBYQGTW?tag=eloabder-20&linkCode=osi&th=1&psc=1">View Product</a></div><div class="product"><a href="https://www.amazon.com/dp/B0CGY5BLBW?tag=eloabder-20&linkCode=osi&th=1&psc=1"><img src="https://m.media-amazon.com/images/I/61X7MjVU6uL._SL500_.jpg" alt="Product Image"></a><p>Dove Exfoliating Body Wash Glow Recharge Energizes & illuminates skin 3% brightening serum with vitamin C 18.5 oz</p><p>$9.79 ($0.53 / Fl Oz)</p><a href="https://www.amazon.com/dp/B0CGY5BLBW?tag=eloabder-20&linkCode=osi&th=1&psc=1">View Product</a></div><div class="product"><a href="https://www.amazon.com/dp/B082QB23YG?tag=eloabder-20&linkCode=osi&th=1&psc=1"><img src="https://m.media-amazon.com/images/I/31QPAuuaLwL._SL500_.jpg" alt="Product Image"></a><p>NIVEA Refreshing White Peach and Jasmine Body Wash, Scented Body Wash with Nourishing Serum, Plant-Derived Oils, Essential Skin Lipids and Vitamins, 20 Fl Oz Bottle</p><p>$4.89 ($0.24 / Fl Oz)</p><a href="https://www.amazon.com/dp/B082QB23YG?tag=eloabder-20&linkCode=osi&th=1&psc=1">View Product</a></div><div class="product"><a href="https://www.amazon.com/dp/B0BHH1LBX2?tag=eloabder-20&linkCode=osi&th=1&psc=1"><img src="https://m.media-amazon.com/images/I/41aG-jLyOqL._SL500_.jpg" alt="Product Image"></a><p>Olay Ultra Rich Moisture Body Wash for Women, Deeply Nourishes, Vitamin B3 Complex, Clinically Proven, Shea Butter Scent, 22 fl oz (Pack of 4)</p><p>$26.95 ($0.31 / Fl Oz)</p><a href="https://www.amazon.com/dp/B0BHH1LBX2?tag=eloabder-20&linkCode=osi&th=1&psc=1">View Product</a></div><div class="product"><a href="https://www.amazon.com/dp/B0BVBYDTZ6?tag=eloabder-20&linkCode=osi&th=1&psc=1"><img src="https://m.media-amazon.com/images/I/61UbJzK8yIL._SL500_.jpg" alt="Product Image"></a><p>Dove Body Wash with Pump Refreshing Cucumber and Green Tea 3 Count Refreshes Skin Cleanser That Effectively Washes Away Bacteria While Nourishing Your Skin 30.6 oz</p><p>$29.91 ($0.33 / Fl Oz)</p><a href="https://www.amazon.com/dp/B0BVBYDTZ6?tag=eloabder-20&linkCode=osi&th=1&psc=1">View Product</a></div><div class="product"><a href="https://www.amazon.com/dp/B082QC2MCX?tag=eloabder-20&linkCode=osi&th=1&psc=1"><img src="https://m.media-amazon.com/images/I/31ohT5XH1TS._SL500_.jpg" alt="Product Image"></a><p>NIVEA Shea Butter Nourishing Body Wash, Moisturizing Body Wash with Nourishing Serum, Plant-Derived Oils, Essential Skin Lipids and Vitamins, 20 Fl Oz Bottle</p><p>$5.29 ($0.26 / Fl Oz)</p><a href="https://www.amazon.com/dp/B082QC2MCX?tag=eloabder-20&linkCode=osi&th=1&psc=1">View Product</a></div><div class="product"><a href="https://www.amazon.com/dp/B07FD24RTR?tag=eloabder-20&linkCode=osi&th=1&psc=1"><img src="https://m.media-amazon.com/images/I/31klAgInvXL._SL500_.jpg" alt="Product Image"></a><p>Aveeno Stress Relief Body Wash with Soothing Oat for Sensitive Skin, Lavender Body Wash to help you feel Calm and Relaxed, Sulfate-Free, 33 FL OZ</p><p>$13.48 ($0.41 / Fl Oz)</p><a href="https://www.amazon.com/dp/B07FD24RTR?tag=eloabder-20&linkCode=osi&th=1&psc=1">View Product</a></div><div class="product"><a href="https://www.amazon.com/dp/B082QBPDJC?tag=eloabder-20&linkCode=osi&th=1&psc=1"><img src="https://m.media-amazon.com/images/I/31tC4JDwHQL._SL500_.jpg" alt="Product Image"></a><p>NIVEA Coconut and Almond Milk Pampering Body Wash, Moisturizing Body Wash with Nourishing Serum, Plant-Derived Oils, Essential Skin Lipids and Vitamins, 20 Fl Oz Bottle</p><p>$4.99 ($0.25 / Fl Oz)</p><a href="https://www.amazon.com/dp/B082QBPDJC?tag=eloabder-20&linkCode=osi&th=1&psc=1">View Product</a></div>
<div class="product"><a href="https://www.amazon.com/dp/B0BNQWFWLF?tag=eloabder-20&linkCode=osi&th=1&psc=1"><img src="https://m.media-amazon.com/images/I/41trFLlJ04L._SL500_.jpg" alt="Product Image"></a><p>Neutrogena Rainbath Body Wash, Refreshing, Moisturizing Daily Body Cleanser and Shaving Gel with Clean Rinsing Lather, Original Scent, 32 fl. Oz</p><p>$15.98 ($0.50 / Fl Oz)</p><a href="https://www.amazon.com/dp/B0BNQWFWLF?tag=eloabder-20&linkCode=osi&th=1&psc=1">View Product</a></div><div class="product"><a href="https://www.amazon.com/dp/B0BT1WN3ZD?tag=eloabder-20&linkCode=osi&th=1&psc=1"><img src="https://m.media-amazon.com/images/I/21GMn0pFzCL._SL500_.jpg" alt="Product Image"></a><p>Method Body Wash, Sea + Surf, Paraben and Phthalate Free, Biodegradable Formula, 28 oz, (Pack of 1)</p><p>$11.48 ($0.41 / Fl Oz)</p><a href="https://www.amazon.com/dp/B0BT1WN3ZD?tag=eloabder-20&linkCode=osi&th=1&psc=1">View Product</a></div><div class="product"><a href="https://www.amazon.com/dp/B09M7SPFSJ?tag=eloabder-20&linkCode=osi&th=1&psc=1"><img src="https://m.media-amazon.com/images/I/31bOOl+IL6L._SL500_.jpg" alt="Product Image"></a><p>Ivory Mild & Gentle Body Wash, Original Scent, 35oz</p><p>$5.97 ($0.17 / Ounce)</p><a href="https://www.amazon.com/dp/B09M7SPFSJ?tag=eloabder-20&linkCode=osi&th=1&psc=1">View Product</a></div><div class="product"><a href="https://www.amazon.com/dp/B0CK4YS1SV?tag=eloabder-20&linkCode=osi&th=1&psc=1"><img src="https://m.media-amazon.com/images/I/518js3kBNfL._SL500_.jpg" alt="Product Image"></a><p>Dr Teal's Body Wash with Pure Epsom Salt, Relax & Relief with Eucalyptus & Spearmint, 24 fl oz (Pack of 2) (Packaging May Vary)</p><p>$11.74 ($0.24 / Fl Oz)</p><a href="https://www.amazon.com/dp/B0CK4YS1SV?tag=eloabder-20&linkCode=osi&th=1&psc=1">View Product</a></div><div class="product"><a href="https://www.amazon.com/dp/B0CNL19TQG?tag=eloabder-20&linkCode=osi&th=1&psc=1"><img src="https://m.media-amazon.com/images/I/61kqkkFXOkL._SL500_.jpg" alt="Product Image"></a><p>Dove Men+Care Body Wash Eucalyptus + Cedar Oil to Rebuild Skin in the Shower with Plant-Based Cleansers and Moisturizers 26 oz</p><p>$9.99 ($0.38 / Fl Oz)</p><a href="https://www.amazon.com/dp/B0CNL19TQG?tag=eloabder-20&linkCode=osi&th=1&psc=1">View Product</a></div><div class="product"><a href="https://www.amazon.com/dp/B01IMEJV5U?tag=eloabder-20&linkCode=osi&th=1&psc=1"><img src="https://m.media-amazon.com/images/I/41q8gXtf06S._SL500_.jpg" alt="Product Image"></a><p>OGX Extra Creamy + Coconut Miracle Oil Ultra Moisture Body Wash, 19.5 Fl Oz</p><p>$6.57 ($0.34 / Fl Oz)</p><a href="https://www.amazon.com/dp/B01IMEJV5U?tag=eloabder-20&linkCode=osi&th=1&psc=1">View Product</a></div>
<div class="product"><a href="https://www.amazon.com/dp/B00A8S6HM4?tag=eloabder-20&linkCode=osi&th=1&psc=1"><img src="https://m.media-amazon.com/images/I/31tIssP5CQL._SL500_.jpg" alt="Product Image"></a><p>Gold Bond Healing Hand Cream, 3 oz., With Aloe, Moisture That Lasts Through Handwashing</p><p>$3.97 ($1.32 / Ounce)</p><a href="https://www.amazon.com/dp/B00A8S6HM4?tag=eloabder-20&linkCode=osi&th=1&psc=1">View Product</a></div><div class="product"><a href="https://www.amazon.com/dp/B006UEOQ5K?tag=eloabder-20&linkCode=osi&th=1&psc=1"><img src="https://m.media-amazon.com/images/I/316StCvRHcL._SL500_.jpg" alt="Product Image"></a><p>L’Occitane Shea Butter Hand Cream 5.1 Oz: Nourishes Very Dry Hands, Protects Skin, With 20% Organic Shea Butter, Vegan, 1 Sold Every 3 Seconds*</p><p>$27.00</p><a href="https://www.amazon.com/dp/B006UEOQ5K?tag=eloabder-20&linkCode=osi&th=1&psc=1">View Product</a></div><div class="product"><a href="https://www.amazon.com/dp/B00EYOSA9G?tag=eloabder-20&linkCode=osi&th=1&psc=1"><img src="https://m.media-amazon.com/images/I/41bhc+gcG0L._SL500_.jpg" alt="Product Image"></a><p>La Roche-Posay Cicaplast Hand Cream, Instant Relief Moisturizing Dry Hands Shea Butter Lotion for Dry Cracked Hands, Non Greasy, Fragrance Free, 1.69 Fl Oz (Pack of 1)</p><p>$11.99 ($7.05 / Fl Oz)</p><a href="https://www.amazon.com/dp/B00EYOSA9G?tag=eloabder-20&linkCode=osi&th=1&psc=1">View Product</a></div><div class="product"><a href="https://www.amazon.com/dp/B00BN2UF54?tag=eloabder-20&linkCode=osi&th=1&psc=1"><img src="https://m.media-amazon.com/images/I/41JdUlyNn5L._SL500_.jpg" alt="Product Image"></a><p>CeraVe Therapeutic Hand Cream for Dry Cracked Hands With Hyaluronic Acid and Niacinamide | Fragrance Free 3 Ounce</p><p>$10.47 ($3.49 / Ounce)</p><a href="https://www.amazon.com/dp/B00BN2UF54?tag=eloabder-20&linkCode=osi&th=1&psc=1">View Product</a></div><div class="product"><a href="https://www.amazon.com/dp/B09QP658PT?tag=eloabder-20&linkCode=osi&th=1&psc=1"><img src="https://m.media-amazon.com/images/I/31W-klVFPhL._SL500_.jpg" alt="Product Image"></a><p>eos Shea Better Hand Cream - Vanilla Cashmere | Instant Hydration + Lasting Protection | 2.5 oz</p><p>$3.97 ($1.59 / Fl Oz)</p><a href="https://www.amazon.com/dp/B09QP658PT?tag=eloabder-20&linkCode=osi&th=1&psc=1">View Product</a></div><div class="product"><a href="https://www.amazon.com/dp/B00121UVU0?tag=eloabder-20&linkCode=osi&th=1&psc=1"><img src="https://m.media-amazon.com/images/I/41eeed+P5BL._SL500_.jpg" alt="Product Image"></a><p>O'Keeffe's Working Hands Hand Cream for Extremely Dry, Cracked Hands, 3.4 Ounce Jar, (Pack 1)</p><p>$8.48 ($2.49 / Ounce)</p><a href="https://www.amazon.com/dp/B00121UVU0?tag=eloabder-20&linkCode=osi&th=1&psc=1">View Product</a></div><div class="product"><a href="https://www.amazon.com/dp/B0148PKYXU?tag=eloabder-20&linkCode=osi&th=1&psc=1"><img src="https://m.media-amazon.com/images/I/41cwut0DGKL._SL500_.jpg" alt="Product Image"></a><p>O'Keeffe's Working Hands Hand Cream, Relieves and Repairs Extremely Dry Hands, 3 oz Tube, (Pack of 2)</p><p>$15.17 ($2.53 / Ounce)</p><a href="https://www.amazon.com/dp/B0148PKYXU?tag=eloabder-20&linkCode=osi&th=1&psc=1">View Product</a></div><div class="product"><a href="https://www.amazon.com/dp/B08Q1B7DVZ?tag=eloabder-20&linkCode=osi&th=1&psc=1"><img src="https://m.media-amazon.com/images/I/41KbVXj2k4L._SL500_.jpg" alt="Product Image"></a><p>Neutrogena Norwegian Formula Moisturizing Hand Cream Formulated with Glycerin for Dry, Rough Hands, Fragrance-Free Intensive Hand Lotion, 2 oz, Pack of 6</p><p>$32.94 ($2.74 / Ounce)</p><a href="https://www.amazon.com/dp/B08Q1B7DVZ?tag=eloabder-20&linkCode=osi&th=1&psc=1">View Product</a></div><div class="product"><a href="https://www.amazon.com/dp/B002PK0ROM?tag=eloabder-20&linkCode=osi&th=1&psc=1"><img src="https://m.media-amazon.com/images/I/51ACxQvzcbL._SL500_.jpg" alt="Product Image"></a><p>Burt's Bees Almond & Milk Hand Cream, 2 Oz (Package May Vary)</p><p>$8.84 ($4.42 / Ounce)</p><a href="https://www.amazon.com/dp/B002PK0ROM?tag=eloabder-20&linkCode=osi&th=1&psc=1">View Product</a></div><div class="product"><a href="https://www.amazon.com/dp/B09YYZWSSY?tag=eloabder-20&linkCode=osi&th=1&psc=1"><img src="https://m.media-amazon.com/images/I/31iud1lgyFL._SL500_.jpg" alt="Product Image"></a><p>Gold Bond Age Renew Crepe Corrector Hand Cream, Replenishing & Smoothing Formula, 3 oz.</p><p>$5.98 ($1.99 / Ounce)</p><a href="https://www.amazon.com/dp/B09YYZWSSY?tag=eloabder-20&linkCode=osi&th=1&psc=1">View Product</a></div>
<div class="product"><a href="https://www.amazon.com/dp/B0002QB9NE?tag=eloabder-20&linkCode=osi&th=1&psc=1"><img src="https://m.media-amazon.com/images/I/416vf0q0uqL._SL500_.jpg" alt="Product Image"></a><p>O'Keeffe's for Healthy Feet Foot Cream, Guaranteed Relief for Extremely Dry, Cracked Feet, Instantly Boosts Moisture Levels, 3.2 Ounce Jar, (Pack of 1)</p><p>$9.01 ($2.82 / Ounce)</p><a href="https://www.amazon.com/dp/B0002QB9NE?tag=eloabder-20&linkCode=osi&th=1&psc=1">View Product</a></div><div class="product"><a href="https://www.amazon.com/dp/B082TSRP9J?tag=eloabder-20&linkCode=osi&th=1&psc=1"><img src="https://m.media-amazon.com/images/I/51coMhCd1ML._SL500_.jpg" alt="Product Image"></a><p>Ebanel Urea Cream 40% plus Salicylic Acid 2%, Foot Cream for Dry Cracked Heels Feet Knees Elbows Hands, Foot Dead Skin Cuticle Callus Remover Toenail Softener, Keratolytic Skin Barrier Repair Cream</p><p>$15.95 ($3.47 / Ounce)</p><a href="https://www.amazon.com/dp/B082TSRP9J?tag=eloabder-20&linkCode=osi&th=1&psc=1">View Product</a></div><div class="product"><a href="https://www.amazon.com/dp/B08YZBKZPB?tag=eloabder-20&linkCode=osi&th=1&psc=1"><img src="https://m.media-amazon.com/images/I/41ktbxpRfPL._SL500_.jpg" alt="Product Image"></a><p>Dr. Scholl's Dry, Cracked Foot Repair Ultra-Hydrating Foot Cream Moisturizer, 3.5 oz, Skin Care Foot Lotion with 25% Urea for Dry Cracked Feet, Heals and Moisturizes for Healthy Feet</p><p>$5.89 ($1.68 / Ounce)</p><a href="https://www.amazon.com/dp/B08YZBKZPB?tag=eloabder-20&linkCode=osi&th=1&psc=1">View Product</a></div><div class="product"><a href="https://www.amazon.com/dp/B0859JFWDT?tag=eloabder-20&linkCode=osi&th=1&psc=1"><img src="https://m.media-amazon.com/images/I/51JZjw73KSL._SL500_.jpg" alt="Product Image"></a><p>New York Biology Tea Tree Oil Foot Cream for Dry Cracked Feet, Athletes Foot, Nail Fungus, Jock Itch, Ringworm, Cracked Heels and Itchy Skin - Foot Cream - 8 oz</p><p>$9.99 ($1.25 / Ounce)</p><a href="https://www.amazon.com/dp/B0859JFWDT?tag=eloabder-20&linkCode=osi&th=1&psc=1">View Product</a></div><div class="product"><a href="https://www.amazon.com/dp/B09854CPGD?tag=eloabder-20&linkCode=osi&th=1&psc=1"><img src="https://m.media-amazon.com/images/I/31CmRbfOBBL._SL500_.jpg" alt="Product Image"></a><p>OUKEYA Urea Cream 40 Percent, Urea Foot & Hand Cream for Dry Cracked, 40 per Urea Lotion for Feet Maximum Strength</p><p>$9.59 ($1.81 / Ounce)</p><a href="https://www.amazon.com/dp/B09854CPGD?tag=eloabder-20&linkCode=osi&th=1&psc=1">View Product</a></div><div class="product"><a href="https://www.amazon.com/dp/B0081C2I22?tag=eloabder-20&linkCode=osi&th=1&psc=1"><img src="https://m.media-amazon.com/images/I/41f3N9+RSFL._SL500_.jpg" alt="Product Image"></a><p>Palmer's Cocoa Butter Formula Foot Magic Moisturizing Foot Cream for Dry, Cracked Heels, Feet Moisturizer with Peppermint Oil & Vitamin E, 2.1 Ounces</p><p>$4.22 ($2.01 / Ounce)</p><a href="https://www.amazon.com/dp/B0081C2I22?tag=eloabder-20&linkCode=osi&th=1&psc=1">View Product</a></div><div class="product"><a href="https://www.amazon.com/dp/B072VSYFNY?tag=eloabder-20&linkCode=osi&th=1&psc=1"><img src="https://m.media-amazon.com/images/I/41mzQGUdFmL._SL500_.jpg" alt="Product Image"></a><p>O'Keeffe's Healthy Feet Intense Renewal Cream with Alpha Hydroxy Acid, Softens and Exfoliates Extremely Dry, Callused Feet, 3oz Tube (Pack of 1)</p><p>$8.77 ($2.92 / Ounce)</p><a href="https://www.amazon.com/dp/B072VSYFNY?tag=eloabder-20&linkCode=osi&th=1&psc=1">View Product</a></div><div class="product"><a href="https://www.amazon.com/dp/B087N7QYN1?tag=eloabder-20&linkCode=osi&th=1&psc=1"><img src="https://m.media-amazon.com/images/I/41AOHWv5UaL._SL500_.jpg" alt="Product Image"></a><p>O'Keeffe's for Healthy Feet Foot Cream, Guaranteed Relief for Extremely Dry, Cracked Feet, Instantly Boosts Moisture Levels, 6.4 Ounce Jar, Value Size, (Pack of 1)</p><p>$15.09 ($2.36 / Ounce)</p><a href="https://www.amazon.com/dp/B087N7QYN1?tag=eloabder-20&linkCode=osi&th=1&psc=1">View Product</a></div><div class="product"><a href="https://www.amazon.com/dp/B07CKKQWSN?tag=eloabder-20&linkCode=osi&th=1&psc=1"><img src="https://m.media-amazon.com/images/I/513WcwplzkL._SL500_.jpg" alt="Product Image"></a><p>Profoot Heel Rescue Foot Cream 16 Ounce Bottle, 2 Pack, for Cracked, Calloused or Chapped Skin</p><p>$13.92 ($0.44 / Ounce)</p><a href="https://www.amazon.com/dp/B07CKKQWSN?tag=eloabder-20&linkCode=osi&th=1&psc=1">View Product</a></div>
<div class="product"><a href="https://www.amazon.com/dp/B0CS2XBMG5?tag=eloabder-20&linkCode=osi&th=1&psc=1"><img src="https://m.media-amazon.com/images/I/41SVGjvtkXL._SL500_.jpg" alt="Product Image"></a><p>SAVILAND Natural Cuticle Oil Pen: 12PCS Revitalizing Cuticle Oil for Nails with Vitamin E For Repair Cuticles Overnight Cuticle Softener Nail Strengthener Protector for Damaged Skin Thin Nail</p><p>$9.99 ($9.99 / Fl Oz)</p><a href="https://www.amazon.com/dp/B0CS2XBMG5?tag=eloabder-20&linkCode=osi&th=1&psc=1">View Product</a></div><div class="product"><a href="https://www.amazon.com/dp/B0037MIMLW?tag=eloabder-20&linkCode=osi&th=1&psc=1"><img src="https://m.media-amazon.com/images/I/41M3z8vrUzL._SL500_.jpg" alt="Product Image"></a><p>CND SolarOil Cuticle Oil, Natural Blend Of Jojoba, Vitamin E, Rice Bran and Sweet Almond Oils, Moisturizes and Conditions Skin, Pack Of 1, 0.25 oz.</p><p>$9.90 ($49.50 / Fl Oz)</p><a href="https://www.amazon.com/dp/B0037MIMLW?tag=eloabder-20&linkCode=osi&th=1&psc=1">View Product</a></div><div class="product"><a href="https://www.amazon.com/dp/B09K3VX6XB?tag=eloabder-20&linkCode=osi&th=1&psc=1"><img src="https://m.media-amazon.com/images/I/41KQk0SauIL._SL500_.jpg" alt="Product Image"></a><p>modelones Cuticle Oil for Nails 15ml Natural Nail Oil for Growth and Strength Damaged Nails Vitamin E Revitalizing Essential Oils Cuticle Care</p><p>$8.99 ($17.63 / Fl Oz)</p><a href="https://www.amazon.com/dp/B09K3VX6XB?tag=eloabder-20&linkCode=osi&th=1&psc=1">View Product</a></div><div class="product"><a href="https://www.amazon.com/dp/B072C4GT6P?tag=eloabder-20&linkCode=osi&th=1&psc=1"><img src="https://m.media-amazon.com/images/I/31AcTRIcNCL._SL500_.jpg" alt="Product Image"></a><p>OPI ProSpa Nail and Cuticle Oil To Go, 0.25 fl oz</p><p>$11.49 ($45.96 / Fl Oz)</p><a href="https://www.amazon.com/dp/B072C4GT6P?tag=eloabder-20&linkCode=osi&th=1&psc=1">View Product</a></div><div class="product"><a href="https://www.amazon.com/dp/B0725XWF6R?tag=eloabder-20&linkCode=osi&th=1&psc=1"><img src="https://m.media-amazon.com/images/I/3167QE6enxL._SL500_.jpg" alt="Product Image"></a><p>OPI ProSpa Nail and Cuticle Oil, 0.29 fl oz</p><p>$10.82 ($37.31 / Fl Oz)</p><a href="https://www.amazon.com/dp/B0725XWF6R?tag=eloabder-20&linkCode=osi&th=1&psc=1">View Product</a></div><div class="product"><a href="https://www.amazon.com/dp/B0CN65Q5LD?tag=eloabder-20&linkCode=osi&th=1&psc=1"><img src="https://m.media-amazon.com/images/I/41ixcyjMHNL._SL500_.jpg" alt="Product Image"></a><p>NXJ INFILILA Cuticle Oil Bulk 3.3 Fl Oz, 100Pcs Mini Cuticle Oil for Nails, Hydrating Cuticle Care Product Ttravel Size for Repaired Cuticles Overnight, Cuticle Repair and Nail Care (Milk & Honey)</p><p>$9.99 ($0.10 / Count)</p><a href="https://www.amazon.com/dp/B0CN65Q5LD?tag=eloabder-20&linkCode=osi&th=1&psc=1">View Product</a></div><div class="product"><a href="https://www.amazon.com/dp/B0B29JZ5KL?tag=eloabder-20&linkCode=osi&th=1&psc=1"><img src="https://m.media-amazon.com/images/I/41c+VvEUnZL._SL500_.jpg" alt="Product Image"></a><p>C CARE Lavender and chamomile Cuticle Oil For Nails - Repairs Cuticles Overnight - Moisturizes and Strengthens Nails and Cuticles - Dropper & Brush included - 2.5oz</p><p>$9.99 ($4.00 / Fl Oz)</p><a href="https://www.amazon.com/dp/B0B29JZ5KL?tag=eloabder-20&linkCode=osi&th=1&psc=1">View Product</a></div>
<div class="product"><a href="https://www.amazon.com/dp/B0CMHSNYG8?tag=eloabder-20&linkCode=osi&th=1&psc=1"><img src="https://m.media-amazon.com/images/I/51iVcKQ6eIL._SL500_.jpg" alt="Product Image"></a><p>JODSONE Gel Nail Set 20 Colors High Shine Gorgeous Gel Polish Base Top Matte Coat Nice Gifts Show Charm</p><p>$19.99</p><a href="https://www.amazon.com/dp/B0CMHSNYG8?tag=eloabder-20&linkCode=osi&th=1&psc=1">View Product</a></div><div class="product"><a href="https://www.amazon.com/dp/B09KC56289?tag=eloabder-20&linkCode=osi&th=1&psc=1"><img src="https://m.media-amazon.com/images/I/51M-P1nM7QL._SL500_.jpg" alt="Product Image"></a><p>JODSONE 36 PCS Gel Nail Polish Set-32 Colors Gel Polish Kit Base Coat Glossy Matte and Glitter Top Coat Nail Polish Set Green Blue Red Pink Collection Gifts for Women</p><p>$25.99</p><a href="https://www.amazon.com/dp/B09KC56289?tag=eloabder-20&linkCode=osi&th=1&psc=1">View Product</a></div><div class="product"><a href="https://www.amazon.com/dp/B0987JZSP8?tag=eloabder-20&linkCode=osi&th=1&psc=1"><img src="https://m.media-amazon.com/images/I/31VZYZfCKbL._SL500_.jpg" alt="Product Image"></a><p>OPI Nature Strong Vegan Nail Polish, Knowledge is Flower, Pink Nail Polish, Natural Origin, Cruelty-Free Nail Lacquer, 0.5 fl oz.</p><p>$12.99 ($25.98 / Fl Oz)</p><a href="https://www.amazon.com/dp/B0987JZSP8?tag=eloabder-20&linkCode=osi&th=1&psc=1">View Product</a></div><div class="product"><a href="https://www.amazon.com/dp/B00GXVVDG0?tag=eloabder-20&linkCode=osi&th=1&psc=1"><img src="https://m.media-amazon.com/images/I/21vF-y2FfJL._SL500_.jpg" alt="Product Image"></a><p>Essie Nail Polish, Salon-Quality, 8-free Vegan, Finish, Mademoiselle, 0.46 Ounces (Packaging May Vary) Sheer Pink</p><p>$8.97</p><a href="https://www.amazon.com/dp/B00GXVVDG0?tag=eloabder-20&linkCode=osi&th=1&psc=1">View Product</a></div><div class="product"><a href="https://www.amazon.com/dp/B00149RO2S?tag=eloabder-20&linkCode=osi&th=1&psc=1"><img src="https://m.media-amazon.com/images/I/411K8WtBjML._SL500_.jpg" alt="Product Image"></a><p>OPI Nail Lacquer, Black Cherry Chutney, Red Nail Polish, 0.5 fl oz</p><p>$11.99 ($23.98 / Fl Oz)</p><a href="https://www.amazon.com/dp/B00149RO2S?tag=eloabder-20&linkCode=osi&th=1&psc=1">View Product</a></div>
<div class="product"><a href="https://www.amazon.com/dp/B07TLZDSWR?tag=eloabder-20&linkCode=osi&th=1&psc=1"><img src="https://m.media-amazon.com/images/I/31lsbbYkXFL._SL500_.jpg" alt="Product Image"></a><p>Pronto 100% Pure Acetone - Quick, Professional Nail Polish Remover - For Natural, Gel, Acrylic, Sculptured Nails (8 FL. OZ.)</p><p>$9.99 ($1.25 / Fl Oz)</p><a href="https://www.amazon.com/dp/B07TLZDSWR?tag=eloabder-20&linkCode=osi&th=1&psc=1">View Product</a></div><div class="product"><a href="https://www.amazon.com/dp/B08N2XBP1D?tag=eloabder-20&linkCode=osi&th=1&psc=1"><img src="https://m.media-amazon.com/images/I/41SDa89WDxL._SL500_.jpg" alt="Product Image"></a><p>Mineral Fusion Nail Polish Remover, 6 fl oz, 2 count</p><p>$16.50</p><a href="https://www.amazon.com/dp/B08N2XBP1D?tag=eloabder-20&linkCode=osi&th=1&psc=1">View Product</a></div><div class="product"><a href="https://www.amazon.com/dp/B004KJ7AGE?tag=eloabder-20&linkCode=osi&th=1&psc=1"><img src="https://m.media-amazon.com/images/I/41jL3jJJEEL._SL500_.jpg" alt="Product Image"></a><p>Super Nail Pure Acetone Polish Remover, 8 Fl Oz</p><p>$6.25</p><a href="https://www.amazon.com/dp/B004KJ7AGE?tag=eloabder-20&linkCode=osi&th=1&psc=1">View Product</a></div><div class="product"><a href="https://www.amazon.com/dp/B0CQLWZGQC?tag=eloabder-20&linkCode=osi&th=1&psc=1"><img src="https://m.media-amazon.com/images/I/51RNLfN+X4L._SL500_.jpg" alt="Product Image"></a><p>Morovan Gel Nail Polish Remover Kit: Gel Polish Remover for Nails with Liquid Latex Tape Peel off Nail Strengthener Cuticle Pusher Quick & Easy Gel Remover for Nails in 3-5 mins No Soaking Or Wrapping</p><p>$9.99</p><a href="https://www.amazon.com/dp/B0CQLWZGQC?tag=eloabder-20&linkCode=osi&th=1&psc=1">View Product</a></div><div class="product"><a href="https://www.amazon.com/dp/B09Z2V94LY?tag=eloabder-20&linkCode=osi&th=1&psc=1"><img src="https://m.media-amazon.com/images/I/41aI3wwnE3L._SL500_.jpg" alt="Product Image"></a><p>Gel Nail Polish Remover 1pcs, Professional Gel Polish Remover for Nails, No Need for Foil, Quick & Easy Polish Remover In 2-3 Minutes, No Need Soaking Or Wrapping-15ml</p><p>$9.99</p><a href="https://www.amazon.com/dp/B09Z2V94LY?tag=eloabder-20&linkCode=osi&th=1&psc=1">View Product</a></div><div class="product"><a href="https://www.amazon.com/dp/B07STW4VR3?tag=eloabder-20&linkCode=osi&th=1&psc=1"><img src="https://m.media-amazon.com/images/I/41H-8Xsu7OL._SL500_.jpg" alt="Product Image"></a><p>Butter LONDON Nail Polish Remover Pads, Nail Scrubbers (10 Count) - 2-in-1 Prep & Lacquer Remover Nail Wipes - Travel-Friendly Gel Fingernail Polish Remover - Cruelty-Free, Paraben-Free & Gluten-Free</p><p>$10.00 ($1.00 / Count)</p><a href="https://www.amazon.com/dp/B07STW4VR3?tag=eloabder-20&linkCode=osi&th=1&psc=1">View Product</a></div><div class="product"><a href="https://www.amazon.com/dp/B001DTZK0C?tag=eloabder-20&linkCode=osi&th=1&psc=1"><img src="https://m.media-amazon.com/images/I/31H2xmoYh2L._SL500_.jpg" alt="Product Image"></a><p>ZOYA Remove Plus 3 in 1 Formula - Liquid Polish Remover, Nail Cleaner, Nail Prep, 8 Fl Oz</p><p>$12.00 ($1.50 / Fl Oz)</p><a href="https://www.amazon.com/dp/B001DTZK0C?tag=eloabder-20&linkCode=osi&th=1&psc=1">View Product</a></div>
<div class="product"><a href="https://www.amazon.com/dp/B07F12SZDS?tag=eloabder-20&linkCode=osi&th=1&psc=1"><img src="https://m.media-amazon.com/images/I/415-o2OwWqL._SL500_.jpg" alt="Product Image"></a><p>Beetles 2 Pcs 15ml No Wipe Gel Top Coat and Base Coat Set - Shine Finish and Long Lasting, Soak Off LED Nail Lamp Gel Base Top Coat Finish Nail Art Design Manicure Gifts for Women</p><p>$7.99</p><a href="https://www.amazon.com/dp/B07F12SZDS?tag=eloabder-20&linkCode=osi&th=1&psc=1">View Product</a></div><div class="product"><a href="https://www.amazon.com/dp/B004220C6E?tag=eloabder-20&linkCode=osi&th=1&psc=1"><img src="https://m.media-amazon.com/images/I/41UDx4gfvEL._SL500_.jpg" alt="Product Image"></a><p>OPI Natural Nail Base Coat, Nail Polish Base Coat, 0.5 fl oz</p><p>$11.99 ($23.98 / Fl Oz)</p><a href="https://www.amazon.com/dp/B004220C6E?tag=eloabder-20&linkCode=osi&th=1&psc=1">View Product</a></div><div class="product"><a href="https://www.amazon.com/dp/B07KYNY7C4?tag=eloabder-20&linkCode=osi&th=1&psc=1"><img src="https://m.media-amazon.com/images/I/41nRG35oupL._SL500_.jpg" alt="Product Image"></a><p>essie nail care, vegan, clear base coat, strengthener, Strong Start, 0.46 fl oz</p><p>$9.28</p><a href="https://www.amazon.com/dp/B07KYNY7C4?tag=eloabder-20&linkCode=osi&th=1&psc=1">View Product</a></div><div class="product"><a href="https://www.amazon.com/dp/B0BX77172B?tag=eloabder-20&linkCode=osi&th=1&psc=1"><img src="https://m.media-amazon.com/images/I/41NS6hYFFYL._SL500_.jpg" alt="Product Image"></a><p>beetles Gel Polish Gel No Wipe Base Coat,15ml for Gel Nail Polish Soak Off LED Nail Lamp Gel Base Coat Upgraded Formula Long-Lasting DIY Home and Nail Salon</p><p>$6.99 ($13.71 / Fl Oz)</p><a href="https://www.amazon.com/dp/B0BX77172B?tag=eloabder-20&linkCode=osi&th=1&psc=1">View Product</a></div><div class="product"><a href="https://www.amazon.com/dp/B0BD4MMFVM?tag=eloabder-20&linkCode=osi&th=1&psc=1"><img src="https://m.media-amazon.com/images/I/414wIShbm+L._SL500_.jpg" alt="Product Image"></a><p>GAOY 16ml 2 Pcs Glassy Gel Top Coat and Base Coat Set,No Wipe Foundation Combination for UV Light Cure Nail Polish</p><p>$6.99</p><a href="https://www.amazon.com/dp/B0BD4MMFVM?tag=eloabder-20&linkCode=osi&th=1&psc=1">View Product</a></div><div class="product"><a href="https://www.amazon.com/dp/B08Z7JSXQ1?tag=eloabder-20&linkCode=osi&th=1&psc=1"><img src="https://m.media-amazon.com/images/I/41+02CKnU7L._SL500_.jpg" alt="Product Image"></a><p>modelones 2024 Upgrade Super Shiny Gel Top Coat, 15ml No Wipe Clear Glossy Gel Base and Top Coat Set, Soak Off Nail Lamp Acid Free Base Top Gel Nail Polish Starter Kit</p><p>$6.35</p><a href="https://www.amazon.com/dp/B08Z7JSXQ1?tag=eloabder-20&linkCode=osi&th=1&psc=1">View Product</a></div><div class="product"><a href="https://www.amazon.com/dp/B00770JW9Q?tag=eloabder-20&linkCode=osi&th=1&psc=1"><img src="https://m.media-amazon.com/images/I/41l5O38NktL._SL500_.jpg" alt="Product Image"></a><p>Seche Clear and Seche Vite, Base Coat and Top Coat for Nail Polish</p><p>$9.99</p><a href="https://www.amazon.com/dp/B00770JW9Q?tag=eloabder-20&linkCode=osi&th=1&psc=1">View Product</a></div><div class="product"><a href="https://www.amazon.com/dp/B07FXR67KP?tag=eloabder-20&linkCode=osi&th=1&psc=1"><img src="https://m.media-amazon.com/images/I/41TDlHtLVPL._SL500_.jpg" alt="Product Image"></a><p>Vishine 15ml No Wipe Top Coat Base Coat Soak off UV LED Drying Long Lasting Shiny Nail Varnish Set</p><p>$8.99</p><a href="https://www.amazon.com/dp/B07FXR67KP?tag=eloabder-20&linkCode=osi&th=1&psc=1">View Product</a></div><div class="product"><a href="https://www.amazon.com/dp/B000VUT39S?tag=eloabder-20&linkCode=osi&th=1&psc=1"><img src="https://m.media-amazon.com/images/I/31XB8+yUKnL._SL500_.jpg" alt="Product Image"></a><p>Orly Base Nail Coat, Bonder, 0.6 Ounce</p><p>$8.00 ($13.33 / Fl Oz)</p><a href="https://www.amazon.com/dp/B000VUT39S?tag=eloabder-20&linkCode=osi&th=1&psc=1">View Product</a></div>
<div class="product"><a href="https://www.amazon.com/dp/B08VZ6VSJ5?tag=eloabder-20&linkCode=osi&th=1&psc=1"><img src="https://m.media-amazon.com/images/I/317piUMa1pL._SL500_.jpg" alt="Product Image"></a><p>KUPA GelFinity - Soak Off Gel - Top Coat Glossy Finish (No-Wipe) 0.5 Fl Oz</p><p>$7.79 ($15.58 / Fl Oz)</p><a href="https://www.amazon.com/dp/B08VZ6VSJ5?tag=eloabder-20&linkCode=osi&th=1&psc=1">View Product</a></div><div class="product"><a href="https://www.amazon.com/dp/B0CHBB9S4J?tag=eloabder-20&linkCode=osi&th=1&psc=1"><img src="https://m.media-amazon.com/images/I/41qRu1votRL._SL500_.jpg" alt="Product Image"></a><p>beetles Gel Polish 2Pcs 15ml No Wipe Top Coat High Gloss Shiny Long-Lasting Clear Gel Top Coat, Soak Off Nail Lamp Nail Gel, Home DIY Professional Manicure and Nail Salon</p><p>$9.98 ($9.78 / Fl Oz)</p><a href="https://www.amazon.com/dp/B0CHBB9S4J?tag=eloabder-20&linkCode=osi&th=1&psc=1">View Product</a></div><div class="product"><a href="https://www.amazon.com/dp/B07FG7ZVFF?tag=eloabder-20&linkCode=osi&th=1&psc=1"><img src="https://m.media-amazon.com/images/I/41zWBPeG5RL._SL500_.jpg" alt="Product Image"></a><p>beetles Gel Polish No Wipe Gel Top Coat - Clear Color Gel Shine Finish and Long Lasting, Soak Off Nail Lamp Gel, 15ml Gift for Girls</p><p>$6.99 ($13.71 / Fl Oz)</p><a href="https://www.amazon.com/dp/B07FG7ZVFF?tag=eloabder-20&linkCode=osi&th=1&psc=1">View Product</a></div><div class="product"><a href="https://www.amazon.com/dp/B08J9WZB29?tag=eloabder-20&linkCode=osi&th=1&psc=1"><img src="https://m.media-amazon.com/images/I/31WQqYx1BLL._SL500_.jpg" alt="Product Image"></a><p>Vishine Top Coat- 15ML No Wipe Top Coat Gel Nail Polish High Gloss Shine Finish Long Lasting Home DIY Professional Manicure</p><p>$6.99 ($13.98 / Fl Oz)</p><a href="https://www.amazon.com/dp/B08J9WZB29?tag=eloabder-20&linkCode=osi&th=1&psc=1">View Product</a></div><div class="product"><a href="https://www.amazon.com/dp/B00178VX50?tag=eloabder-20&linkCode=osi&th=1&psc=1"><img src="https://m.media-amazon.com/images/I/31MWdGSTydL._SL500_.jpg" alt="Product Image"></a><p>OPI Top Coat, Protective High Gloss Shine Nail Polish Top Coat, 0.5 fl oz</p><p>$11.99 ($0.80 / millilitre)</p><a href="https://www.amazon.com/dp/B00178VX50?tag=eloabder-20&linkCode=osi&th=1&psc=1">View Product</a></div><div class="product"><a href="https://www.amazon.com/dp/B00150LT40?tag=eloabder-20&linkCode=osi&th=1&psc=1"><img src="https://m.media-amazon.com/images/I/410pKBFvS9L._SL500_.jpg" alt="Product Image"></a><p>Seche Vite Dry Fast Top Coat - .5 fl oz</p><p>$7.05</p><a href="https://www.amazon.com/dp/B00150LT40?tag=eloabder-20&linkCode=osi&th=1&psc=1">View Product</a></div>
<div class="product"><a href="https://www.amazon.com/dp/B000052WZD?tag=eloabder-20&linkCode=osi&th=1&psc=1"><img src="https://m.media-amazon.com/images/I/31neIP1eUnL._SL500_.jpg" alt="Product Image"></a><p>Trim Nail Files, 2 Count – Dual-Sided Nail Board with 280/320 Grit – Cushioned, Easy Grip for Comfortable Use – Emery Boards for Smoothing & Finishing Nails</p><p>$1.89 ($0.94 / Count)</p><a href="https://www.amazon.com/dp/B000052WZD?tag=eloabder-20&linkCode=osi&th=1&psc=1">View Product</a></div><div class="product"><a href="https://www.amazon.com/dp/B007242LWC?tag=eloabder-20&linkCode=osi&th=1&psc=1"><img src="https://m.media-amazon.com/images/I/41+E1EwskpS._SL500_.jpg" alt="Product Image"></a><p>3 Swords Germany - Brand Quality Double Sided (fine & coarse) Sapphire Metal Pocket Nail File (1 Piece), Made in Solingen Germany</p><p>$9.95</p><a href="https://www.amazon.com/dp/B007242LWC?tag=eloabder-20&linkCode=osi&th=1&psc=1">View Product</a></div><div class="product"><a href="https://www.amazon.com/dp/B0017KCQ2W?tag=eloabder-20&linkCode=osi&th=1&psc=1"><img src="https://m.media-amazon.com/images/I/21bzfUjSMwL._SL500_.jpg" alt="Product Image"></a><p>Revlon Nail Buffer, Gifts for Women, Stocking Stuffers, Shape 'N' Buff Nail File & Buffer, Nail Care Tool, All-in-One Shaping & Buffing, Easy to Use (Pack of 1)</p><p>$3.76</p><a href="https://www.amazon.com/dp/B0017KCQ2W?tag=eloabder-20&linkCode=osi&th=1&psc=1">View Product</a></div>
<div class="product"><a href="https://www.amazon.com/dp/B07M5RNH4Z?tag=eloabder-20&linkCode=osi&th=1&psc=1"><img src="https://m.media-amazon.com/images/I/41VsLZvsbKL._SL500_.jpg" alt="Product Image"></a><p>HAWATOUR Nail Clippers Set, Ultra Sharp Sturdy Fingernail and Toenail Clipper Cutters with Visibly Tin Case, Black</p><p>$9.97</p><a href="https://www.amazon.com/dp/B07M5RNH4Z?tag=eloabder-20&linkCode=osi&th=1&psc=1">View Product</a></div><div class="product"><a href="https://www.amazon.com/dp/B0015HKN3G?tag=eloabder-20&linkCode=osi&th=1&psc=1"><img src="https://m.media-amazon.com/images/I/31Y23jebqxL._SL500_.jpg" alt="Product Image"></a><p>Revlon Nail Clipper, Gifts for Men & Women, Stocking Stuffers, Nail Care Tools, Curved Blade & Foldaway Nail File for Trimming & Grooming, Easy to Use (Pack of 1)</p><p>$2.98</p><a href="https://www.amazon.com/dp/B0015HKN3G?tag=eloabder-20&linkCode=osi&th=1&psc=1">View Product</a></div><div class="product"><a href="https://www.amazon.com/dp/B00CRMHEJE?tag=eloabder-20&linkCode=osi&th=1&psc=1"><img src="https://m.media-amazon.com/images/I/41UM1wHFbiL._SL500_.jpg" alt="Product Image"></a><p>Tweezerman Stainless Steel Nail Combo Set with Fingernail and Toenail Clippers</p><p>$11.98</p><a href="https://www.amazon.com/dp/B00CRMHEJE?tag=eloabder-20&linkCode=osi&th=1&psc=1">View Product</a></div><div class="product"><a href="https://www.amazon.com/dp/B09VPM99J8?tag=eloabder-20&linkCode=osi&th=1&psc=1"><img src="https://m.media-amazon.com/images/I/31t5pEdSClL._SL500_.jpg" alt="Product Image"></a><p>Amazon Basics Nail Clippers 2-Pack, Black</p><p>$5.18</p><a href="https://www.amazon.com/dp/B09VPM99J8?tag=eloabder-20&linkCode=osi&th=1&psc=1">View Product</a></div><div class="product"><a href="https://www.amazon.com/dp/B004NZDY42?tag=eloabder-20&linkCode=osi&th=1&psc=1"><img src="https://m.media-amazon.com/images/I/31ehL-AtFBL._SL500_.jpg" alt="Product Image"></a><p>Revlon Mini Nail Clipper, Nail Care Tools, Curved Blade for Trimming & Grooming, Easy to Use (Pack of 1)</p><p>$2.98</p><a href="https://www.amazon.com/dp/B004NZDY42?tag=eloabder-20&linkCode=osi&th=1&psc=1">View Product</a></div>

<div class="product"><a href="https://www.amazon.com/dp/B0037O2J7I?tag=eloabder-20&linkCode=osi&th=1&psc=1"><img src="https://m.media-amazon.com/images/I/31fwHgXkJ7L._SL500_.jpg" alt="Product Image"></a><p>4 Way Shiny Block / 4 Step Buffing Block Shine Nail Buffer</p><p>$3.99 ($3.99 / Count)</p><a href="https://www.amazon.com/dp/B0037O2J7I?tag=eloabder-20&linkCode=osi&th=1&psc=1">View Product</a></div>

<div class="product"><a href="https://www.amazon.com/dp/B0BRRLF5N6?tag=eloabder-20&linkCode=osi&th=1&psc=1"><img src="https://m.media-amazon.com/images/I/51YW58bcDsL._SL500_.jpg" alt="Product Image"></a><p>Foot Soak Set Pedicure Kit Foot Spa Callus Remover for Feet Cuticle Remover Foot File for Dead Skin Pink Salt Urea Cream for Feet Aloe Lavender Pedicure Supplies Dry Cracked Feet for Women Men</p><p>$15.99</p><a href="https://www.amazon.com/dp/B0BRRLF5N6?tag=eloabder-20&linkCode=osi&th=1&psc=1">View Product</a></div><div class="product"><a href="https://www.amazon.com/dp/B09JWMBYJN?tag=eloabder-20&linkCode=osi&th=1&psc=1"><img src="https://m.media-amazon.com/images/I/51FgTeeSJKL._SL500_.jpg" alt="Product Image"></a><p>nbc BeautiLab Pedicure Kit Foot Soak Set: Bubble Salt, Sugar Scrub, Massage Mask, Massage Lotion in a Box, 4 Step Foot Spa Kit for Dry Feet, Softens Calluses, Tired Feet（3 Set Lavender)</p><p>$16.99 ($1.42 / Ounce)</p><a href="https://www.amazon.com/dp/B09JWMBYJN?tag=eloabder-20&linkCode=osi&th=1&psc=1">View Product</a></div>
<div class="product"><a href="https://www.amazon.com/dp/B07BHCB9Y2?tag=eloabder-20&linkCode=osi&th=1&psc=1"><img src="https://m.media-amazon.com/images/I/51V47D7WZ1L._SL500_.jpg" alt="Product Image"></a><p>PURA D'OR Anti-Thinning Biotin Shampoo & Deep Moisturizing Conditioner Original Gold Label Set (16Oz x2) Natural Earthy Scent, Clinically Tested Proven Results, DHT Blocker Thickening, For Women & Men</p><p>$39.99 ($1.25 / Fl Oz)</p><a href="https://www.amazon.com/dp/B07BHCB9Y2?tag=eloabder-20&linkCode=osi&th=1&psc=1">View Product</a></div><div class="product"><a href="https://www.amazon.com/dp/B07N7MWX72?tag=eloabder-20&linkCode=osi&th=1&psc=1"><img src="https://m.media-amazon.com/images/I/414aNTDFuRL._SL500_.jpg" alt="Product Image"></a><p>Mielle Organics Rosemary Mint Strengthening Shampoo Infused with Biotin, Cleanses and Helps Strengthen Weak and Brittle Hair, 12 Ounces</p><p>$9.97 ($0.83 / Fl Oz)</p><a href="https://www.amazon.com/dp/B07N7MWX72?tag=eloabder-20&linkCode=osi&th=1&psc=1">View Product</a></div><div class="product"><a href="https://www.amazon.com/dp/B08SSM21R4?tag=eloabder-20&linkCode=osi&th=1&psc=1"><img src="https://m.media-amazon.com/images/I/31WbRm+ZKEL._SL500_.jpg" alt="Product Image"></a><p>Redken All Soft Shampoo | Deeply Moisturizes and Hydrates | Softens, Smooths, and Adds Shine | Safe for Color-Treated Hair | Nourishing Shampoo for Dry Hair | With Argan Oil</p><p>$26.00 ($2.57 / Fl Oz)</p><a href="https://www.amazon.com/dp/B08SSM21R4?tag=eloabder-20&linkCode=osi&th=1&psc=1">View Product</a></div><div class="product"><a href="https://www.amazon.com/dp/B00ADRH2OM?tag=eloabder-20&linkCode=osi&th=1&psc=1"><img src="https://m.media-amazon.com/images/I/413WPcPNDbL._SL500_.jpg" alt="Product Image"></a><p>OGX Thick & Full + Biotin & Collagen Volumizing Shampoo, Nutrient-Infused Hair Shampoo with Vitamin B7 Biotin Gives Hair Volume & Body for 72+ Hours, Sulfate-Free Surfactants, 13 fl. oz</p><p>$6.97 ($0.54 / Fl Oz)</p><a href="https://www.amazon.com/dp/B00ADRH2OM?tag=eloabder-20&linkCode=osi&th=1&psc=1">View Product</a></div><div class="product"><a href="https://www.amazon.com/dp/B01ENCBOA0?tag=eloabder-20&linkCode=osi&th=1&psc=1"><img src="https://m.media-amazon.com/images/I/41wcbs9bSAL._SL500_.jpg" alt="Product Image"></a><p>Rosemary and Biotin Shampoo for Thinning Hair - Vegan Volumizing Shampoo for Fine Hair with Argan and Tea Tree Oil - Paraben Silicone and Sulfate Free Shampoo for Dry Damaged Weak and Thin Hair Care</p><p>$12.95 ($1.62 / Fl Oz)</p><a href="https://www.amazon.com/dp/B01ENCBOA0?tag=eloabder-20&linkCode=osi&th=1&psc=1">View Product</a></div><div class="product"><a href="https://www.amazon.com/dp/B00FH692PQ?tag=eloabder-20&linkCode=osi&th=1&psc=1"><img src="https://m.media-amazon.com/images/I/41Sqc25WpzL._SL500_.jpg" alt="Product Image"></a><p>PURA D'OR Original Gold Label Anti-Thinning Biotin Shampoo Natural Earthy Scent, Clinically Tested Proven Results, Herbal DHT Blocker Hair Thickening Products For Women & Men, Color Treated Hair, 16oz</p><p>$29.99 ($1.87 / Fl Oz)</p><a href="https://www.amazon.com/dp/B00FH692PQ?tag=eloabder-20&linkCode=osi&th=1&psc=1">View Product</a></div><div class="product"><a href="https://www.amazon.com/dp/B07D37PQGL?tag=eloabder-20&linkCode=osi&th=1&psc=1"><img src="https://m.media-amazon.com/images/I/31+tZhs5TNL._SL500_.jpg" alt="Product Image"></a><p>Olaplex No. 4 Bond Maintenance Shampoo, Repairs, Strengthens, & Nourishes All Hair Types, Adds Shine & Leaves Hair Feeling Soft, 8.5 fl oz</p><p>$30.00 ($3.53 / Fl Oz)</p><a href="https://www.amazon.com/dp/B07D37PQGL?tag=eloabder-20&linkCode=osi&th=1&psc=1">View Product</a></div><div class="product"><a href="https://www.amazon.com/dp/B07525QJC8?tag=eloabder-20&linkCode=osi&th=1&psc=1"><img src="https://m.media-amazon.com/images/I/31Zl6Upjq4S._SL500_.jpg" alt="Product Image"></a><p>L'Oreal Paris Elvive Total Repair 5 Repairing Shampoo for Damaged Hair Shampoo with Protein and Ceramide for Strong Silky Shiny Healthy Renewed Hair 28 Fl Oz</p><p>$7.68 ($0.27 / Fl Oz)</p><a href="https://www.amazon.com/dp/B07525QJC8?tag=eloabder-20&linkCode=osi&th=1&psc=1">View Product</a></div><div class="product"><a href="https://www.amazon.com/dp/B0098QPV3I?tag=eloabder-20&linkCode=osi&th=1&psc=1"><img src="https://m.media-amazon.com/images/I/31OzU+ogltL._SL500_.jpg" alt="Product Image"></a><p>Moroccanoil Hydrating Shampoo, 8.5 Fl. Oz.</p><p>$26.00 ($3.06 / Fl Oz)</p><a href="https://www.amazon.com/dp/B0098QPV3I?tag=eloabder-20&linkCode=osi&th=1&psc=1">View Product</a></div><div class="product"><a href="https://www.amazon.com/dp/B07HMK15G9?tag=eloabder-20&linkCode=osi&th=1&psc=1"><img src="https://m.media-amazon.com/images/I/31Tdk9qdj7L._SL500_.jpg" alt="Product Image"></a><p>Aveeno Fresh Greens Blend Natural Volumizing Shampoo, Cucumber, Rosemary, for Fine Hair, 12 fl oz</p><p>$8.12 ($0.68 / Ounce)</p><a href="https://www.amazon.com/dp/B07HMK15G9?tag=eloabder-20&linkCode=osi&th=1&psc=1">View Product</a></div>
<div class="product"><a href="https://www.amazon.com/dp/B0752CBW5T?tag=eloabder-20&linkCode=osi&th=1&psc=1"><img src="https://m.media-amazon.com/images/I/31-KMa7LAlS._SL500_.jpg" alt="Product Image"></a><p>L'Oreal Paris Elvive Total Repair 5 Repairing Conditioner for Damaged Hair Conditioner with Protein and Ceramide for Strong Silky Shiny Healthy Renewed Hair 28 Fl Oz</p><p>$8.49 ($0.30 / Fl Oz)</p><a href="https://www.amazon.com/dp/B0752CBW5T?tag=eloabder-20&linkCode=osi&th=1&psc=1">View Product</a></div><div class="product"><a href="https://www.amazon.com/dp/B07CLD17F5?tag=eloabder-20&linkCode=osi&th=1&psc=1"><img src="https://m.media-amazon.com/images/I/61hTHQjDOkL._SL500_.jpg" alt="Product Image"></a><p>Dove Ultra Care Conditioner Coconut & Hydration for Dry Hair Conditioner with Coconut Oil, Jojoba Oil & Sweet Almond Oil 25.4 oz</p><p>$7.49 ($0.29 / Fl Oz)</p><a href="https://www.amazon.com/dp/B07CLD17F5?tag=eloabder-20&linkCode=osi&th=1&psc=1">View Product</a></div><div class="product"><a href="https://www.amazon.com/dp/B0098QQ88U?tag=eloabder-20&linkCode=osi&th=1&psc=1"><img src="https://m.media-amazon.com/images/I/31kA4N9VngL._SL500_.jpg" alt="Product Image"></a><p>Moroccanoil Hydrating Conditioner, 8.5 Fl Oz</p><p>$26.00 ($3.10 / Fl Oz)</p><a href="https://www.amazon.com/dp/B0098QQ88U?tag=eloabder-20&linkCode=osi&th=1&psc=1">View Product</a></div><div class="product"><a href="https://www.amazon.com/dp/B07D37SBHF?tag=eloabder-20&linkCode=osi&th=1&psc=1"><img src="https://m.media-amazon.com/images/I/31ivDW-ouZL._SL500_.jpg" alt="Product Image"></a><p>Olaplex No. 5 Bond Maintenance Conditioner, Repairs, Strengthens, & Nourishes All Hair Types, Leaving Hair Feeling Soft & Adds Shine, 8.5 fl oz"</p><p>$30.00 ($3.53 / Fl Oz)</p><a href="https://www.amazon.com/dp/B07D37SBHF?tag=eloabder-20&linkCode=osi&th=1&psc=1">View Product</a></div><div class="product"><a href="https://www.amazon.com/dp/B07NR2B9HS?tag=eloabder-20&linkCode=osi&th=1&psc=1"><img src="https://m.media-amazon.com/images/I/51pWHfe9iNL._SL500_.jpg" alt="Product Image"></a><p>Aussie 3 Minute Miracle Moist Deep Conditioner for Dry Hair, Avocado & Jojoba Oil, Safe for Color Treated Hair, Nourishing Hydration, Silky Shine, Paraben-Free, 16 Fl Oz Each, Triple Pack</p><p>$20.97 ($0.44 / Fl Oz)</p><a href="https://www.amazon.com/dp/B07NR2B9HS?tag=eloabder-20&linkCode=osi&th=1&psc=1">View Product</a></div><div class="product"><a href="https://www.amazon.com/dp/B0891BBRHW?tag=eloabder-20&linkCode=osi&th=1&psc=1"><img src="https://m.media-amazon.com/images/I/31ndDwe7VSL._SL500_.jpg" alt="Product Image"></a><p>Pureology Hydrate Moisturizing Conditioner | Softens and Deeply Hydrates Dry Hair | For Medium to Thick Color Treated or Natural Hair | Sulfate Free Conditioner | Vegan</p><p>$37.00 ($4.11 / Fl Oz)</p><a href="https://www.amazon.com/dp/B0891BBRHW?tag=eloabder-20&linkCode=osi&th=1&psc=1">View Product</a></div><div class="product"><a href="https://www.amazon.com/dp/B00I32AN4K?tag=eloabder-20&linkCode=osi&th=1&psc=1"><img src="https://m.media-amazon.com/images/I/51KpmxinYYL._SL500_.jpg" alt="Product Image"></a><p>Arvazallia Hydrating Argan Oil Hair Mask and Deep Conditioner for Dry or Damaged Hair - 8.45 Oz</p><p>$12.95 ($1.53 / Fl Oz)</p><a href="https://www.amazon.com/dp/B00I32AN4K?tag=eloabder-20&linkCode=osi&th=1&psc=1">View Product</a></div><div class="product"><a href="https://www.amazon.com/dp/B092PVHFL3?tag=eloabder-20&linkCode=osi&th=1&psc=1"><img src="https://m.media-amazon.com/images/I/31v45qQhKOL._SL500_.jpg" alt="Product Image"></a><p>MONDAY HAIRCARE Moisture Conditioner 12oz for Dry, Coarse, Stressed, Coily and Curly Hair, Made from Coconut Oil, Rice Protein, Shea Butter, & Vitamin E, 100% Recyclable Bottles (350ml) (10434)</p><p>$6.97 ($0.58 / Fl Oz)</p><a href="https://www.amazon.com/dp/B092PVHFL3?tag=eloabder-20&linkCode=osi&th=1&psc=1">View Product</a></div><div class="product"><a href="https://www.amazon.com/dp/B00OVQO66S?tag=eloabder-20&linkCode=osi&th=1&psc=1"><img src="https://m.media-amazon.com/images/I/61S7x6GUaFL._SL500_.jpg" alt="Product Image"></a><p>SheaMoisture Conditioner Intensive Hydration for Dry, Damaged Hair Manuka Honey and Mafura Oil to Nourish and Soften Hair 13 oz</p><p>$9.68 ($0.74 / Fl Oz)</p><a href="https://www.amazon.com/dp/B00OVQO66S?tag=eloabder-20&linkCode=osi&th=1&psc=1">View Product</a></div><div class="product"><a href="https://www.amazon.com/dp/B08BTKN3P9?tag=eloabder-20&linkCode=osi&th=1&psc=1"><img src="https://m.media-amazon.com/images/I/41sjzOJHhiL._SL500_.jpg" alt="Product Image"></a><p>TRESemmé Conditioner Moisture Rich 3 Count for Dry Hair Professional Quality Salon-Healthy Look and Shine Moisture Rich Formulated with Vitamin E and Biotin 28 oz</p><p>$16.80 ($0.20 / Fl Oz)</p><a href="https://www.amazon.com/dp/B08BTKN3P9?tag=eloabder-20&linkCode=osi&th=1&psc=1">View Product</a></div>
<div class="product"><a href="https://www.amazon.com/dp/B01I2ZQJSG?tag=eloabder-20&linkCode=osi&th=1&psc=1"><img src="https://m.media-amazon.com/images/I/41ctrFUeQAL._SL500_.jpg" alt="Product Image"></a><p>Elizavecca cer-100 collagen coating hair protein treatment 100ml</p><p>$7.40 ($2.19 / Fl Oz)</p><a href="https://www.amazon.com/dp/B01I2ZQJSG?tag=eloabder-20&linkCode=osi&th=1&psc=1">View Product</a></div><div class="product"><a href="https://www.amazon.com/dp/B07H3GBSC3?tag=eloabder-20&linkCode=osi&th=1&psc=1"><img src="https://m.media-amazon.com/images/I/41I862UzKRL._SL500_.jpg" alt="Product Image"></a><p>amika soulfood nourishing Mask, 8 Fl oz</p><p>$34.00 ($4.25 / Fl Oz)</p><a href="https://www.amazon.com/dp/B07H3GBSC3?tag=eloabder-20&linkCode=osi&th=1&psc=1">View Product</a></div><div class="product"><a href="https://www.amazon.com/dp/B075L6BL61?tag=eloabder-20&linkCode=osi&th=1&psc=1"><img src="https://m.media-amazon.com/images/I/41zCFV7oGTL._SL500_.jpg" alt="Product Image"></a><p>Karseell Collagen Hair Treatment Deep Repair Conditioning Argan Oil Collagen Hair Mask Essence for Dry Damaged Hair All Hair Types 16.90 oz 500ml</p><p>$23.00 ($1.36 / Fl Oz)</p><a href="https://www.amazon.com/dp/B075L6BL61?tag=eloabder-20&linkCode=osi&th=1&psc=1">View Product</a></div><div class="product"><a href="https://www.amazon.com/dp/B07N7NBYSP?tag=eloabder-20&linkCode=osi&th=1&psc=1"><img src="https://m.media-amazon.com/images/I/515lD0OXQ+L._SL500_.jpg" alt="Product Image"></a><p>Mielle Organics Rosemary Mint Strengthening Hair Masque, Essential Oil & Biotin Deep Treatment, Miracle Repair for Dry, Damaged, & Frizzy Hair, 12 Ounces</p><p>$9.97 ($0.83 / Ounce)</p><a href="https://www.amazon.com/dp/B07N7NBYSP?tag=eloabder-20&linkCode=osi&th=1&psc=1">View Product</a></div><div class="product"><a href="https://www.amazon.com/dp/B0BQ54DQNM?tag=eloabder-20&linkCode=osi&th=1&psc=1"><img src="https://m.media-amazon.com/images/I/41uhtWPJeuL._SL500_.jpg" alt="Product Image"></a><p>Eva NYC Therapy Session Hair Mask, Deep Conditioning Hair Mask Infused with Argan Oil and Plant Protein, 16.9 fl oz</p><p>$19.00 ($1.12 / Fl Oz)</p><a href="https://www.amazon.com/dp/B0BQ54DQNM?tag=eloabder-20&linkCode=osi&th=1&psc=1">View Product</a></div><div class="product"><a href="https://www.amazon.com/dp/B09HR5KSR8?tag=eloabder-20&linkCode=osi&th=1&psc=1"><img src="https://m.media-amazon.com/images/I/51aIw6AhsXL._SL500_.jpg" alt="Product Image"></a><p>K18 Mini Leave-In Molecular Hair Mask, Repairs Dry or Damaged Hair, Reverse Hair Damage from Bleach, Color, Chemical Services & Heat, 0.51 Fl Oz</p><p>$29.00 ($56.86 / Fl Oz)</p><a href="https://www.amazon.com/dp/B09HR5KSR8?tag=eloabder-20&linkCode=osi&th=1&psc=1">View Product</a></div><div class="product"><a href="https://www.amazon.com/dp/B07M7PP9KX?tag=eloabder-20&linkCode=osi&th=1&psc=1"><img src="https://m.media-amazon.com/images/I/41Mpv3wIxEL._SL500_.jpg" alt="Product Image"></a><p>Marc Anthony Grow Long Hair Anti-Breakage Mask, 10.4 OZ</p><p>$8.99 ($0.90 / Fl Oz)</p><a href="https://www.amazon.com/dp/B07M7PP9KX?tag=eloabder-20&linkCode=osi&th=1&psc=1">View Product</a></div>
<div class="product"><a href="https://www.amazon.com/dp/B00BC3YL2W?tag=eloabder-20&linkCode=osi&th=1&psc=1"><img src="https://m.media-amazon.com/images/I/31OKo9u6V4L._SL500_.jpg" alt="Product Image"></a><p>HerStyler Hair Repair Serum - Argan Oil, Vitamin E and Aloe Vera Hair Serum for Frizz Control, Shine and Straightening - Coz Love is in the Hair - 2 Fl. Oz., 60 Ml</p><p>$9.99 ($5.00 / Fl Oz)</p><a href="https://www.amazon.com/dp/B00BC3YL2W?tag=eloabder-20&linkCode=osi&th=1&psc=1">View Product</a></div><div class="product"><a href="https://www.amazon.com/dp/B08N9L6C93?tag=eloabder-20&linkCode=osi&th=1&psc=1"><img src="https://m.media-amazon.com/images/I/3184fIylDmL._SL500_.jpg" alt="Product Image"></a><p>Paul Mitchell Super Skinny Serum, Speeds Up Drying Time, Humidity Resistant, For Frizzy Hair, 5.1 fl. oz.</p><p>$28.50 ($5.59 / Fl Oz)</p><a href="https://www.amazon.com/dp/B08N9L6C93?tag=eloabder-20&linkCode=osi&th=1&psc=1">View Product</a></div><div class="product"><a href="https://www.amazon.com/dp/B081JHTPKP?tag=eloabder-20&linkCode=osi&th=1&psc=1"><img src="https://m.media-amazon.com/images/I/31+F0Qz4RUL._SL500_.jpg" alt="Product Image"></a><p>Mise En Scene Perfect Serum Original - Hair Oil for Frizzy & Dry Hair, Hydration and Nutrition Hair Essence for Damage Care, Floral Fragrance, Korean Hair Care Product, Korean Hair Serum 2.71 Fl. Oz.</p><p>$11.20 ($4.15 / Fl Oz)</p><a href="https://www.amazon.com/dp/B081JHTPKP?tag=eloabder-20&linkCode=osi&th=1&psc=1">View Product</a></div><div class="product"><a href="https://www.amazon.com/dp/B09WMT8HYB?tag=eloabder-20&linkCode=osi&th=1&psc=1"><img src="https://m.media-amazon.com/images/I/31poyY3nFGL._SL500_.jpg" alt="Product Image"></a><p>Hair Growth Serum for Men and Women- Vegan Hair Growth Serum Designed for Thinning Hair & Hair Loss- 1 Month-60ml</p><p>$23.40 ($11.70 / Fl Oz)</p><a href="https://www.amazon.com/dp/B09WMT8HYB?tag=eloabder-20&linkCode=osi&th=1&psc=1">View Product</a></div><div class="product"><a href="https://www.amazon.com/dp/B0CJ7ZVDZR?tag=eloabder-20&linkCode=osi&th=1&psc=1"><img src="https://m.media-amazon.com/images/I/51bMtBk0LHL._SL500_.jpg" alt="Product Image"></a><p>MAREE Hair Styling Serum for Frizzy & Dry Hair - Keratin Styling & Moisturizing Oil Capsules with Avocado, Jojoba & Argan Oil - Leave-in Anti Frizz Conditioner with Vitamins A, C, E & B5-30 Capsules</p><p>$17.95 ($5.61 / Fl Oz)</p><a href="https://www.amazon.com/dp/B0CJ7ZVDZR?tag=eloabder-20&linkCode=osi&th=1&psc=1">View Product</a></div><div class="product"><a href="https://www.amazon.com/dp/B07GSZYLGJ?tag=eloabder-20&linkCode=osi&th=1&psc=1"><img src="https://m.media-amazon.com/images/I/41e6dzzvKtL._SL500_.jpg" alt="Product Image"></a><p>HUSSELL Bali Secret Hair Treatment Serum - no Rinse with Argan Macadamia & Avocado Oils - Vitamins A, E, Pro B5 - Conditioner for Women & Men</p><p>$24.75 ($0.62 / Fl Oz)</p><a href="https://www.amazon.com/dp/B07GSZYLGJ?tag=eloabder-20&linkCode=osi&th=1&psc=1">View Product</a></div><div class="product"><a href="https://www.amazon.com/dp/B000P9DS4Q?tag=eloabder-20&linkCode=osi&th=1&psc=1"><img src="https://m.media-amazon.com/images/I/31m7be8mSHL._SL500_.jpg" alt="Product Image"></a><p>John Frieda Anti Frizz, Frizz Ease Extra Strength Hair Serum with Argan Oil, Anti-Humidity Spray for Hair, Nourishing Treatment for Thick, Coarse Hair, 1.69 Oz</p><p>$10.05 ($5.95 / Fl Oz)</p><a href="https://www.amazon.com/dp/B000P9DS4Q?tag=eloabder-20&linkCode=osi&th=1&psc=1">View Product</a></div><div class="product"><a href="https://www.amazon.com/dp/B01456DJ66?tag=eloabder-20&linkCode=osi&th=1&psc=1"><img src="https://m.media-amazon.com/images/I/41hciQXaA0L._SL500_.jpg" alt="Product Image"></a><p>Vitamins Keratin Protein Hair Serum - Anti Frizz Control Hair Oil Repair Treatment - Hair Gloss Shine & Heat Protectant for Frizzy Dry Damaged Hair</p><p>$21.98 ($5.17 / Fl Oz)</p><a href="https://www.amazon.com/dp/B01456DJ66?tag=eloabder-20&linkCode=osi&th=1&psc=1">View Product</a></div>
<div class="product"><a href="https://www.amazon.com/dp/B07VR1NDSQ?tag=eloabder-20&linkCode=osi&th=1&psc=1"><img src="https://m.media-amazon.com/images/I/41z5MLqbvaL._SL500_.jpg" alt="Product Image"></a><p>Olaplex No. 7 Bonding Oil, Concentrated High Shine Oil, Heat Protectant, Visibly Smooths & Softens Hair, Added Color Vibrancy, Up to 72 Hour Frizz Control, For All Hair Types, 1 fl oz</p><p>$30.00 ($29.70 / Fl Oz)</p><a href="https://www.amazon.com/dp/B07VR1NDSQ?tag=eloabder-20&linkCode=osi&th=1&psc=1">View Product</a></div><div class="product"><a href="https://www.amazon.com/dp/B07N7PK9QK?tag=eloabder-20&linkCode=osi&th=1&psc=1"><img src="https://m.media-amazon.com/images/I/416K3ahcJsL._SL500_.jpg" alt="Product Image"></a><p>Mielle Organics Rosemary Mint Scalp & Hair Strengthening Oil for All Hair Types, 2 Ounce</p><p>$9.50 ($4.75 / Fl Oz)</p><a href="https://www.amazon.com/dp/B07N7PK9QK?tag=eloabder-20&linkCode=osi&th=1&psc=1">View Product</a></div><div class="product"><a href="https://www.amazon.com/dp/B0048EZNR4?tag=eloabder-20&linkCode=osi&th=1&psc=1"><img src="https://m.media-amazon.com/images/I/41TwEUHYLCL._SL500_.jpg" alt="Product Image"></a><p>OGX Renewing + Argan Oil of Morocco Penetrating Hair Oil Treatment, Moisturizing & Strengthening Silky Oil for All Hair Types, Paraben-Free, Sulfated-Surfactants Free, 3.3 fl oz</p><p>$7.97 ($2.42 / Fl Oz)</p><a href="https://www.amazon.com/dp/B0048EZNR4?tag=eloabder-20&linkCode=osi&th=1&psc=1">View Product</a></div><div class="product"><a href="https://www.amazon.com/dp/B01MFXDAL8?tag=eloabder-20&linkCode=osi&th=1&psc=1"><img src="https://m.media-amazon.com/images/I/314VC8Iug2L._SL500_.jpg" alt="Product Image"></a><p>OUAI Hair Oil - Hair Heat Protectant Oil for Frizz Control - Adds Hair Shine and Smooths Split Ends - Color Safe Formula - Paraben, Phthalate and Sulfate Free (1.5 oz)</p><p>$30.00 ($20.00 / Fl Oz)</p><a href="https://www.amazon.com/dp/B01MFXDAL8?tag=eloabder-20&linkCode=osi&th=1&psc=1">View Product</a></div><div class="product"><a href="https://www.amazon.com/dp/B005DYJZ7M?tag=eloabder-20&linkCode=osi&th=1&psc=1"><img src="https://m.media-amazon.com/images/I/51NE8LO8FaL._SL500_.jpg" alt="Product Image"></a><p>OGX Extra Strength Argan Oil Hair Treatment, 3.3 fl oz - Deep Moisturizing Serum for Dry, Damaged & Coarse Hair, Paraben & Sulfate-Free</p><p>$7.97 ($2.42 / Fl Oz)</p><a href="https://www.amazon.com/dp/B005DYJZ7M?tag=eloabder-20&linkCode=osi&th=1&psc=1">View Product</a></div><div class="product"><a href="https://www.amazon.com/dp/B000V8MTIC?tag=eloabder-20&linkCode=osi&th=1&psc=1"><img src="https://m.media-amazon.com/images/I/41Y-cvRBYHL._SL500_.jpg" alt="Product Image"></a><p>Wild Growth Hair Oil 4 Oz</p><p>$9.44 ($2.36 / Fl Oz)</p><a href="https://www.amazon.com/dp/B000V8MTIC?tag=eloabder-20&linkCode=osi&th=1&psc=1">View Product</a></div><div class="product"><a href="https://www.amazon.com/dp/B0CNFF26B4?tag=eloabder-20&linkCode=osi&th=1&psc=1"><img src="https://m.media-amazon.com/images/I/61IXl4BycFL._SL500_.jpg" alt="Product Image"></a><p>Nexxus Ultra Lightweight Hair Oil Repair & Nourish for Intense Nourishment with StyleProtect Technology & Rose of Jericho Oil 4 oz</p><p>$13.18 ($3.99 / Fl Oz)</p><a href="https://www.amazon.com/dp/B0CNFF26B4?tag=eloabder-20&linkCode=osi&th=1&psc=1">View Product</a></div><div class="product"><a href="https://www.amazon.com/dp/B0D2RSCZBD?tag=eloabder-20&linkCode=osi&th=1&psc=1"><img src="https://m.media-amazon.com/images/I/41YHvQncEYL._SL500_.jpg" alt="Product Image"></a><p>Botanic Hearth 100% Pure Rosemary Oil For Hair Growth Infused With Biotin | Hair strengthening Treatment | Nourishing & Volumizing | With Jojoba Oil & Castor Oil | Non GMO Verified | 2 fl oz</p><p>$8.49 ($4.24 / Fl Oz)</p><a href="https://www.amazon.com/dp/B0D2RSCZBD?tag=eloabder-20&linkCode=osi&th=1&psc=1">View Product</a></div>
<div class="product"><a href="https://www.amazon.com/dp/B076FHJ3K5?tag=eloabder-20&linkCode=osi&th=1&psc=1"><img src="https://m.media-amazon.com/images/I/31QAqxeYpoL._SL500_.jpg" alt="Product Image"></a><p>Marc Anthony Leave-In Conditioner Spray & Detangler, Grow Long Biotin - Anti-Frizz Deep Conditioner For Split Ends & Breakage - Vitamin E, Caffeine & Ginseng for Curly, Dry & Damaged Hair</p><p>$7.67 ($0.91 / Fl Oz)</p><a href="https://www.amazon.com/dp/B076FHJ3K5?tag=eloabder-20&linkCode=osi&th=1&psc=1">View Product</a></div><div class="product"><a href="https://www.amazon.com/dp/B078PJCVSQ?tag=eloabder-20&linkCode=osi&th=1&psc=1"><img src="https://m.media-amazon.com/images/I/41emTjMLCbL._SL500_.jpg" alt="Product Image"></a><p>Garnier Fructis Sleek & Shine Leave-In Conditioning Cream for Frizzy, Dry Hair, Plant Keratin + Argan Oil, 10.2 Fl Oz, 2 Count (Packaging May Vary)</p><p>$8.69 ($4.34 / Count)</p><a href="https://www.amazon.com/dp/B078PJCVSQ?tag=eloabder-20&linkCode=osi&th=1&psc=1">View Product</a></div><div class="product"><a href="https://www.amazon.com/dp/B075PTHVKN?tag=eloabder-20&linkCode=osi&th=1&psc=1"><img src="https://m.media-amazon.com/images/I/41er29CRVVL._SL500_.jpg" alt="Product Image"></a><p>Mielle Organics Pomegranate & Honey Leave-In Conditioner, Moisturizing Curl Primer and Detangler, Repair Damage and Prevent Frizz, Treatment For Thick Curly Hair Type 4 Hair, 12-Fluid Ounces</p><p>$12.95 ($1.08 / Fl Oz)</p><a href="https://www.amazon.com/dp/B075PTHVKN?tag=eloabder-20&linkCode=osi&th=1&psc=1">View Product</a></div><div class="product"><a href="https://www.amazon.com/dp/B0BPR45NX4?tag=eloabder-20&linkCode=osi&th=1&psc=1"><img src="https://m.media-amazon.com/images/I/41ZvxMh2+ML._SL500_.jpg" alt="Product Image"></a><p>Mielle Organics Rosemary Mint Strengthening Leave-In Conditioner, Supports Hair Strength, Smooth Conditioner for Dry and Crinkled Hair, Weightless Hair Treatment</p><p>$9.97 ($0.83 / Fl Oz)</p><a href="https://www.amazon.com/dp/B0BPR45NX4?tag=eloabder-20&linkCode=osi&th=1&psc=1">View Product</a></div><div class="product"><a href="https://www.amazon.com/dp/B0899C98ZD?tag=eloabder-20&linkCode=osi&th=1&psc=1"><img src="https://m.media-amazon.com/images/I/3140FuOEnHL._SL500_.jpg" alt="Product Image"></a><p>Pureology Color Fanatic Leave-in Conditioner Hair Treatment Detangler Spray | Protects Hair Color From Fading | Heat Protectant | Vegan | 6.7 Fl Oz</p><p>$35.00 ($5.22 / Fl Oz)</p><a href="https://www.amazon.com/dp/B0899C98ZD?tag=eloabder-20&linkCode=osi&th=1&psc=1">View Product</a></div><div class="product"><a href="https://www.amazon.com/dp/B002FJ11UW?tag=eloabder-20&linkCode=osi&th=1&psc=1"><img src="https://m.media-amazon.com/images/I/31-cZPtTWFL._SL500_.jpg" alt="Product Image"></a><p>Tea Tree Hair and Body Moisturizer Leave-In Conditioner, Body Lotion, After-Shave Cream, For All Hair + Skin Types, 10.14 fl. oz.</p><p>$22.00 ($2.17 / Fl Oz)</p><a href="https://www.amazon.com/dp/B002FJ11UW?tag=eloabder-20&linkCode=osi&th=1&psc=1">View Product</a></div><div class="product"><a href="https://www.amazon.com/dp/B07B895KND?tag=eloabder-20&linkCode=osi&th=1&psc=1"><img src="https://m.media-amazon.com/images/I/21VKaJcT2wL._SL500_.jpg" alt="Product Image"></a><p>OUAI Leave In Conditioner & Heat Protectant Spray - Prime Hair for Style, Smooth Flyaways, Add Shine and Use as Detangling Spray - No Parabens, Sulfates or Phthalates (4.7 oz)</p><p>$29.99 ($6.38 / Ounce)</p><a href="https://www.amazon.com/dp/B07B895KND?tag=eloabder-20&linkCode=osi&th=1&psc=1">View Product</a></div><div class="product"><a href="https://www.amazon.com/dp/B09HN5ZF8C?tag=eloabder-20&linkCode=osi&th=1&psc=1"><img src="https://m.media-amazon.com/images/I/31p+j7QXuqL._SL500_.jpg" alt="Product Image"></a><p>L’Oréal Paris Sulfate Free Moisture 21-in-1 Leave-In Conditioner for Dry Hair, EverPure, 6.8 fl oz (Packaging May Vary)</p><p>$9.97 ($1.47 / Fl Oz)</p><a href="https://www.amazon.com/dp/B09HN5ZF8C?tag=eloabder-20&linkCode=osi&th=1&psc=1">View Product</a></div><div class="product"><a href="https://www.amazon.com/dp/B07NQLWYXW?tag=eloabder-20&linkCode=osi&th=1&psc=1"><img src="https://m.media-amazon.com/images/I/61gQFsuQ1DL._SL500_.jpg" alt="Product Image"></a><p>SheaMoisture Jamaican Black Castor Oil Leave In Conditioner For Damaged Hair 100% Pure Jamaican Black Castor Oil To Soften And Detangle Hair 11.5oz</p><p>$10.97 ($0.95 / Ounce)</p><a href="https://www.amazon.com/dp/B07NQLWYXW?tag=eloabder-20&linkCode=osi&th=1&psc=1">View Product</a></div><div class="product"><a href="https://www.amazon.com/dp/B01LTIAUAG?tag=eloabder-20&linkCode=osi&th=1&psc=1"><img src="https://m.media-amazon.com/images/I/414cIBskUjL._SL500_.jpg" alt="Product Image"></a><p>Cantu Leave-In Conditioning Repair Cream with Argan Oil, 16 oz (Packaging May Vary)</p><p>$6.48 ($0.40 / Ounce)</p><a href="https://www.amazon.com/dp/B01LTIAUAG?tag=eloabder-20&linkCode=osi&th=1&psc=1">View Product</a></div>

<div class="product"><a href="https://www.amazon.com/dp/B08GSTPT8Y?tag=eloabder-20&linkCode=osi&th=1&psc=1"><img src="https://m.media-amazon.com/images/I/41sX+hKcbML._SL500_.jpg" alt="Product Image"></a><p>AOA Studio Collection makeup Sponge Set Latex Free and High-definition Set of 6 makeup Wonder blender For Powder Cream and Liquid, Super Soft Wonder Beauty Cosmetic</p><p>$9.95 ($1.66 / Count)</p><a href="https://www.amazon.com/dp/B08GSTPT8Y?tag=eloabder-20&linkCode=osi&th=1&psc=1">View Product</a></div><div class="product"><a href="https://www.amazon.com/dp/B0CJFFR574?tag=eloabder-20&linkCode=osi&th=1&psc=1"><img src="https://m.media-amazon.com/images/I/41nkQ05yLcL._SL500_.jpg" alt="Product Image"></a><p>SUNGBOON EDITOR Deep Collagen Overnight Mask 37gx4ea | The real collagen 2,160,000ppb | Facial Hydrogel Masks with low molecular weight collagen for elasticity, firming, and moisturizing</p><p>$19.00 ($4.75 / Count)</p><a href="https://www.amazon.com/dp/B0CJFFR574?tag=eloabder-20&linkCode=osi&th=1&psc=1">View Product</a></div><div class="product"><a href="https://www.amazon.com/dp/B0C4H1GPG1?tag=eloabder-20&linkCode=osi&th=1&psc=1"><img src="https://m.media-amazon.com/images/I/41jyzyKyY2L._SL500_.jpg" alt="Product Image"></a><p>BEAKEY Latex Free Blender Makeup Sponge for Blending, Pink Makeup Sponge Set, Soft Beauty Sponge, for Flawless Application of Liquid, Cream, and Powder Cosmetics, Pink Makeup Gifts</p><p>$6.99 ($1.40 / Count)</p><a href="https://www.amazon.com/dp/B0C4H1GPG1?tag=eloabder-20&linkCode=osi&th=1&psc=1">View Product</a></div><div class="product"><a href="https://www.amazon.com/dp/B0B45LL4DD?tag=eloabder-20&linkCode=osi&th=1&psc=1"><img src="https://m.media-amazon.com/images/I/31ZNIWikbtL._SL500_.jpg" alt="Product Image"></a><p>Beauty of Joseon Revive Eye Serum with Retinal Niacinamide Correction for Puffy Eye Bags Fine Lines Dark Circles Wrinkles, Korean Skin Care 30ml, 1 fl.oz</p><p>$14.93 ($14.93 / Fl Oz)</p><a href="https://www.amazon.com/dp/B0B45LL4DD?tag=eloabder-20&linkCode=osi&th=1&psc=1">View Product</a></div><div class="product"><a href="https://www.amazon.com/dp/B00PBX3L7K?tag=eloabder-20&linkCode=osi&th=1&psc=1"><img src="https://m.media-amazon.com/images/I/31OiAm-FA8L._SL500_.jpg" alt="Product Image"></a><p>COSRX Snail Mucin 96% Power Repairing Essence 3.38 fl.oz 100ml, Hydrating Serum for Face with Snail Secretion Filtrate for Dull Skin & Fine Lines, Korean Skincare</p><p>$14.50 ($4.29 / Fl Oz)</p><a href="https://www.amazon.com/dp/B00PBX3L7K?tag=eloabder-20&linkCode=osi&th=1&psc=1">View Product</a></div><div class="product"><a href="https://www.amazon.com/dp/B00QPNVC0I?tag=eloabder-20&linkCode=osi&th=1&psc=1"><img src="https://m.media-amazon.com/images/I/31wV3gYUEpL._SL500_.jpg" alt="Product Image"></a><p>Real Techniques Miracle Complexion Sponge Set Duo, 2 Makeup Sponges For Liquid & Cream Makeup, Makeup Blender Sponge For Buildable Coverage, Foundation Sponge For Natural, Dewy Base, Latex-Free Foam</p><p>$7.69 ($3.84 / Count)</p><a href="https://www.amazon.com/dp/B00QPNVC0I?tag=eloabder-20&linkCode=osi&th=1&psc=1">View Product</a></div><div class="product"><a href="https://www.amazon.com/dp/B0CZYJYX4Q?tag=eloabder-20&linkCode=osi&th=1&psc=1"><img src="https://m.media-amazon.com/images/I/31hNatkE-9L._SL500_.jpg" alt="Product Image"></a><p>LANEIGE Lip Glowy Balm Mango: Hydrate, Glossy, Lightweight, Moisturize & Tint with Shea Butter</p><p>$19.00 ($54.29 / Ounce)</p><a href="https://www.amazon.com/dp/B0CZYJYX4Q?tag=eloabder-20&linkCode=osi&th=1&psc=1">View Product</a></div><div class="product"><a href="https://www.amazon.com/dp/B0CXQR14J3?tag=eloabder-20&linkCode=osi&th=1&psc=1"><img src="https://m.media-amazon.com/images/I/31RRaB6c+JL._SL500_.jpg" alt="Product Image"></a><p>e.l.f. Power Grip Dewy Setting Spray, Ultra Fine Mist Made With Hyaluronic Acid, Grips Makeup For A Hydrated, Dewy Finish, Vegan & Cruelty-Free</p><p>$10.00 ($3.70 / Fl Oz)</p><a href="https://www.amazon.com/dp/B0CXQR14J3?tag=eloabder-20&linkCode=osi&th=1&psc=1">View Product</a></div><div class="product"><a href="https://www.amazon.com/dp/B0CZF2T7CK?tag=eloabder-20&linkCode=osi&th=1&psc=1"><img src="https://m.media-amazon.com/images/I/41nBLpIw8wL._SL500_.jpg" alt="Product Image"></a><p>L'Oreal Paris Infallible 3-Second Setting Spray Mist, Microfine Mist for up to 36HR Wear, Clear, 1.76 Fl Oz</p><p>$10.98</p><a href="https://www.amazon.com/dp/B0CZF2T7CK?tag=eloabder-20&linkCode=osi&th=1&psc=1">View Product</a></div>
<div class="product"><a href="https://www.amazon.com/dp/B0D3JDYWZ6?tag=eloabder-20&linkCode=osi&th=1&psc=1"><img src="https://m.media-amazon.com/images/I/41c+v1LLXzL._SL500_.jpg" alt="Product Image"></a><p>e.l.f. Soft Glam Foundation, Medium Coverage, Long-Lasting & Buildable Foundation For A Smooth, Satin Finish, Vegan & Cruelty-Free, 31 Medium Neutral</p><p>$7.99</p><a href="https://www.amazon.com/dp/B0D3JDYWZ6?tag=eloabder-20&linkCode=osi&th=1&psc=1">View Product</a></div><div class="product"><a href="https://www.amazon.com/dp/B00PFCSURS?tag=eloabder-20&linkCode=osi&th=1&psc=1"><img src="https://m.media-amazon.com/images/I/41v54YdLHSL._SL500_.jpg" alt="Product Image"></a><p>Maybelline Fit Me Matte + Poreless Liquid Oil-Free Foundation Makeup, Natural Beige, 1 Count (Packaging May Vary)</p><p>$9.99</p><a href="https://www.amazon.com/dp/B00PFCSURS?tag=eloabder-20&linkCode=osi&th=1&psc=1">View Product</a></div><div class="product"><a href="https://www.amazon.com/dp/B07DFK238H?tag=eloabder-20&linkCode=osi&th=1&psc=1"><img src="https://m.media-amazon.com/images/I/31mAhNJ+4hL._SL500_.jpg" alt="Product Image"></a><p>e.l.f. Flawless Finish Foundation, Lightweight & Medium Coverage, Semi-Matte Finish, Light Ivory, 0.68 Fl Oz (20mL)</p><p>$6.00</p><a href="https://www.amazon.com/dp/B07DFK238H?tag=eloabder-20&linkCode=osi&th=1&psc=1">View Product</a></div><div class="product"><a href="https://www.amazon.com/dp/B01ACPW1SG?tag=eloabder-20&linkCode=osi&th=1&psc=1"><img src="https://m.media-amazon.com/images/I/41aIRzbHxNL._SL500_.jpg" alt="Product Image"></a><p>CoverGirl & Olay Simply Ageless 3-in-1 Liquid Foundation, Matte Finish, Hyaluronic & Vitamin C Formula, Cruelty Free, Classic Ivory, 1 Count</p><p>$10.49</p><a href="https://www.amazon.com/dp/B01ACPW1SG?tag=eloabder-20&linkCode=osi&th=1&psc=1">View Product</a></div><div class="product"><a href="https://www.amazon.com/dp/B000IEMGGE?tag=eloabder-20&linkCode=osi&th=1&psc=1"><img src="https://m.media-amazon.com/images/I/41RtSkNmHSL._SL500_.jpg" alt="Product Image"></a><p>LAURA GELLER NEW YORK Award-Winning Baked Balance-n-Brighten Color Correcting Powder Foundation - Fair - Buildable Light to Medium Coverage - Demi-Matte Natural Finish</p><p>$22.13</p><a href="https://www.amazon.com/dp/B000IEMGGE?tag=eloabder-20&linkCode=osi&th=1&psc=1">View Product</a></div><div class="product"><a href="https://www.amazon.com/dp/B0BCH5WVW6?tag=eloabder-20&linkCode=osi&th=1&psc=1"><img src="https://m.media-amazon.com/images/I/31wajekqpGL._SL500_.jpg" alt="Product Image"></a><p>L'Oreal Paris True Match Super-Blendable Foundation, Medium Coverage Liquid Foundation Makeup, N4, Light Medium, 1 Fl Oz</p><p>$9.97</p><a href="https://www.amazon.com/dp/B0BCH5WVW6?tag=eloabder-20&linkCode=osi&th=1&psc=1">View Product</a></div><div class="product"><a href="https://www.amazon.com/dp/B07MWSP8SG?tag=eloabder-20&linkCode=osi&th=1&psc=1"><img src="https://m.media-amazon.com/images/I/31B37fmqI7L._SL500_.jpg" alt="Product Image"></a><p>e.l.f. Flawless Finish Foundation, Improves Uneven Skin Tone, Lightweight, Medium Coverage & Semi-Matte, Vegan & Cruelty-Free, Beige 0.67 Fl Oz</p><p>$6.00</p><a href="https://www.amazon.com/dp/B07MWSP8SG?tag=eloabder-20&linkCode=osi&th=1&psc=1">View Product</a></div><div class="product"><a href="https://www.amazon.com/dp/B091D8BXSQ?tag=eloabder-20&linkCode=osi&th=1&psc=1"><img src="https://m.media-amazon.com/images/I/31ktknDTqTL._SL500_.jpg" alt="Product Image"></a><p>L'Oreal Paris True Match Nude Hyaluronic Tinted Serum Foundation with 1% Hyaluronic acid, Light 2-3, 1 fl. oz.</p><p>$15.18</p><a href="https://www.amazon.com/dp/B091D8BXSQ?tag=eloabder-20&linkCode=osi&th=1&psc=1">View Product</a></div><div class="product"><a href="https://www.amazon.com/dp/B07Z9WBHXK?tag=eloabder-20&linkCode=osi&th=1&psc=1"><img src="https://m.media-amazon.com/images/I/31c2z97BuBL._SL500_.jpg" alt="Product Image"></a><p>L'Oreal Paris Age Perfect Radiant Serum Foundation with SPF 50, Ivory, 1 fl. oz.</p><p>$14.17</p><a href="https://www.amazon.com/dp/B07Z9WBHXK?tag=eloabder-20&linkCode=osi&th=1&psc=1">View Product</a></div><div class="product"><a href="https://www.amazon.com/dp/B09LCGN136?tag=eloabder-20&linkCode=osi&th=1&psc=1"><img src="https://m.media-amazon.com/images/I/4107EiwloYL._SL500_.jpg" alt="Product Image"></a><p>TIRTIR Mask Fit Red Cushion Foundation | Japan's No.1 Choice for Glass skin, Long-Lasting, Lightweight, Buildable Coverage, Semi-Matte (17C Porcelain, 0.63 Fl Oz (Pack of 1))</p><p>$25.00 ($39.68 / Fl Oz)</p><a href="https://www.amazon.com/dp/B09LCGN136?tag=eloabder-20&linkCode=osi&th=1&psc=1">View Product</a></div>
<div class="product"><a href="https://www.amazon.com/dp/B07Q9V4KMJ?tag=eloabder-20&linkCode=osi&th=1&psc=1"><img src="https://m.media-amazon.com/images/I/31pro1JWTCL._SL500_.jpg" alt="Product Image"></a><p>Maybelline Instant Age Rewind Eraser Dark Circles Treatment Multi-Use Concealer, 115, 1 Count (Packaging May Vary)</p><p>$8.42</p><a href="https://www.amazon.com/dp/B07Q9V4KMJ?tag=eloabder-20&linkCode=osi&th=1&psc=1">View Product</a></div><div class="product"><a href="https://www.amazon.com/dp/B07ZR14WBZ?tag=eloabder-20&linkCode=osi&th=1&psc=1"><img src="https://m.media-amazon.com/images/I/313ljymBVaL._SL500_.jpg" alt="Product Image"></a><p>e.l.f. Hydrating Camo Concealer, Lightweight, Full Coverage, Long Lasting, Conceals, Corrects, Covers, Hydrates, Highlights, Light Sand, Satin Finish, 25 Shades, All-Day Wear, 0.20 Fl Oz</p><p>$7.00</p><a href="https://www.amazon.com/dp/B07ZR14WBZ?tag=eloabder-20&linkCode=osi&th=1&psc=1">View Product</a></div><div class="product"><a href="https://www.amazon.com/dp/B0046VJV36?tag=eloabder-20&linkCode=osi&th=1&psc=1"><img src="https://m.media-amazon.com/images/I/31-ZFCLgLcL._SL500_.jpg" alt="Product Image"></a><p>Maybelline New York Fit Me Liquid Concealer Makeup, Natural Coverage, Lightweight, Conceals, Covers Oil-Free, Fair, 1 Count (Packaging May Vary)</p><p>$6.31</p><a href="https://www.amazon.com/dp/B0046VJV36?tag=eloabder-20&linkCode=osi&th=1&psc=1">View Product</a></div><div class="product"><a href="https://www.amazon.com/dp/B07ZR1CQHS?tag=eloabder-20&linkCode=osi&th=1&psc=1"><img src="https://m.media-amazon.com/images/I/31s0zWRX+4L._SL500_.jpg" alt="Product Image"></a><p>e.l.f. 16HR Camo Concealer, Full Coverage, Highly Pigmented Concealer With Matte Finish, Crease-proof, Vegan & Cruelty-Free, Light Ivory, 0.203 Fl Oz</p><p>$7.00</p><a href="https://www.amazon.com/dp/B07ZR1CQHS?tag=eloabder-20&linkCode=osi&th=1&psc=1">View Product</a></div><div class="product"><a href="https://www.amazon.com/dp/B0814SLHQH?tag=eloabder-20&linkCode=osi&th=1&psc=1"><img src="https://m.media-amazon.com/images/I/312GW4aGnRL._SL500_.jpg" alt="Product Image"></a><p>Neutrogena Healthy Skin Radiant Brightening Cream Concealer with Peptides & Vitamin E Antioxidant,Lightweight Perfecting Concealer,Non-Comedogenic,Bisque Light/Medium 02 neutral undertones,0.24 oz</p><p>$5.62</p><a href="https://www.amazon.com/dp/B0814SLHQH?tag=eloabder-20&linkCode=osi&th=1&psc=1">View Product</a></div><div class="product"><a href="https://www.amazon.com/dp/B007MJKHPA?tag=eloabder-20&linkCode=osi&th=1&psc=1"><img src="https://m.media-amazon.com/images/I/31ljSDY5P1L._SL500_.jpg" alt="Product Image"></a><p>L.A. Girl Pro Conceal HD Concealer, Creamy Beige, 0.28 Ounce</p><p>$4.97 ($17.75 / Ounce)</p><a href="https://www.amazon.com/dp/B007MJKHPA?tag=eloabder-20&linkCode=osi&th=1&psc=1">View Product</a></div><div class="product"><a href="https://www.amazon.com/dp/B09HNMRQN2?tag=eloabder-20&linkCode=osi&th=1&psc=1"><img src="https://m.media-amazon.com/images/I/31vIe0FIEML._SL500_.jpg" alt="Product Image"></a><p>NYX PROFESSIONAL MAKEUP Bare With Me Concealer Serum, Up To 24Hr Hydration - Vanilla</p><p>$9.00</p><a href="https://www.amazon.com/dp/B09HNMRQN2?tag=eloabder-20&linkCode=osi&th=1&psc=1">View Product</a></div><div class="product"><a href="https://www.amazon.com/dp/B06XQWS1N9?tag=eloabder-20&linkCode=osi&th=1&psc=1"><img src="https://m.media-amazon.com/images/I/31rKumTg1GL._SL500_.jpg" alt="Product Image"></a><p>COVERGIRL Smoothers Concealer, Medium 715, 0.14 ounce (packaging may vary)</p><p>$7.28</p><a href="https://www.amazon.com/dp/B06XQWS1N9?tag=eloabder-20&linkCode=osi&th=1&psc=1">View Product</a></div><div class="product"><a href="https://www.amazon.com/dp/B07H67H5LH?tag=eloabder-20&linkCode=osi&th=1&psc=1"><img src="https://m.media-amazon.com/images/I/31bWoYCj-nL._SL500_.jpg" alt="Product Image"></a><p>L'Oreal Paris Makeup Infallible Full Wear Waterproof Matte Concealer, Full Coverage, Ivory, 0.33 fl. oz.</p><p>$11.45</p><a href="https://www.amazon.com/dp/B07H67H5LH?tag=eloabder-20&linkCode=osi&th=1&psc=1">View Product</a></div><div class="product"><a href="https://www.amazon.com/dp/B0B51NLJWQ?tag=eloabder-20&linkCode=osi&th=1&psc=1"><img src="https://m.media-amazon.com/images/I/31GXqccxM0L._SL500_.jpg" alt="Product Image"></a><p>Fièra Luxury Concealer with Anti-Aging - All Day Coverage for Dark Circles, Fine Lines, Wrinkles & Spots - Neutral Beige, 0.5 Ounce</p><p>$27.00</p><a href="https://www.amazon.com/dp/B0B51NLJWQ?tag=eloabder-20&linkCode=osi&th=1&psc=1">View Product</a></div>
<div class="product"><a href="https://www.amazon.com/dp/B01IM0LVFC?tag=eloabder-20&linkCode=osi&th=1&psc=1"><img src="https://m.media-amazon.com/images/I/31r47BdfjGL._SL500_.jpg" alt="Product Image"></a><p>e.l.f. Prime & Stay Finishing Powder, Sets Makeup, Controls Shine & Smooths Complexion, Sheer, 0.18 Oz (5g)</p><p>$4.00</p><a href="https://www.amazon.com/dp/B01IM0LVFC?tag=eloabder-20&linkCode=osi&th=1&psc=1">View Product</a></div><div class="product"><a href="https://www.amazon.com/dp/B004GC74GG?tag=eloabder-20&linkCode=osi&th=1&psc=1"><img src="https://m.media-amazon.com/images/I/41kZTeBUCSL._SL500_.jpg" alt="Product Image"></a><p>Revlon Face Powder, ColorStay 16 Hour Face Makeup, Longwear Medium- Full Coverage with Flawless Finish, Shine & Oil Free, 880 Translucent, 0.3 Oz</p><p>$9.62</p><a href="https://www.amazon.com/dp/B004GC74GG?tag=eloabder-20&linkCode=osi&th=1&psc=1">View Product</a></div><div class="product"><a href="https://www.amazon.com/dp/B0CPFY5F7P?tag=eloabder-20&linkCode=osi&th=1&psc=1"><img src="https://m.media-amazon.com/images/I/41rYvHbKJ0L._SL500_.jpg" alt="Product Image"></a><p>e.l.f. Primer-Infused Bronzer, Long-Lasting, Lightweight & Buildable Powder Bronzer, Delivers A Matte Finish, Vegan & Cruelty-Free, Catching Rays</p><p>$7.00</p><a href="https://www.amazon.com/dp/B0CPFY5F7P?tag=eloabder-20&linkCode=osi&th=1&psc=1">View Product</a></div><div class="product"><a href="https://www.amazon.com/dp/B0B2VXZRHH?tag=eloabder-20&linkCode=osi&th=1&psc=1"><img src="https://m.media-amazon.com/images/I/41p6UtnQJWL._SL500_.jpg" alt="Product Image"></a><p>bareMinerals Barepro 16HR Skin-Perfecting Powder Foundation, Matte Pressed Powder Foundation Full Coverage with Plant-Based Squalene, Oil Control, Vegan</p><p>$42.00 ($150.00 / Ounce)</p><a href="https://www.amazon.com/dp/B0B2VXZRHH?tag=eloabder-20&linkCode=osi&th=1&psc=1">View Product</a></div><div class="product"><a href="https://www.amazon.com/dp/B0D4752RVV?tag=eloabder-20&linkCode=osi&th=1&psc=1"><img src="https://m.media-amazon.com/images/I/31WKVfT2bML._SL500_.jpg" alt="Product Image"></a><p>Revolution Beauty, Loose Baking Powder, Makeup Setting Powder, Long Lasting Coverage, Mattifies & Reduces Shine, Rose, 1.13 Oz</p><p>$8.00</p><a href="https://www.amazon.com/dp/B0D4752RVV?tag=eloabder-20&linkCode=osi&th=1&psc=1">View Product</a></div><div class="product"><a href="https://www.amazon.com/dp/B0C9LPPJ26?tag=eloabder-20&linkCode=osi&th=1&psc=1"><img src="https://m.media-amazon.com/images/I/51iWoZ-wkuL._SL500_.jpg" alt="Product Image"></a><p>AZUREBEAUTY 42 Pcs Dip Nails Powder Starter Kit, 32 Hot Pink Blue Purple Color Changing Spring Dipping Powder Liquid Set with Base Coat/Top Coat/Activator for French Manicure Salon DIY.</p><p>$19.99 ($19.99 / Count)</p><a href="https://www.amazon.com/dp/B0C9LPPJ26?tag=eloabder-20&linkCode=osi&th=1&psc=1">View Product</a></div><div class="product"><a href="https://www.amazon.com/dp/B0D2N1SZ9V?tag=eloabder-20&linkCode=osi&th=1&psc=1"><img src="https://m.media-amazon.com/images/I/41Ogu3bO7hL._SL500_.jpg" alt="Product Image"></a><p>Artdone Chrome Nail Powder Magic White Pearl Kit Mirror Effect Silver Metallic Holographic Dip Nail Powder For Resin Craft & Nail Art Decoration Iridescent Aurora Mermaid Pigment</p><p>$3.99 ($28.28 / Ounce)</p><a href="https://www.amazon.com/dp/B0D2N1SZ9V?tag=eloabder-20&linkCode=osi&th=1&psc=1">View Product</a></div><div class="product"><a href="https://www.amazon.com/dp/B0D19YQWSX?tag=eloabder-20&linkCode=osi&th=1&psc=1"><img src="https://m.media-amazon.com/images/I/21GbGbhBFWL._SL500_.jpg" alt="Product Image"></a><p>NYX PROFESSIONAL MAKEUP Brow Powder Louder Eyebrow Pencil, Brow Pencil with Buildable Volume For Up To 12HR Wear, Vegan Formula - Ash Brown</p><p>$6.00</p><a href="https://www.amazon.com/dp/B0D19YQWSX?tag=eloabder-20&linkCode=osi&th=1&psc=1">View Product</a></div><div class="product"><a href="https://www.amazon.com/dp/B00AOU5NVC?tag=eloabder-20&linkCode=osi&th=1&psc=1"><img src="https://m.media-amazon.com/images/I/31eI9oALZzL._SL500_.jpg" alt="Product Image"></a><p>Neutrogena Mineral Sheers Lightweight Loose Powder Makeup Foundation with Vitamins A, C, & E, Sheer to Medium Buildable Coverage, Skin Tone Enhancer, Face Redness Reducer, Nude 40,.19 oz</p><p>$5.72</p><a href="https://www.amazon.com/dp/B00AOU5NVC?tag=eloabder-20&linkCode=osi&th=1&psc=1">View Product</a></div>
<div class="product"><a href="https://www.amazon.com/dp/B07PNCB73M?tag=eloabder-20&linkCode=osi&th=1&psc=1"><img src="https://m.media-amazon.com/images/I/41+KYSFOLML._SL500_.jpg" alt="Product Image"></a><p>Milani Baked Blush - Petal Primavera (0.12 Ounce) Cruelty-Free Powder Blush - Shape, Contour & Highlight Face for a Shimmery or Matte Finish</p><p>$8.97</p><a href="https://www.amazon.com/dp/B07PNCB73M?tag=eloabder-20&linkCode=osi&th=1&psc=1">View Product</a></div><div class="product"><a href="https://www.amazon.com/dp/B0CPFYGNR7?tag=eloabder-20&linkCode=osi&th=1&psc=1"><img src="https://m.media-amazon.com/images/I/31EJvMa7jyL._SL500_.jpg" alt="Product Image"></a><p>e.l.f. Camo Liquid Blush, Long-lasting Liquid Blush For High-pigment Color, Creates A Soft, Dewy Finish, Vegan & Cruelty-free, Dusty Rosé</p><p>$7.00</p><a href="https://www.amazon.com/dp/B0CPFYGNR7?tag=eloabder-20&linkCode=osi&th=1&psc=1">View Product</a></div><div class="product"><a href="https://www.amazon.com/dp/B0CZ5HLDK9?tag=eloabder-20&linkCode=osi&th=1&psc=1"><img src="https://m.media-amazon.com/images/I/41rZu1cS8QL._SL500_.jpg" alt="Product Image"></a><p>NYX PROFESSIONAL MAKEUP Buttermelt Powder Blush, Fade and Transfer-Resistant Blush, Up to 12HR Make Up Wear, Vegan Formula - For The Butta</p><p>$9.97</p><a href="https://www.amazon.com/dp/B0CZ5HLDK9?tag=eloabder-20&linkCode=osi&th=1&psc=1">View Product</a></div><div class="product"><a href="https://www.amazon.com/dp/B06XDNPXD1?tag=eloabder-20&linkCode=osi&th=1&psc=1"><img src="https://m.media-amazon.com/images/I/41IryPTf51L._SL500_.jpg" alt="Product Image"></a><p>Maybelline Fit Me Powder Blush, Lightweight, Smooth, Blendable, Long-lasting All-Day Face Enhancing Makeup Color, Mauve, 1 Count</p><p>$4.62</p><a href="https://www.amazon.com/dp/B06XDNPXD1?tag=eloabder-20&linkCode=osi&th=1&psc=1">View Product</a></div><div class="product"><a href="https://www.amazon.com/dp/B082YPNTZ4?tag=eloabder-20&linkCode=osi&th=1&psc=1"><img src="https://m.media-amazon.com/images/I/41vtXkWXs8L._SL500_.jpg" alt="Product Image"></a><p>wet n wild Color Icon Blush, Effortless Glow & Seamless Blend infused with Luxuriously Smooth Jojoba Oil, Sheer Finish with a Matte Natural Glow, Cruelty-Free & Vegan - Pinch Me Pink</p><p>$3.28</p><a href="https://www.amazon.com/dp/B082YPNTZ4?tag=eloabder-20&linkCode=osi&th=1&psc=1">View Product</a></div><div class="product"><a href="https://www.amazon.com/dp/B0CPFWJJQJ?tag=eloabder-20&linkCode=osi&th=1&psc=1"><img src="https://m.media-amazon.com/images/I/41+GdEwyGqL._SL500_.jpg" alt="Product Image"></a><p>e.l.f. Primer-Infused Matte Blush, Long-Lasting, Lightweight & Buildable Powder Blush, Delivers A Matte Finish, Vegan & Cruelty-Free, Always Crushing</p><p>$7.00</p><a href="https://www.amazon.com/dp/B0CPFWJJQJ?tag=eloabder-20&linkCode=osi&th=1&psc=1">View Product</a></div><div class="product"><a href="https://www.amazon.com/dp/B0B64GX5LN?tag=eloabder-20&linkCode=osi&th=1&psc=1"><img src="https://m.media-amazon.com/images/I/31aZBeyUSsL._SL500_.jpg" alt="Product Image"></a><p>LAURA GELLER NEW YORK Serum Blush Tint, Lightweight Liquid Blush for Cheeks, Weightless Watercolor Sheer Finish, Practical Pink</p><p>$15.74</p><a href="https://www.amazon.com/dp/B0B64GX5LN?tag=eloabder-20&linkCode=osi&th=1&psc=1">View Product</a></div><div class="product"><a href="https://www.amazon.com/dp/B0BHFBBH25?tag=eloabder-20&linkCode=osi&th=1&psc=1"><img src="https://m.media-amazon.com/images/I/31uqOuPPf5L._SL500_.jpg" alt="Product Image"></a><p>SHEGLAM Color Bloom Liquid Blush Makeup for Cheeks Matte Finish - Love Cake</p><p>$6.99</p><a href="https://www.amazon.com/dp/B0BHFBBH25?tag=eloabder-20&linkCode=osi&th=1&psc=1">View Product</a></div><div class="product"><a href="https://www.amazon.com/dp/B00J56D0G6?tag=eloabder-20&linkCode=osi&th=1&psc=1"><img src="https://m.media-amazon.com/images/I/31MVN0QAhfL._SL500_.jpg" alt="Product Image"></a><p>e.l.f. Cosmetics Powder Blush Palette, Four Blush Shades for Beautiful, Long-Lasting Pigment, Light</p><p>$6.00</p><a href="https://www.amazon.com/dp/B00J56D0G6?tag=eloabder-20&linkCode=osi&th=1&psc=1">View Product</a></div><div class="product"><a href="https://www.amazon.com/dp/B07J47FHR1?tag=eloabder-20&linkCode=osi&th=1&psc=1"><img src="https://m.media-amazon.com/images/I/41Xyor9x2SL._SL500_.jpg" alt="Product Image"></a><p>Nars Blush in ORGASM Full Size 0.16 oz. / 4.8 g in Retail Box New Edition</p><p>$22.00</p><a href="https://www.amazon.com/dp/B07J47FHR1?tag=eloabder-20&linkCode=osi&th=1&psc=1">View Product</a></div>
<div class="product"><a href="https://www.amazon.com/dp/B018B8Q5Z6?tag=eloabder-20&linkCode=osi&th=1&psc=1"><img src="https://m.media-amazon.com/images/I/41D9ZHQRaSL._SL500_.jpg" alt="Product Image"></a><p>Physicians Formula Murumuru Butter Bronzer, Moisturizing, Nourishing Murumuru Butter Blend for Silky All-Day Luminous Glow, Dermatologist Tested, Hypoallergenic, Vegan & Cruelty-Free -Bronzer</p><p>$12.15</p><a href="https://www.amazon.com/dp/B018B8Q5Z6?tag=eloabder-20&linkCode=osi&th=1&psc=1">View Product</a></div><div class="product"><a href="https://www.amazon.com/dp/B001B0H82Q?tag=eloabder-20&linkCode=osi&th=1&psc=1"><img src="https://m.media-amazon.com/images/I/41I3B-YoLkL._SL500_.jpg" alt="Product Image"></a><p>Rimmel London Natural - 022 Sun Bronze - Bronzer, Matte Finish, 0.49oz</p><p>$4.49</p><a href="https://www.amazon.com/dp/B001B0H82Q?tag=eloabder-20&linkCode=osi&th=1&psc=1">View Product</a></div><div class="product"><a href="https://www.amazon.com/dp/B0BM5HX7DN?tag=eloabder-20&linkCode=osi&th=1&psc=1"><img src="https://m.media-amazon.com/images/I/41DwoHQgzsL._SL500_.jpg" alt="Product Image"></a><p>Benefit Hoola Matte Bronzer Mini 0.08 Ounce</p><p>$17.85</p><a href="https://www.amazon.com/dp/B0BM5HX7DN?tag=eloabder-20&linkCode=osi&th=1&psc=1">View Product</a></div><div class="product"><a href="https://www.amazon.com/dp/B07M7NGVW7?tag=eloabder-20&linkCode=osi&th=1&psc=1"><img src="https://m.media-amazon.com/images/I/51dvod9PjTL._SL500_.jpg" alt="Product Image"></a><p>wet n wild Color Icon Bronzer What Shady Beaches</p><p>$2.96</p><a href="https://www.amazon.com/dp/B07M7NGVW7?tag=eloabder-20&linkCode=osi&th=1&psc=1">View Product</a></div><div class="product"><a href="https://www.amazon.com/dp/B07ZR187P5?tag=eloabder-20&linkCode=osi&th=1&psc=1"><img src="https://m.media-amazon.com/images/I/410nkMFZLYL._SL500_.jpg" alt="Product Image"></a><p>e.l.f. Primer-infused Bronzer, Long-Wear, Matte, Bold, Lightweight, Blends Easily, Contours Cheeks, Forever Sun Kissed, All-Day Wear, 0.35 Oz</p><p>$7.00 ($20.00 / Ounce)</p><a href="https://www.amazon.com/dp/B07ZR187P5?tag=eloabder-20&linkCode=osi&th=1&psc=1">View Product</a></div><div class="product"><a href="https://www.amazon.com/dp/B0CPFVTY7M?tag=eloabder-20&linkCode=osi&th=1&psc=1"><img src="https://m.media-amazon.com/images/I/41rO68Q0mlL._SL500_.jpg" alt="Product Image"></a><p>e.l.f. Primer-Infused Bronzer, Long-Lasting, Lightweight & Buildable Powder Bronzer, Delivers A Matte Finish, Vegan & Cruelty-Free, Fresh Tan</p><p>$7.00</p><a href="https://www.amazon.com/dp/B0CPFVTY7M?tag=eloabder-20&linkCode=osi&th=1&psc=1">View Product</a></div><div class="product"><a href="https://www.amazon.com/dp/B00518N3VE?tag=eloabder-20&linkCode=osi&th=1&psc=1"><img src="https://m.media-amazon.com/images/I/41SzIseWK6L._SL500_.jpg" alt="Product Image"></a><p>Milani Baked Bronzer - Glow, Cruelty-Free Shimmer Bronzing Powder to Use For Contour Makeup, Highlighters Makeup, Bronzer Makeup, 0.25 Ounce</p><p>$9.97 ($39.88 / Ounce)</p><a href="https://www.amazon.com/dp/B00518N3VE?tag=eloabder-20&linkCode=osi&th=1&psc=1">View Product</a></div><div class="product"><a href="https://www.amazon.com/dp/B006WZ9O72?tag=eloabder-20&linkCode=osi&th=1&psc=1"><img src="https://m.media-amazon.com/images/I/51rDNo9JnqL._SL500_.jpg" alt="Product Image"></a><p>Physicians Formula Bronze Booster Glow-Boosting Season-to-Season, Customizable Seasonal Glow Glow, Lasting Tan Boost, Hypoallergenic Powder, Cruelty-Free & Hypoallergenic- Light-to-Medium</p><p>$12.98</p><a href="https://www.amazon.com/dp/B006WZ9O72?tag=eloabder-20&linkCode=osi&th=1&psc=1">View Product</a></div><div class="product"><a href="https://www.amazon.com/dp/B0CNTYPSSZ?tag=eloabder-20&linkCode=osi&th=1&psc=1"><img src="https://m.media-amazon.com/images/I/416D4Z7hQ8L._SL500_.jpg" alt="Product Image"></a><p>Milani Cheek Kiss Cream Bronzer-110 Hey Honey</p><p>$9.97</p><a href="https://www.amazon.com/dp/B0CNTYPSSZ?tag=eloabder-20&linkCode=osi&th=1&psc=1">View Product</a></div><div class="product"><a href="https://www.amazon.com/dp/B0CVNKP1FM?tag=eloabder-20&linkCode=osi&th=1&psc=1"><img src="https://m.media-amazon.com/images/I/41v4UlIsUOL._SL500_.jpg" alt="Product Image"></a><p>NYX PROFESSIONAL MAKEUP Matte Buttermelt Bronzer, Longwear Face Makeup with Up to 12 Hours of Wear, Vegan Formula - Butta Than U</p><p>$7.70</p><a href="https://www.amazon.com/dp/B0CVNKP1FM?tag=eloabder-20&linkCode=osi&th=1&psc=1">View Product</a></div>
<div class="product"><a href="https://www.amazon.com/dp/B09288DSSX?tag=eloabder-20&linkCode=osi&th=1&psc=1"><img src="https://m.media-amazon.com/images/I/417z6evbmhL._SL500_.jpg" alt="Product Image"></a><p>KYDA Face Highlighter Palette, High Glossy Face Illuminator Palette, Narutal Glow Finish, Pearl Shimmer Smooth Baked Powder, Lasting Sparkling Highlighter Makeup-SUN GLOW</p><p>$9.99</p><a href="https://www.amazon.com/dp/B09288DSSX?tag=eloabder-20&linkCode=osi&th=1&psc=1">View Product</a></div><div class="product"><a href="https://www.amazon.com/dp/B0C41PSDZF?tag=eloabder-20&linkCode=osi&th=1&psc=1"><img src="https://m.media-amazon.com/images/I/41FLNU-tL-L._SL500_.jpg" alt="Product Image"></a><p>NYX PROFESSIONAL MAKEUP, Jumbo Multi-Use Face Highlighter Stick - Vanilla Ice Cream</p><p>$6.00</p><a href="https://www.amazon.com/dp/B0C41PSDZF?tag=eloabder-20&linkCode=osi&th=1&psc=1">View Product</a></div><div class="product"><a href="https://www.amazon.com/dp/B082YPL2SV?tag=eloabder-20&linkCode=osi&th=1&psc=1"><img src="https://m.media-amazon.com/images/I/51Y+MCkwArL._SL500_.jpg" alt="Product Image"></a><p>Wet n Wild MegaGlo Blushlighter, Blendable Blush & Highlighter Set, Shimmery Metallic Finish, Highlight Bling</p><p>$5.47</p><a href="https://www.amazon.com/dp/B082YPL2SV?tag=eloabder-20&linkCode=osi&th=1&psc=1">View Product</a></div><div class="product"><a href="https://www.amazon.com/dp/B07QPY11KY?tag=eloabder-20&linkCode=osi&th=1&psc=1"><img src="https://m.media-amazon.com/images/I/312T7p8cW6L._SL500_.jpg" alt="Product Image"></a><p>Revolution Beauty, Reloaded Pressed Powder Highlighter, Intensely Pigmented for a High Impact Dewy Finish, Dare To Divulge, 0.22 Oz.</p><p>$6.98</p><a href="https://www.amazon.com/dp/B07QPY11KY?tag=eloabder-20&linkCode=osi&th=1&psc=1">View Product</a></div><div class="product"><a href="https://www.amazon.com/dp/B0C6V67KJW?tag=eloabder-20&linkCode=osi&th=1&psc=1"><img src="https://m.media-amazon.com/images/I/31Yh8b8JEjL._SL500_.jpg" alt="Product Image"></a><p>e.l.f. Halo Glow Highlight Beauty Wand, Liquid Highlighter Wand For Luminous, Glowing Skin, Buildable Formula, Vegan & Cruelty-free,Champagne Campaign</p><p>$9.00</p><a href="https://www.amazon.com/dp/B0C6V67KJW?tag=eloabder-20&linkCode=osi&th=1&psc=1">View Product</a></div><div class="product"><a href="https://www.amazon.com/dp/B073WMG59J?tag=eloabder-20&linkCode=osi&th=1&psc=1"><img src="https://m.media-amazon.com/images/I/51fz8bpJNNL._SL500_.jpg" alt="Product Image"></a><p>wet n wild MegaGlo Highlighting Powder, Highlighter Makeup, Shimmer Glow, Pink Rose Gold Blossom Glow</p><p>$5.47</p><a href="https://www.amazon.com/dp/B073WMG59J?tag=eloabder-20&linkCode=osi&th=1&psc=1">View Product</a></div><div class="product"><a href="https://www.amazon.com/dp/B074PTZCNW?tag=eloabder-20&linkCode=osi&th=1&psc=1"><img src="https://m.media-amazon.com/images/I/31btEAGukiL._SL500_.jpg" alt="Product Image"></a><p>L'Oreal Paris Makeup True Match Lumi Glotion, Natural Glow Enhancer, Illuminator Highlighter Skin Tint, for an All Day Radiant Glow, Light, 1.35 Ounces</p><p>$12.74</p><a href="https://www.amazon.com/dp/B074PTZCNW?tag=eloabder-20&linkCode=osi&th=1&psc=1">View Product</a></div><div class="product"><a href="https://www.amazon.com/dp/B0BD9HYBKD?tag=eloabder-20&linkCode=osi&th=1&psc=1"><img src="https://m.media-amazon.com/images/I/319tXl8nMUL._SL500_.jpg" alt="Product Image"></a><p>LAURA GELLER NEW YORK Baked Natural Glow Highlighter Radiance Enhancing Makeup, French Vanilla</p><p>$18.99</p><a href="https://www.amazon.com/dp/B0BD9HYBKD?tag=eloabder-20&linkCode=osi&th=1&psc=1">View Product</a></div><div class="product"><a href="https://www.amazon.com/dp/B075K784FK?tag=eloabder-20&linkCode=osi&th=1&psc=1"><img src="https://m.media-amazon.com/images/I/51q6Nf009iL._SL500_.jpg" alt="Product Image"></a><p>Physicians Formula Murumuru Butter Highlighter Makeup Face Powder Make Up, Pearl, Dermatologist Approved</p><p>$10.00</p><a href="https://www.amazon.com/dp/B075K784FK?tag=eloabder-20&linkCode=osi&th=1&psc=1">View Product</a></div><div class="product"><a href="https://www.amazon.com/dp/B083574V27?tag=eloabder-20&linkCode=osi&th=1&psc=1"><img src="https://m.media-amazon.com/images/I/41fyFVpDrXL._SL500_.jpg" alt="Product Image"></a><p>Milani Baked Highlighter (Dolce Perla) - Cruelty-Free Powder Highlighter, Highlight Face for a Shimmery or Matte Finish</p><p>$10.97 ($39.18 / Ounce)</p><a href="https://www.amazon.com/dp/B083574V27?tag=eloabder-20&linkCode=osi&th=1&psc=1">View Product</a></div>
<div class="product"><a href="https://www.amazon.com/dp/B09XMYFTB7?tag=eloabder-20&linkCode=osi&th=1&psc=1"><img src="https://m.media-amazon.com/images/I/31t+Ua+JWSL._SL500_.jpg" alt="Product Image"></a><p>e.l.f. Power Grip Primer, Gel-Based & Hydrating Face Primer For Smoothing Skin & Gripping Makeup, Moisturizes & Primes, 0.811 Fl Oz (24 ml)</p><p>$9.98</p><a href="https://www.amazon.com/dp/B09XMYFTB7?tag=eloabder-20&linkCode=osi&th=1&psc=1">View Product</a></div><div class="product"><a href="https://www.amazon.com/dp/B07BHB7QBN?tag=eloabder-20&linkCode=osi&th=1&psc=1"><img src="https://m.media-amazon.com/images/I/31kMxA9EhWL._SL500_.jpg" alt="Product Image"></a><p>Maybelline New York Facestudio Master Prime Primer Makeup, Blur + Pore Minimize, 1 fl. oz.</p><p>$8.99</p><a href="https://www.amazon.com/dp/B07BHB7QBN?tag=eloabder-20&linkCode=osi&th=1&psc=1">View Product</a></div><div class="product"><a href="https://www.amazon.com/dp/B00JZ4V6V4?tag=eloabder-20&linkCode=osi&th=1&psc=1"><img src="https://m.media-amazon.com/images/I/31jO7qDk9zL._SL500_.jpg" alt="Product Image"></a><p>e.l.f. Poreless Face Primer, Restoring Makeup Primer For A Flawless, Smooth Canvas, Infused With Tea Tree & Vitamin A, Vegan & Cruelty-Free, 0.47 Fl Oz</p><p>$7.83</p><a href="https://www.amazon.com/dp/B00JZ4V6V4?tag=eloabder-20&linkCode=osi&th=1&psc=1">View Product</a></div><div class="product"><a href="https://www.amazon.com/dp/B0BQQS5GBQ?tag=eloabder-20&linkCode=osi&th=1&psc=1"><img src="https://m.media-amazon.com/images/I/31TLdF8cy8L._SL500_.jpg" alt="Product Image"></a><p>e.l.f. Power Grip Primer + 4% Niacinamide, Gel-Based & Hydrating Face Primer, Evens Skin & Brightens, Grips Makeup, Vegan & Cruelty-Free, 0.8 Fl Oz</p><p>$10.00</p><a href="https://www.amazon.com/dp/B0BQQS5GBQ?tag=eloabder-20&linkCode=osi&th=1&psc=1">View Product</a></div><div class="product"><a href="https://www.amazon.com/dp/B07NSH2B4D?tag=eloabder-20&linkCode=osi&th=1&psc=1"><img src="https://m.media-amazon.com/images/I/31gmpEmsBmL._SL500_.jpg" alt="Product Image"></a><p>e.l.f. Poreless Putty Primer, Silky, Skin-Perfecting, Lightweight, Long Lasting, Smooths, Hydrates, Minimizes Pores, Flawless Base & Finish, All-Day Wear, Ideal for All Skin Types, 0.74 Fl Oz</p><p>$10.00</p><a href="https://www.amazon.com/dp/B07NSH2B4D?tag=eloabder-20&linkCode=osi&th=1&psc=1">View Product</a></div><div class="product"><a href="https://www.amazon.com/dp/B09WYT4QTJ?tag=eloabder-20&linkCode=osi&th=1&psc=1"><img src="https://m.media-amazon.com/images/I/214qTbvzjrL._SL500_.jpg" alt="Product Image"></a><p>Smashbox The Original Photo Finish Smooth & Blur Oil-Free Makeup Primer - Infused with Vitamin A & E, Reduces The Appearance of Fine Lines and Pores - Travel Size, 0.34 fl oz</p><p>$16.00 ($47.06 / Ounce)</p><a href="https://www.amazon.com/dp/B09WYT4QTJ?tag=eloabder-20&linkCode=osi&th=1&psc=1">View Product</a></div><div class="product"><a href="https://www.amazon.com/dp/B07PQN4XZ1?tag=eloabder-20&linkCode=osi&th=1&psc=1"><img src="https://m.media-amazon.com/images/I/31BdxqUi-iL._SL500_.jpg" alt="Product Image"></a><p>Milk Makeup Hydro Grip Primer - 0.33 fl oz - Hydrates & Grips Makeup for Up to 12 Hours - Prevents Caking - All Skin Types - Fragrance-Free - Vegan, Cruelty Free</p><p>$20.00 ($60.61 / Fl Oz)</p><a href="https://www.amazon.com/dp/B07PQN4XZ1?tag=eloabder-20&linkCode=osi&th=1&psc=1">View Product</a></div><div class="product"><a href="https://www.amazon.com/dp/B00HVI8WYU?tag=eloabder-20&linkCode=osi&th=1&psc=1"><img src="https://m.media-amazon.com/images/I/31educzzSsL._SL500_.jpg" alt="Product Image"></a><p>e.l.f. Hydrating Face Primer, Makeup Primer For Flawless, Smooth Skin & Long-Lasting Makeup, Fills In Pores & Fine Lines, Vegan & Cruelty-free, Small</p><p>$8.00</p><a href="https://www.amazon.com/dp/B00HVI8WYU?tag=eloabder-20&linkCode=osi&th=1&psc=1">View Product</a></div><div class="product"><a href="https://www.amazon.com/dp/B07BHBDN3Y?tag=eloabder-20&linkCode=osi&th=1&psc=1"><img src="https://m.media-amazon.com/images/I/3173qcBCyFL._SL500_.jpg" alt="Product Image"></a><p>Maybelline New York Facestudio Master Prime Primer Makeup, Blur+ Defend, 1 fl. oz.</p><p>$9.77</p><a href="https://www.amazon.com/dp/B07BHBDN3Y?tag=eloabder-20&linkCode=osi&th=1&psc=1">View Product</a></div><div class="product"><a href="https://www.amazon.com/dp/B00I9X3UKM?tag=eloabder-20&linkCode=osi&th=1&psc=1"><img src="https://m.media-amazon.com/images/I/31Bx9WdmmdL._SL500_.jpg" alt="Product Image"></a><p>Rimmel London Stay Matte - 003 - Primer, Ultra-Lightweight, Controls Shine, Doesn’t Feel Greasy, 1oz</p><p>$5.97</p><a href="https://www.amazon.com/dp/B00I9X3UKM?tag=eloabder-20&linkCode=osi&th=1&psc=1">View Product</a></div>
<div class="product"><a href="https://www.amazon.com/dp/B008C131AK?tag=eloabder-20&linkCode=osi&th=1&psc=1"><img src="https://m.media-amazon.com/images/I/41EVShOq3PL._SL500_.jpg" alt="Product Image"></a><p>Maybelline Dream Fresh Skin Hydrating BB cream, 8-in-1 Skin Perfecting Beauty Balm with Broad Spectrum SPF 30, Sheer Tint Coverage, Oil-Free, Medium, 1 Fl Oz</p><p>$7.99</p><a href="https://www.amazon.com/dp/B008C131AK?tag=eloabder-20&linkCode=osi&th=1&psc=1">View Product</a></div><div class="product"><a href="https://www.amazon.com/dp/B0084A5PWQ?tag=eloabder-20&linkCode=osi&th=1&psc=1"><img src="https://m.media-amazon.com/images/I/31RjcO5JPeL._SL500_.jpg" alt="Product Image"></a><p>L'Oréal Paris Makeup Magic Skin Beautifier BB Cream Tinted Moisturizer, Medium, 1 fl oz, 1 Count</p><p>$9.98</p><a href="https://www.amazon.com/dp/B0084A5PWQ?tag=eloabder-20&linkCode=osi&th=1&psc=1">View Product</a></div><div class="product"><a href="https://www.amazon.com/dp/B002B9DWBC?tag=eloabder-20&linkCode=osi&th=1&psc=1"><img src="https://m.media-amazon.com/images/I/41ZejVfTaoL._SL500_.jpg" alt="Product Image"></a><p>MISSHA M Perfect BB Cream No.21 Light Beige for Bright Skin SPF 42 PA +++ 1.69 Fl Oz - Tinted Moisturizer for face with SPF</p><p>$9.90</p><a href="https://www.amazon.com/dp/B002B9DWBC?tag=eloabder-20&linkCode=osi&th=1&psc=1">View Product</a></div><div class="product"><a href="https://www.amazon.com/dp/B00KJ82CN6?tag=eloabder-20&linkCode=osi&th=1&psc=1"><img src="https://m.media-amazon.com/images/I/41VM3jcO3oS._SL500_.jpg" alt="Product Image"></a><p>Maybelline Dream Pure Skin Clearing BB Cream, 8-in-1 Skin Perfecting Beauty Balm With 2% Salicylic Acid, Sheer Tint Coverage, Oil-Free, Light/Medium, 1 Count</p><p>$7.99</p><a href="https://www.amazon.com/dp/B00KJ82CN6?tag=eloabder-20&linkCode=osi&th=1&psc=1">View Product</a></div><div class="product"><a href="https://www.amazon.com/dp/B000V33OGS?tag=eloabder-20&linkCode=osi&th=1&psc=1"><img src="https://m.media-amazon.com/images/I/41I8dzKEI+L._SL500_.jpg" alt="Product Image"></a><p>COVERGIRL Smoothers Lightweight BB Cream, Fair to Light 805, 1.35 oz (Packaging May Vary) Lightweight Hydrating 10-In-1 Skin Enhancer with SPF 21 UV Protection</p><p>$6.97</p><a href="https://www.amazon.com/dp/B000V33OGS?tag=eloabder-20&linkCode=osi&th=1&psc=1">View Product</a></div><div class="product"><a href="https://www.amazon.com/dp/B01E527F38?tag=eloabder-20&linkCode=osi&th=1&psc=1"><img src="https://m.media-amazon.com/images/I/31jXYhER5QL._SL500_.jpg" alt="Product Image"></a><p>COVERGIRL - Clean Matte BB Cream, Oil-Free, Long-Lasting, Sensitive Skin, Lightweight, 100% Cruelty-Free</p><p>$7.99</p><a href="https://www.amazon.com/dp/B01E527F38?tag=eloabder-20&linkCode=osi&th=1&psc=1">View Product</a></div><div class="product"><a href="https://www.amazon.com/dp/B07WTX6SKL?tag=eloabder-20&linkCode=osi&th=1&psc=1"><img src="https://m.media-amazon.com/images/I/41mtjVTdh3L._SL500_.jpg" alt="Product Image"></a><p>MISSHA M Perfect Cover BB Cream No.13 Bright Beige for Fair Skin SPF 42 PA +++ 1.69 Fl Oz - Tinted Moisturizer for face with SPF</p><p>$9.70 ($5.74 / Fl Oz)</p><a href="https://www.amazon.com/dp/B07WTX6SKL?tag=eloabder-20&linkCode=osi&th=1&psc=1">View Product</a></div><div class="product"><a href="https://www.amazon.com/dp/B09BYL7M3G?tag=eloabder-20&linkCode=osi&th=1&psc=1"><img src="https://m.media-amazon.com/images/I/41t-BZ1FdOL._SL500_.jpg" alt="Product Image"></a><p>purlisse Ageless Glow Serum BB Cream SPF 40 : Clean & Cruelty-Free, Full & Flawless Coverage, Hydrates with Collagen | Light 1.4oz</p><p>$39.00 ($37.50 / Fl Oz)</p><a href="https://www.amazon.com/dp/B09BYL7M3G?tag=eloabder-20&linkCode=osi&th=1&psc=1">View Product</a></div><div class="product"><a href="https://www.amazon.com/dp/B08JCK7LSN?tag=eloabder-20&linkCode=osi&th=1&psc=1"><img src="https://m.media-amazon.com/images/I/31KzNyZ7WBL._SL500_.jpg" alt="Product Image"></a><p>PURITO Cica Clearing BB Cream #21 Light Beige 1 fl.oz / 30ml, Vegan bb cream, tinted</p><p>$12.00</p><a href="https://www.amazon.com/dp/B08JCK7LSN?tag=eloabder-20&linkCode=osi&th=1&psc=1">View Product</a></div><div class="product"><a href="https://www.amazon.com/dp/B01M9FG3PS?tag=eloabder-20&linkCode=osi&th=1&psc=1"><img src="https://m.media-amazon.com/images/I/41i-ftNWghL._SL500_.jpg" alt="Product Image"></a><p>pūrlisse Perfect Glow BB Cream SPF 30: Clean & Cruelty-Free, Medium Flawless Coverage, Hydrates with Jasmine | Light 1.4oz</p><p>$36.00 ($26.47 / Fl Oz)</p><a href="https://www.amazon.com/dp/B01M9FG3PS?tag=eloabder-20&linkCode=osi&th=1&psc=1">View Product</a></div>
<div class="product"><a href="https://www.amazon.com/dp/B00RZ4R0ZM?tag=eloabder-20&linkCode=osi&th=1&psc=1"><img src="https://m.media-amazon.com/images/I/41h3Z7gUh4L._SL500_.jpg" alt="Product Image"></a><p>IT Cosmetics Your Skin But Better CC+ Cream, Light (W) - Color Correcting Cream, Full-Coverage Foundation, Hydrating Serum & SPF 50+ Sunscreen - Natural Finish - 1.08 fl oz</p><p>$47.00 ($43.52 / Fl Oz)</p><a href="https://www.amazon.com/dp/B00RZ4R0ZM?tag=eloabder-20&linkCode=osi&th=1&psc=1">View Product</a></div><div class="product"><a href="https://www.amazon.com/dp/B09TSSR6TQ?tag=eloabder-20&linkCode=osi&th=1&psc=1"><img src="https://m.media-amazon.com/images/I/41YfZQIZVHL._SL500_.jpg" alt="Product Image"></a><p>Erborian Color Correcting CC Cream with cica, Tan (Dore) - Lightweight Multi-Purpose Foundation with Illuminating Finish Soothes & Hydrates - SPF Korean Skincare Skin Perfector - 1.5 Oz</p><p>$46.00 ($30.67 / Ounce)</p><a href="https://www.amazon.com/dp/B09TSSR6TQ?tag=eloabder-20&linkCode=osi&th=1&psc=1">View Product</a></div><div class="product"><a href="https://www.amazon.com/dp/B0CG67918Y?tag=eloabder-20&linkCode=osi&th=1&psc=1"><img src="https://m.media-amazon.com/images/I/31ZBRrlGQeL._SL500_.jpg" alt="Product Image"></a><p>Color Correcting CC Cream with SPF 25, Coverage Lightweight Foundation, Hydrating Serum, Even Skin Tone Makeup and Skin Care, Boost Radiance, Refine Skin Texture, Avoid Sun Damage (LightLight, 1PCS)</p><p>$9.99</p><a href="https://www.amazon.com/dp/B0CG67918Y?tag=eloabder-20&linkCode=osi&th=1&psc=1">View Product</a></div><div class="product"><a href="https://www.amazon.com/dp/B07GV322NS?tag=eloabder-20&linkCode=osi&th=1&psc=1"><img src="https://m.media-amazon.com/images/I/318Xp-z4BzL._SL500_.jpg" alt="Product Image"></a><p>IT Cosmetics Your Skin But Better CC+ Cream Illumination - Color Correcting Cream, Full-Coverage Foundation, Hydrating Serum & SPF 50+ Sunscreen Radiant Finish 1.08 fl oz</p><p>$47.00 ($43.52 / Fl Oz)</p><a href="https://www.amazon.com/dp/B07GV322NS?tag=eloabder-20&linkCode=osi&th=1&psc=1">View Product</a></div><div class="product"><a href="https://www.amazon.com/dp/B08TQMG68Q?tag=eloabder-20&linkCode=osi&th=1&psc=1"><img src="https://m.media-amazon.com/images/I/31WzGFVeXLL._SL500_.jpg" alt="Product Image"></a><p>e.l.f. Camo CC Cream, Color Correcting Medium-To-Full Coverage Foundation with SPF 30, Light 240 W, 1.05 Oz (30g)</p><p>$14.29</p><a href="https://www.amazon.com/dp/B08TQMG68Q?tag=eloabder-20&linkCode=osi&th=1&psc=1">View Product</a></div><div class="product"><a href="https://www.amazon.com/dp/B00HUA6LCO?tag=eloabder-20&linkCode=osi&th=1&psc=1"><img src="https://m.media-amazon.com/images/I/31tzzIuzR3L._SL500_.jpg" alt="Product Image"></a><p>Physicians Formula Super CC+ Cream Color-Correction + Care Cream Full Coverage Light Foundation, Anti Aging Hydrating Serum, For Uneven Skin Tone, Dermatologist Approved</p><p>$12.30</p><a href="https://www.amazon.com/dp/B00HUA6LCO?tag=eloabder-20&linkCode=osi&th=1&psc=1">View Product</a></div><div class="product"><a href="https://www.amazon.com/dp/B00E4OQ63I?tag=eloabder-20&linkCode=osi&th=1&psc=1"><img src="https://m.media-amazon.com/images/I/31C4yvovnxL._SL500_.jpg" alt="Product Image"></a><p>Lumene Color Correcting CC Cream - Lightweight Foundation with Medium Coverage - Redness Reducing Face Makeup for a Glowing Complexion - Vegan Formula + Suitable for All Skin Types - Medium (1 fl oz)</p><p>$17.40 ($17.40 / Fl Oz)</p><a href="https://www.amazon.com/dp/B00E4OQ63I?tag=eloabder-20&linkCode=osi&th=1&psc=1">View Product</a></div><div class="product"><a href="https://www.amazon.com/dp/B09TSRF2Q8?tag=eloabder-20&linkCode=osi&th=1&psc=1"><img src="https://m.media-amazon.com/images/I/41lZpQCt9HL._SL500_.jpg" alt="Product Image"></a><p>Erborian Color Correcting CC Cream with Centella Asiatica, Red Correct - Light Multi-Purpose Facial Concealer with Illuminating Finish Soothes & Hydrates - SPF Korean Skincare Skin Perfector - 0.5 Oz</p><p>$25.00 ($50.00 / Ounce)</p><a href="https://www.amazon.com/dp/B09TSRF2Q8?tag=eloabder-20&linkCode=osi&th=1&psc=1">View Product</a></div><div class="product"><a href="https://www.amazon.com/dp/B00U3203IY?tag=eloabder-20&linkCode=osi&th=1&psc=1"><img src="https://m.media-amazon.com/images/I/31BL0K5i4vL._SL500_.jpg" alt="Product Image"></a><p>IT Cosmetics Your Skin But Better CC+ Cream Travel Size, Light (W) - Color Correcting Cream, Full-Coverage Foundation, Hydrating Serum & SPF 50+ Sunscreen - Natural Finish - 0.406 fl oz</p><p>$22.00 ($55.00 / Fl Oz)</p><a href="https://www.amazon.com/dp/B00U3203IY?tag=eloabder-20&linkCode=osi&th=1&psc=1">View Product</a></div>
<div class="product"><a href="https://www.amazon.com/dp/B0CG68RTBB?tag=eloabder-20&linkCode=osi&th=1&psc=1"><img src="https://m.media-amazon.com/images/I/51d8MhcTFdL._SL500_.jpg" alt="Product Image"></a><p>Contour Stick, Highlighter Stick, Blush Stick 3Pcs Cream Contour Kit with Contour Brush, Create Face Contour, Non-greasy, Waterproof Long-lasting Effect, Highlighter Makeup Stick for Beginner Medium</p><p>$6.64 ($1.72 / Ounce)</p><a href="https://www.amazon.com/dp/B0CG68RTBB?tag=eloabder-20&linkCode=osi&th=1&psc=1">View Product</a></div><div class="product"><a href="https://www.amazon.com/dp/B0B7713RZQ?tag=eloabder-20&linkCode=osi&th=1&psc=1"><img src="https://m.media-amazon.com/images/I/51pLW0sMwGL._SL500_.jpg" alt="Product Image"></a><p>4 Colors Cream Contour Sticks Makeup Kit, Primer Face Highlighter Contouring for Beginners, Highlight and Contour Kit, Cream Concealer Makeup Blur Stick, Primer Face Corrector 1#,3#</p><p>$9.98</p><a href="https://www.amazon.com/dp/B0B7713RZQ?tag=eloabder-20&linkCode=osi&th=1&psc=1">View Product</a></div><div class="product"><a href="https://www.amazon.com/dp/B014PVXY5W?tag=eloabder-20&linkCode=osi&th=1&psc=1"><img src="https://m.media-amazon.com/images/I/41Qf+n9Gn-L._SL500_.jpg" alt="Product Image"></a><p>Aesthetica Cosmetics Cream Contour and Highlighting Makeup Kit - Contouring Foundation/Concealer Palette - Vegan & Cruelty Free - Step-by-Step Instructions Included</p><p>$29.97 ($47.57 / Ounce)</p><a href="https://www.amazon.com/dp/B014PVXY5W?tag=eloabder-20&linkCode=osi&th=1&psc=1">View Product</a></div><div class="product"><a href="https://www.amazon.com/dp/B0CSCYCQTP?tag=eloabder-20&linkCode=osi&th=1&psc=1"><img src="https://m.media-amazon.com/images/I/41g9O0LMEpL._SL500_.jpg" alt="Product Image"></a><p>Umadit Contour Stick, Blush Stick, Highlighter Stick, Bronzer Stick, 3 Pcs Cream Contour Kit with Brush for a Flawless Look, Contour Stick Makeup Non-Greasy Waterproof, Long-lasting Fair-Medium</p><p>$14.99</p><a href="https://www.amazon.com/dp/B0CSCYCQTP?tag=eloabder-20&linkCode=osi&th=1&psc=1">View Product</a></div><div class="product"><a href="https://www.amazon.com/dp/B0C6MYW7FC?tag=eloabder-20&linkCode=osi&th=1&psc=1"><img src="https://m.media-amazon.com/images/I/51CRa+rR5yL._SL500_.jpg" alt="Product Image"></a><p>3Pcs Cream Contour Stick Makeup Kit,Shades with Highlighter Stick,Blush Stick and Bronzer Contour Stick for Sculpt the Cheeks,Long Lasting,Waterproof,Matte & Dewy Finish,LIGHT MEDIUM (#02,05,06)</p><p>$12.99</p><a href="https://www.amazon.com/dp/B0C6MYW7FC?tag=eloabder-20&linkCode=osi&th=1&psc=1">View Product</a></div><div class="product"><a href="https://www.amazon.com/dp/B074G44PVR?tag=eloabder-20&linkCode=osi&th=1&psc=1"><img src="https://m.media-amazon.com/images/I/41dMa+Rs2NL._SL500_.jpg" alt="Product Image"></a><p>W7 Lift & Sculpt Cream Contour Kit - Concealing, Highlighting & Contouring Makeup Palette - Step-by-Step Instructions Included</p><p>$6.29 ($8.99 / Ounce)</p><a href="https://www.amazon.com/dp/B074G44PVR?tag=eloabder-20&linkCode=osi&th=1&psc=1">View Product</a></div><div class="product"><a href="https://www.amazon.com/dp/B0045J2GKY?tag=eloabder-20&linkCode=osi&th=1&psc=1"><img src="https://m.media-amazon.com/images/I/31m4Yh07iZL._SL500_.jpg" alt="Product Image"></a><p>Smashbox Step-By-Step Contour, Highlighter, & Bronzer Face Palette with Angled Brush, Light/Medium</p><p>$40.00 ($100.00 / Ounce)</p><a href="https://www.amazon.com/dp/B0045J2GKY?tag=eloabder-20&linkCode=osi&th=1&psc=1">View Product</a></div><div class="product"><a href="https://www.amazon.com/dp/B0169YYBYQ?tag=eloabder-20&linkCode=osi&th=1&psc=1"><img src="https://m.media-amazon.com/images/I/31BGUv-HtUL._SL500_.jpg" alt="Product Image"></a><p>Maybelline Facestudio Master Contour Face Contouring Kit, Light to Medium, 1 Count</p><p>$9.98 ($28.51 / Ounce)</p><a href="https://www.amazon.com/dp/B0169YYBYQ?tag=eloabder-20&linkCode=osi&th=1&psc=1">View Product</a></div><div class="product"><a href="https://www.amazon.com/dp/B00HG1JMB4?tag=eloabder-20&linkCode=osi&th=1&psc=1"><img src="https://m.media-amazon.com/images/I/31wv1eTLSgL._SL500_.jpg" alt="Product Image"></a><p>Anastasia Beverly Hills Contour Powder Kit - Light to Medium Women 0.66 oz</p><p>$40.00 ($60.61 / Ounce)</p><a href="https://www.amazon.com/dp/B00HG1JMB4?tag=eloabder-20&linkCode=osi&th=1&psc=1">View Product</a></div><div class="product"><a href="https://www.amazon.com/dp/B0CZLKZ5MV?tag=eloabder-20&linkCode=osi&th=1&psc=1"><img src="https://m.media-amazon.com/images/I/41bkKtdgzlL._SL500_.jpg" alt="Product Image"></a><p>3Pcs Cream Contour Stick Makeup Kit, Shades with Highlighter Stick, Blush Stick and Bronzer Contour Stick for Sculpt the Cheeks, Long Lasting, Waterproof, Matte & Dewy Finish (LIGHT MEDIUM)</p><p>$9.99</p><a href="https://www.amazon.com/dp/B0CZLKZ5MV?tag=eloabder-20&linkCode=osi&th=1&psc=1">View Product</a></div>
<div class="product"><a href="https://www.amazon.com/dp/B00WZQTCS8?tag=eloabder-20&linkCode=osi&th=1&psc=1"><img src="https://m.media-amazon.com/images/I/41iVoW5QboL._SL500_.jpg" alt="Product Image"></a><p>NYX PROFESSIONAL MAKEUP Micro Brow Pencil, Eyebrow Pencil - Espresso</p><p>$7.33</p><a href="https://www.amazon.com/dp/B00WZQTCS8?tag=eloabder-20&linkCode=osi&th=1&psc=1">View Product</a></div><div class="product"><a href="https://www.amazon.com/dp/B01643FI0I?tag=eloabder-20&linkCode=osi&th=1&psc=1"><img src="https://m.media-amazon.com/images/I/21w1DpgxRoL._SL500_.jpg" alt="Product Image"></a><p>L'Oreal Paris Makeup Brow Stylist Definer Waterproof Eyebrow Pencil, Ultra-Fine Mechanical Pencil, Draws Tiny Brow Hairs and Fills in Sparse Areas and Gaps, Dark Brunette, 0.003 Ounce (Pack of 1)</p><p>$8.98</p><a href="https://www.amazon.com/dp/B01643FI0I?tag=eloabder-20&linkCode=osi&th=1&psc=1">View Product</a></div><div class="product"><a href="https://www.amazon.com/dp/B074VD4X7W?tag=eloabder-20&linkCode=osi&th=1&psc=1"><img src="https://m.media-amazon.com/images/I/41eK8J1W2rL._SL500_.jpg" alt="Product Image"></a><p>Maybelline Total Temptation Eyebrow Definer Pencil, Soft Brown, 1 Count</p><p>$8.99</p><a href="https://www.amazon.com/dp/B074VD4X7W?tag=eloabder-20&linkCode=osi&th=1&psc=1">View Product</a></div><div class="product"><a href="https://www.amazon.com/dp/B0797NNXS7?tag=eloabder-20&linkCode=osi&th=1&psc=1"><img src="https://m.media-amazon.com/images/I/31M1oepnAnL._SL500_.jpg" alt="Product Image"></a><p>wet n wild Ultimate Eyebrow Retractable Definer Pencil, Dark Brown, Dual-Sided, Fine Tip, Shapes, Defines, Fills Brows Makeup</p><p>$3.26</p><a href="https://www.amazon.com/dp/B0797NNXS7?tag=eloabder-20&linkCode=osi&th=1&psc=1">View Product</a></div><div class="product"><a href="https://www.amazon.com/dp/B0B52KG7YP?tag=eloabder-20&linkCode=osi&th=1&psc=1"><img src="https://m.media-amazon.com/images/I/31Mi4FEPxYL._SL500_.jpg" alt="Product Image"></a><p>e.l.f. Instant Lift Brow Pencil, Dual-Ended Precision Brow Pencils For Shaping & Defining Eyebrows, Vegan & Cruelty-Free, Neutral Brown, 2-Pack</p><p>$5.00</p><a href="https://www.amazon.com/dp/B0B52KG7YP?tag=eloabder-20&linkCode=osi&th=1&psc=1">View Product</a></div><div class="product"><a href="https://www.amazon.com/dp/B0CPFY8K8W?tag=eloabder-20&linkCode=osi&th=1&psc=1"><img src="https://m.media-amazon.com/images/I/21SmXiqZZYL._SL500_.jpg" alt="Product Image"></a><p>e.l.f. Instant Lift Waterproof Brow Pencil, Long-Lasting Eyebrow Pencil For Grooming & Shaping Brows, Vegan & Cruelty-free, Deep Brown</p><p>$4.00</p><a href="https://www.amazon.com/dp/B0CPFY8K8W?tag=eloabder-20&linkCode=osi&th=1&psc=1">View Product</a></div><div class="product"><a href="https://www.amazon.com/dp/B0779TDXZD?tag=eloabder-20&linkCode=osi&th=1&psc=1"><img src="https://m.media-amazon.com/images/I/31lQjBd5GoL._SL500_.jpg" alt="Product Image"></a><p>COVERGIRL - Easy Breezy Brow Micro-Fine + Define Pencil, Micro-fine tip, no sharpening required, Built-in spoolie-brush, 100% Cruelty-Free</p><p>$6.98</p><a href="https://www.amazon.com/dp/B0779TDXZD?tag=eloabder-20&linkCode=osi&th=1&psc=1">View Product</a></div><div class="product"><a href="https://www.amazon.com/dp/B001ESKLZQ?tag=eloabder-20&linkCode=osi&th=1&psc=1"><img src="https://m.media-amazon.com/images/I/31bw47frHzS._SL500_.jpg" alt="Product Image"></a><p>COVERGIRL - Easy Breezy Brow Fill + Define Brow Pencil, Sharpener Included, Long-Lasting, Deeply Pigmented, Blendable Formula, 100% Cruelty-Free</p><p>$4.47</p><a href="https://www.amazon.com/dp/B001ESKLZQ?tag=eloabder-20&linkCode=osi&th=1&psc=1">View Product</a></div><div class="product"><a href="https://www.amazon.com/dp/B0BZB5S5VZ?tag=eloabder-20&linkCode=osi&th=1&psc=1"><img src="https://m.media-amazon.com/images/I/21yggYcUn7L._SL500_.jpg" alt="Product Image"></a><p>Maybelline Express Brow Ultra Slim Eyebrow Makeup, Brow Pencil with Precision Tip and Spoolie for Defined Eyebrows, Ash Brown, 1 Count</p><p>$7.99</p><a href="https://www.amazon.com/dp/B0BZB5S5VZ?tag=eloabder-20&linkCode=osi&th=1&psc=1">View Product</a></div><div class="product"><a href="https://www.amazon.com/dp/B0D12PWNK6?tag=eloabder-20&linkCode=osi&th=1&psc=1"><img src="https://m.media-amazon.com/images/I/51u7eOlEtFL._SL500_.jpg" alt="Product Image"></a><p>iMethod Microblading Eyebrow Pen - Eyebrow Pencil Magical 2-in-1 Dual-Ended Eye Brow Pencils for Women with 4-Fork-Tip & Precise Brush-Tip Create Natural Hair-Like Brows, Last All-Day, Dark Brown</p><p>$14.97 ($14.97 / Count)</p><a href="https://www.amazon.com/dp/B0D12PWNK6?tag=eloabder-20&linkCode=osi&th=1&psc=1">View Product</a></div>
<div class="product"><a href="https://www.amazon.com/dp/B08M58SWB1?tag=eloabder-20&linkCode=osi&th=1&psc=1"><img src="https://m.media-amazon.com/images/I/310xAdliG2L._SL500_.jpg" alt="Product Image"></a><p>NYX PROFESSIONAL MAKEUP The Brow Glue, Extreme Hold Eyebrow Gel - Clear</p><p>$9.97</p><a href="https://www.amazon.com/dp/B08M58SWB1?tag=eloabder-20&linkCode=osi&th=1&psc=1">View Product</a></div><div class="product"><a href="https://www.amazon.com/dp/B0CXZHMR7J?tag=eloabder-20&linkCode=osi&th=1&psc=1"><img src="https://m.media-amazon.com/images/I/31Yeo2ybK3L._SL500_.jpg" alt="Product Image"></a><p>L'Oreal Paris Infallible Up To 24H Wear Brow Lamination, Water-Resistant Longwear Eyebrow Gel Make Up, Clear/Transparent, 0.16 Fl Oz</p><p>$10.98</p><a href="https://www.amazon.com/dp/B0CXZHMR7J?tag=eloabder-20&linkCode=osi&th=1&psc=1">View Product</a></div><div class="product"><a href="https://www.amazon.com/dp/B00INCDKDQ?tag=eloabder-20&linkCode=osi&th=1&psc=1"><img src="https://m.media-amazon.com/images/I/31av5tR14oL._SL500_.jpg" alt="Product Image"></a><p>NYX PROFESSIONAL MAKEUP Control Freak Eyebrow Gel - Clear</p><p>$5.25</p><a href="https://www.amazon.com/dp/B00INCDKDQ?tag=eloabder-20&linkCode=osi&th=1&psc=1">View Product</a></div><div class="product"><a href="https://www.amazon.com/dp/B0815D98F3?tag=eloabder-20&linkCode=osi&th=1&psc=1"><img src="https://m.media-amazon.com/images/I/21QZMOUJnZL._SL500_.jpg" alt="Product Image"></a><p>e.l.f. Wow Brow Gel, Volumizing, Buildable, Wax-Gel Hybrid, Creates Full, Voluminous-Looking Brows, Locks Brow Hairs In Place, Neutral Brown, Fiber-Infused, 0.12 Oz</p><p>$5.00</p><a href="https://www.amazon.com/dp/B0815D98F3?tag=eloabder-20&linkCode=osi&th=1&psc=1">View Product</a></div><div class="product"><a href="https://www.amazon.com/dp/B0CZ9RC3LP?tag=eloabder-20&linkCode=osi&th=1&psc=1"><img src="https://m.media-amazon.com/images/I/31iejSSA86L._SL500_.jpg" alt="Product Image"></a><p>Maybelline Super Lock Brow Glue Eyebrow Gel, Lightweight Brow Gel For Up To 24HR Hold, Clear, 1 Count</p><p>$8.98</p><a href="https://www.amazon.com/dp/B0CZ9RC3LP?tag=eloabder-20&linkCode=osi&th=1&psc=1">View Product</a></div><div class="product"><a href="https://www.amazon.com/dp/B07GYBFBLY?tag=eloabder-20&linkCode=osi&th=1&psc=1"><img src="https://m.media-amazon.com/images/I/41kXdvFl3lL._SL500_.jpg" alt="Product Image"></a><p>L'Oreal Paris Unbelieva-Brow Longwear Waterproof Tinted Brow Gel, Smudge-resistant, Transfer- Proof, Quick Drying, Easy and quick application with precise brush, Blonde, 0.15 fl. oz.</p><p>$14.99</p><a href="https://www.amazon.com/dp/B07GYBFBLY?tag=eloabder-20&linkCode=osi&th=1&psc=1">View Product</a></div><div class="product"><a href="https://www.amazon.com/dp/B0BSP2J3BH?tag=eloabder-20&linkCode=osi&th=1&psc=1"><img src="https://m.media-amazon.com/images/I/316Jdh8JQ8L._SL500_.jpg" alt="Product Image"></a><p>e.l.f. Clear Lash & Brow Mascara 2-Pack, Conditioning Clear Brow & Lash Gel For Grooming, Defining & Separating, Long-Lasting, Vegan & Cruelty-Free</p><p>$5.00</p><a href="https://www.amazon.com/dp/B0BSP2J3BH?tag=eloabder-20&linkCode=osi&th=1&psc=1">View Product</a></div><div class="product"><a href="https://www.amazon.com/dp/B0D3FGY5D6?tag=eloabder-20&linkCode=osi&th=1&psc=1"><img src="https://m.media-amazon.com/images/I/31aAxHQKwVL._SL500_.jpg" alt="Product Image"></a><p>e.l.f. Brow Laminating Gel, Strong-Hold, Clear-Drying & Water-Resistant Brow Gel Creates Laminated Brows, Comb & Sculpt Brows, Vegan & Cruelty-free</p><p>$8.00</p><a href="https://www.amazon.com/dp/B0D3FGY5D6?tag=eloabder-20&linkCode=osi&th=1&psc=1">View Product</a></div><div class="product"><a href="https://www.amazon.com/dp/B00GI21NZA?tag=eloabder-20&linkCode=osi&th=1&psc=1"><img src="https://m.media-amazon.com/images/I/31w5F4g8lsL._SL500_.jpg" alt="Product Image"></a><p>Anastasia Beverly Hills - Clear Brow Gel</p><p>$22.00 ($22.00 / Count)</p><a href="https://www.amazon.com/dp/B00GI21NZA?tag=eloabder-20&linkCode=osi&th=1&psc=1">View Product</a></div>
<div class="product"><a href="https://www.amazon.com/dp/B001AAVC7Y?tag=eloabder-20&linkCode=osi&th=1&psc=1"><img src="https://m.media-amazon.com/images/I/51pWQb458XL._SL500_.jpg" alt="Product Image"></a><p>Palladio Brow Powder for Eyebrows, Soft and Natural Eyebrow Powder with Jojoba Oil & Shea Butter, Helps Enhance & Define Brows, Compact Size for Purse or Travel, Includes Applicator Brush, Taupe</p><p>$8.99</p><a href="https://www.amazon.com/dp/B001AAVC7Y?tag=eloabder-20&linkCode=osi&th=1&psc=1">View Product</a></div><div class="product"><a href="https://www.amazon.com/dp/B082YQ4QXJ?tag=eloabder-20&linkCode=osi&th=1&psc=1"><img src="https://m.media-amazon.com/images/I/41eSAKmXl+L._SL500_.jpg" alt="Product Image"></a><p>wet n wild Ultimate Eyebrow Makeup Kit, Eyebrow Powder Dark Brown, Brow Hair Removal Tweezers, Wax, Brush</p><p>$4.47</p><a href="https://www.amazon.com/dp/B082YQ4QXJ?tag=eloabder-20&linkCode=osi&th=1&psc=1">View Product</a></div><div class="product"><a href="https://www.amazon.com/dp/B06XRTKFLK?tag=eloabder-20&linkCode=osi&th=1&psc=1"><img src="https://m.media-amazon.com/images/I/41XwKxED0-L._SL500_.jpg" alt="Product Image"></a><p>COVERGIRL - Easy Breezy Brow Powder Kit, three shades brow definer, professional double-ended angled brush, effortless, 100% Cruelty-Free</p><p>$8.83</p><a href="https://www.amazon.com/dp/B06XRTKFLK?tag=eloabder-20&linkCode=osi&th=1&psc=1">View Product</a></div><div class="product"><a href="https://www.amazon.com/dp/B00L1JKKMC?tag=eloabder-20&linkCode=osi&th=1&psc=1"><img src="https://m.media-amazon.com/images/I/31bkV3lHN+L._SL500_.jpg" alt="Product Image"></a><p>Anastasia Beverly Hills - Brow Powder Duo - Soft Brown</p><p>$23.00</p><a href="https://www.amazon.com/dp/B00L1JKKMC?tag=eloabder-20&linkCode=osi&th=1&psc=1">View Product</a></div><div class="product"><a href="https://www.amazon.com/dp/B00MGK9Q5M?tag=eloabder-20&linkCode=osi&th=1&psc=1"><img src="https://m.media-amazon.com/images/I/415oCHJxIQL._SL500_.jpg" alt="Product Image"></a><p>Rimmel Brow This Way Sculpting Kit, Medium Brown, Powder 0.04 Ounce, Wax 0.03 Ounce</p><p>$6.99</p><a href="https://www.amazon.com/dp/B00MGK9Q5M?tag=eloabder-20&linkCode=osi&th=1&psc=1">View Product</a></div><div class="product"><a href="https://www.amazon.com/dp/B0051UM9VC?tag=eloabder-20&linkCode=osi&th=1&psc=1"><img src="https://m.media-amazon.com/images/I/41Y-UExgalL._SL500_.jpg" alt="Product Image"></a><p>Billion Dollar BrowBillion Dollar Brows - Eyebrow Powder - Blonde Powder, Blonde,</p><p>$10.99</p><a href="https://www.amazon.com/dp/B0051UM9VC?tag=eloabder-20&linkCode=osi&th=1&psc=1">View Product</a></div><div class="product"><a href="https://www.amazon.com/dp/B08KJBZTJG?tag=eloabder-20&linkCode=osi&th=1&psc=1"><img src="https://m.media-amazon.com/images/I/41MbUKhqKML._SL500_.jpg" alt="Product Image"></a><p>Eyebrow powder three-color eyebrow palette beauty contour eyebrow pencil professional eye makeup eyebrow filler1</p><p>$5.16 ($24.57 / Ounce)</p><a href="https://www.amazon.com/dp/B08KJBZTJG?tag=eloabder-20&linkCode=osi&th=1&psc=1">View Product</a></div><div class="product"><a href="https://www.amazon.com/dp/B0C5N2BWM2?tag=eloabder-20&linkCode=osi&th=1&psc=1"><img src="https://m.media-amazon.com/images/I/41JRf57GnvL._SL500_.jpg" alt="Product Image"></a><p>Eyebrow Powder Makeup Kit-3 Colors Eye Brow Powder Palette Long-Lasting Waterproof, Dark/light Brown Brow Filler, Fill & Sculpt Full Eyebrows for Women, With Mirror, Brow Brush & Razor-Set 02</p><p>$7.99 ($38.05 / Ounce)</p><a href="https://www.amazon.com/dp/B0C5N2BWM2?tag=eloabder-20&linkCode=osi&th=1&psc=1">View Product</a></div><div class="product"><a href="https://www.amazon.com/dp/B00M42I62G?tag=eloabder-20&linkCode=osi&th=1&psc=1"><img src="https://m.media-amazon.com/images/I/51Se54PcS2L._SL500_.jpg" alt="Product Image"></a><p>Marie-José & Co Medium Brown Eyebrow Powder - Perfect eyebrows, powder smooth!</p><p>$17.95</p><a href="https://www.amazon.com/dp/B00M42I62G?tag=eloabder-20&linkCode=osi&th=1&psc=1">View Product</a></div>
<div class="product"><a href="https://www.amazon.com/dp/B085WR3YDT?tag=eloabder-20&linkCode=osi&th=1&psc=1"><img src="https://m.media-amazon.com/images/I/41cuO8PyoTL._SL500_.jpg" alt="Product Image"></a><p>wet n wild Color Icon Cream Eyeshadow Multi-Stick, Moisturizing, Nourishing Velvety Cream-to-Powder Buildable & Blendable Formula, Cruelty-Free & Vegan - Champagne Room</p><p>$3.28</p><a href="https://www.amazon.com/dp/B085WR3YDT?tag=eloabder-20&linkCode=osi&th=1&psc=1">View Product</a></div><div class="product"><a href="https://www.amazon.com/dp/B01IW02HX2?tag=eloabder-20&linkCode=osi&th=1&psc=1"><img src="https://m.media-amazon.com/images/I/510F-WOAL4L._SL500_.jpg" alt="Product Image"></a><p>NYX PROFESSIONAL MAKEUP Ultimate Shadow Palette, Eyeshadow Palette - Warm Neutrals</p><p>$9.99</p><a href="https://www.amazon.com/dp/B01IW02HX2?tag=eloabder-20&linkCode=osi&th=1&psc=1">View Product</a></div><div class="product"><a href="https://www.amazon.com/dp/B092JQ23N5?tag=eloabder-20&linkCode=osi&th=1&psc=1"><img src="https://m.media-amazon.com/images/I/51OUufwItlL._SL500_.jpg" alt="Product Image"></a><p>URBAN DECAY 24/7 Longwear Eyeshadow Single (Sin - Champagne Shimmer), High-Pigment Eye Shadow Compact, Smooth & Blendable Colors, Crease-free, Vegan - 0.06 oz</p><p>$22.00</p><a href="https://www.amazon.com/dp/B092JQ23N5?tag=eloabder-20&linkCode=osi&th=1&psc=1">View Product</a></div><div class="product"><a href="https://www.amazon.com/dp/B00L5SMFJU?tag=eloabder-20&linkCode=osi&th=1&psc=1"><img src="https://m.media-amazon.com/images/I/41-WaM3A3tL._SL500_.jpg" alt="Product Image"></a><p>Covergirl Eye Enhancers Eye Shadow Palette, Natural Nudes, 0.19 Ounce</p><p>$5.48</p><a href="https://www.amazon.com/dp/B00L5SMFJU?tag=eloabder-20&linkCode=osi&th=1&psc=1">View Product</a></div><div class="product"><a href="https://www.amazon.com/dp/B01LW1983J?tag=eloabder-20&linkCode=osi&th=1&psc=1"><img src="https://m.media-amazon.com/images/I/51EsPf59XBL._SL500_.jpg" alt="Product Image"></a><p>Julep Eyeshadow 101 Crème to Powder Waterproof Eyeshadow Stick, Champagne Shimmer</p><p>$18.00</p><a href="https://www.amazon.com/dp/B01LW1983J?tag=eloabder-20&linkCode=osi&th=1&psc=1">View Product</a></div><div class="product"><a href="https://www.amazon.com/dp/B0D3FGFBGQ?tag=eloabder-20&linkCode=osi&th=1&psc=1"><img src="https://m.media-amazon.com/images/I/31HD2nUWJSL._SL500_.jpg" alt="Product Image"></a><p>e.l.f. Lock It Down Eyeshadow Primer, Smooth, Creamy Primer For Long-Lasting Eyeshadow, Intensifies Liquid & Powder Color, Vegan & Cruelty-free</p><p>$7.00</p><a href="https://www.amazon.com/dp/B0D3FGFBGQ?tag=eloabder-20&linkCode=osi&th=1&psc=1">View Product</a></div><div class="product"><a href="https://www.amazon.com/dp/B00UKP1M2K?tag=eloabder-20&linkCode=osi&th=1&psc=1"><img src="https://m.media-amazon.com/images/I/41hSsvPHKxL._SL500_.jpg" alt="Product Image"></a><p>Maybelline The Blushed Nudes Eyeshadow Palette Makeup, 12 Pigmented Matte & Shimmer Shades, Blendable Powder, 1 Count</p><p>$9.32</p><a href="https://www.amazon.com/dp/B00UKP1M2K?tag=eloabder-20&linkCode=osi&th=1&psc=1">View Product</a></div><div class="product"><a href="https://www.amazon.com/dp/B07MQJRK7N?tag=eloabder-20&linkCode=osi&th=1&psc=1"><img src="https://m.media-amazon.com/images/I/41yzRaUSPiL._SL500_.jpg" alt="Product Image"></a><p>Highly Pigmented Eye Makeup Palette, Matte Shimmer Metallic Eyeshadow Pallet Long Lasting Blendable Natural Colors Make Up Eye Shadows Cosmetics Gift Kit</p><p>$7.39</p><a href="https://www.amazon.com/dp/B07MQJRK7N?tag=eloabder-20&linkCode=osi&th=1&psc=1">View Product</a></div><div class="product"><a href="https://www.amazon.com/dp/B08RS6WNX7?tag=eloabder-20&linkCode=osi&th=1&psc=1"><img src="https://m.media-amazon.com/images/I/51qCii788PL._SL500_.jpg" alt="Product Image"></a><p>wet n wild Color Icon 5-Pan Palette Brown Walking On Eggshells</p><p>$3.19</p><a href="https://www.amazon.com/dp/B08RS6WNX7?tag=eloabder-20&linkCode=osi&th=1&psc=1">View Product</a></div><div class="product"><a href="https://www.amazon.com/dp/B073ZBGLJF?tag=eloabder-20&linkCode=osi&th=1&psc=1"><img src="https://m.media-amazon.com/images/I/41go9Ug8AOL._SL500_.jpg" alt="Product Image"></a><p>BestLand 2 Pack 12 Colors Makeup Nude Colors Eyeshadow Palette Natural Nude Matte Shimmer Glitter Pigment Eye Shadow Pallete Set Waterproof Smokey Professional Beauty Makeup Kit (2 PCS)</p><p>$9.99</p><a href="https://www.amazon.com/dp/B073ZBGLJF?tag=eloabder-20&linkCode=osi&th=1&psc=1">View Product</a></div>
<div class="product"><a href="https://www.amazon.com/dp/B095PSJ7QV?tag=eloabder-20&linkCode=osi&th=1&psc=1"><img src="https://m.media-amazon.com/images/I/41KLL00KKZL._SL500_.jpg" alt="Product Image"></a><p>URBAN DECAY Naked3 Mini Eyeshadow Palette - Pigmented Eye Makeup Palette For On the Go - Ultra Blendable - Up to 12 Hour Wear</p><p>$35.00</p><a href="https://www.amazon.com/dp/B095PSJ7QV?tag=eloabder-20&linkCode=osi&th=1&psc=1">View Product</a></div><div class="product"><a href="https://www.amazon.com/dp/B07DZZG8X4?tag=eloabder-20&linkCode=osi&th=1&psc=1"><img src="https://m.media-amazon.com/images/I/41Rbe3ixSHL._SL500_.jpg" alt="Product Image"></a><p>Rimmel London Magnif'Eyes Eyeshadow Palette, 12 Shades, Blendable Formula, Versatile, 007, Crimson, 0.5oz</p><p>$3.70</p><a href="https://www.amazon.com/dp/B07DZZG8X4?tag=eloabder-20&linkCode=osi&th=1&psc=1">View Product</a></div><div class="product"><a href="https://www.amazon.com/dp/B00HIFA24O?tag=eloabder-20&linkCode=osi&th=1&psc=1"><img src="https://m.media-amazon.com/images/I/41pHzrdjcPL._SL500_.jpg" alt="Product Image"></a><p>URBAN DECAY Naked 3, Soft Pink Neutral Eyeshadow Palette, Matte, Pearl, Metallic, Shimmer Finish, 12 Mauve Brown & Nude Eye Shadows, Natural Soft Glam Smokey Eye Makeup, Vegan, Cruelty-free</p><p>$59.00</p><a href="https://www.amazon.com/dp/B00HIFA24O?tag=eloabder-20&linkCode=osi&th=1&psc=1">View Product</a></div><div class="product"><a href="https://www.amazon.com/dp/B0CP49R493?tag=eloabder-20&linkCode=osi&th=1&psc=1"><img src="https://m.media-amazon.com/images/I/41mV4uKx5HL._SL500_.jpg" alt="Product Image"></a><p>FLYEEO Neutral Brown Eye Shadow palette- Rose Gold Dark Brown Eyeshadow Palette Colorful 9 Colors, Matte Shimmer Highly Pigmented Nude Eyeshadow Palette Makeup Naturing-Looking Long Lasting</p><p>$5.88</p><a href="https://www.amazon.com/dp/B0CP49R493?tag=eloabder-20&linkCode=osi&th=1&psc=1">View Product</a></div><div class="product"><a href="https://www.amazon.com/dp/B0CYX9V642?tag=eloabder-20&linkCode=osi&th=1&psc=1"><img src="https://m.media-amazon.com/images/I/51jaIKsO-uL._SL500_.jpg" alt="Product Image"></a><p>imakeupnow 45 Shades Eye Shadow Makeup Palette Set Colorful Bright, High Pigmented Eyeshadow Pallets, Matte Shimmer Glitter for Halloween</p><p>$7.59</p><a href="https://www.amazon.com/dp/B0CYX9V642?tag=eloabder-20&linkCode=osi&th=1&psc=1">View Product</a></div>
<div class="product"><a href="https://www.amazon.com/dp/B0C9TXLWLY?tag=eloabder-20&linkCode=osi&th=1&psc=1"><img src="https://m.media-amazon.com/images/I/31-5KVw5KDL._SL500_.jpg" alt="Product Image"></a><p>PRIME PROMETICS PrimeEyes Glide Eyeliner for Mature Women – Water-Resistant, Long-Stay and Mess-Proof – Gel Cream Texture, Discreet Sharpener and Effective Smudger (Black)</p><p>$28.00 ($28.00 / Count)</p><a href="https://www.amazon.com/dp/B0C9TXLWLY?tag=eloabder-20&linkCode=osi&th=1&psc=1">View Product</a></div><div class="product"><a href="https://www.amazon.com/dp/B07MWSXPT1?tag=eloabder-20&linkCode=osi&th=1&psc=1"><img src="https://m.media-amazon.com/images/I/315xthaPi6L._SL500_.jpg" alt="Product Image"></a><p>e.l.f. No Budge Retractable Eyeliner, Creamy, Ultra-Pigmented & Waterproof, Creates Bold & Defined Lines, Vegan & Cruelty-Free, Black 0.006 Oz</p><p>$4.00</p><a href="https://www.amazon.com/dp/B07MWSXPT1?tag=eloabder-20&linkCode=osi&th=1&psc=1">View Product</a></div><div class="product"><a href="https://www.amazon.com/dp/B07W8JJ61X?tag=eloabder-20&linkCode=osi&th=1&psc=1"><img src="https://m.media-amazon.com/images/I/31wj5vRROwL._SL500_.jpg" alt="Product Image"></a><p>Maybelline Hyper Easy Liquid Pen No-Skip Eyeliner, Satin Finish, Waterproof Formula, Pitch Black, 0.018 Fl Oz</p><p>$8.38</p><a href="https://www.amazon.com/dp/B07W8JJ61X?tag=eloabder-20&linkCode=osi&th=1&psc=1">View Product</a></div><div class="product"><a href="https://www.amazon.com/dp/B01J1A3TFW?tag=eloabder-20&linkCode=osi&th=1&psc=1"><img src="https://m.media-amazon.com/images/I/51z42sdOArL._SL500_.jpg" alt="Product Image"></a><p>Revlon Pencil Eyeliner, ColorStay Eye Makeup with Built-in Sharpener, Waterproof, Smudge-proof, Longwearing with Ultra-Fine Tip, 201 Black, 2 count (Pack of 1)</p><p>$11.38</p><a href="https://www.amazon.com/dp/B01J1A3TFW?tag=eloabder-20&linkCode=osi&th=1&psc=1">View Product</a></div><div class="product"><a href="https://www.amazon.com/dp/B074Y8LM6T?tag=eloabder-20&linkCode=osi&th=1&psc=1"><img src="https://m.media-amazon.com/images/I/316blXt1KxL._SL500_.jpg" alt="Product Image"></a><p>NYX PROFESSIONAL MAKEUP Epic Ink Liner, Waterproof Liquid Eyeliner - Black, Vegan Formula</p><p>$7.50</p><a href="https://www.amazon.com/dp/B074Y8LM6T?tag=eloabder-20&linkCode=osi&th=1&psc=1">View Product</a></div><div class="product"><a href="https://www.amazon.com/dp/B005G9E9FW?tag=eloabder-20&linkCode=osi&th=1&psc=1"><img src="https://m.media-amazon.com/images/I/51poZdEojrL._SL500_.jpg" alt="Product Image"></a><p>NYX PROFESSIONAL MAKEUP Vivid Rich Mechanical Eye Pencil, Vivid Rich Mechanical, Creamy Retractable Eyeliner - Smokin Topaz, Brown Eyeliner</p><p>$6.00</p><a href="https://www.amazon.com/dp/B005G9E9FW?tag=eloabder-20&linkCode=osi&th=1&psc=1">View Product</a></div><div class="product"><a href="https://www.amazon.com/dp/B082YQ8TXR?tag=eloabder-20&linkCode=osi&th=1&psc=1"><img src="https://m.media-amazon.com/images/I/31Et4E-arpL._SL500_.jpg" alt="Product Image"></a><p>wet n wild Mega Last Breakup Proof Liquid Eyeliner - Quick Drying, Smudge-Resistant, 16-Hour Wear - Cruelty-Free & Vegan - Black</p><p>$5.47</p><a href="https://www.amazon.com/dp/B082YQ8TXR?tag=eloabder-20&linkCode=osi&th=1&psc=1">View Product</a></div><div class="product"><a href="https://www.amazon.com/dp/B07NX61ZHN?tag=eloabder-20&linkCode=osi&th=1&psc=1"><img src="https://m.media-amazon.com/images/I/31kQNTwJazL._SL500_.jpg" alt="Product Image"></a><p>Rimmel London exaggerate auto waterproof eye definer in blackest black, 2 Count</p><p>$6.97</p><a href="https://www.amazon.com/dp/B07NX61ZHN?tag=eloabder-20&linkCode=osi&th=1&psc=1">View Product</a></div><div class="product"><a href="https://www.amazon.com/dp/B082YPRCMM?tag=eloabder-20&linkCode=osi&th=1&psc=1"><img src="https://m.media-amazon.com/images/I/317ubI9GTBL._SL500_.jpg" alt="Product Image"></a><p>wet n wild Mega Last Breakup Proof Eyeliner, Quick Drying, Waterproof, 16-Hour Wear - Cruelty-Free & Vegan - Blackest Black</p><p>$2.28</p><a href="https://www.amazon.com/dp/B082YPRCMM?tag=eloabder-20&linkCode=osi&th=1&psc=1">View Product</a></div><div class="product"><a href="https://www.amazon.com/dp/B07GX832KD?tag=eloabder-20&linkCode=osi&th=1&psc=1"><img src="https://m.media-amazon.com/images/I/315wR2F58-L._SL500_.jpg" alt="Product Image"></a><p>Maybelline TattooStudio Long-Lasting Sharpenable Eyeliner Pencil, Glide on Smooth Gel Pigments with 36 Hour Wear, Waterproof, Deep Onyx, 1 Count</p><p>$6.42</p><a href="https://www.amazon.com/dp/B07GX832KD?tag=eloabder-20&linkCode=osi&th=1&psc=1">View Product</a></div>
<div class="product"><a href="https://www.amazon.com/dp/B0BG7MWNNN?tag=eloabder-20&linkCode=osi&th=1&psc=1"><img src="https://m.media-amazon.com/images/I/41E8W4N+FkL._SL500_.jpg" alt="Product Image"></a><p>Prime Prometics PrimeLash Mascara for Older Women – Volumizing, Incredible Length in 2 Coats – Long-Stay, Zero Clumps, Hypoallergenic (Brown)</p><p>$28.00</p><a href="https://www.amazon.com/dp/B0BG7MWNNN?tag=eloabder-20&linkCode=osi&th=1&psc=1">View Product</a></div><div class="product"><a href="https://www.amazon.com/dp/B00T0C9XRK?tag=eloabder-20&linkCode=osi&th=1&psc=1"><img src="https://m.media-amazon.com/images/I/41IP2ZEXFNL._SL500_.jpg" alt="Product Image"></a><p>essence | Lash Princess False Lash Effect Mascara | Volumizing & Lengthening | Cruelty Free & Paraben Free</p><p>$4.99 ($12.17 / Fl Oz )</p><a href="https://www.amazon.com/dp/B00T0C9XRK?tag=eloabder-20&linkCode=osi&th=1&psc=1">View Product</a></div><div class="product"><a href="https://www.amazon.com/dp/B08H3JPH74?tag=eloabder-20&linkCode=osi&th=1&psc=1"><img src="https://m.media-amazon.com/images/I/31hf532TEHL._SL500_.jpg" alt="Product Image"></a><p>Maybelline Lash Sensational Sky High Washable Mascara Makeup, Volumizing, Lengthening, Defining, Curling, Multiplying, Buildable Formula, Blackest Black, 1 Count</p><p>$9.98</p><a href="https://www.amazon.com/dp/B08H3JPH74?tag=eloabder-20&linkCode=osi&th=1&psc=1">View Product</a></div><div class="product"><a href="https://www.amazon.com/dp/B01DPA6OHO?tag=eloabder-20&linkCode=osi&th=1&psc=1"><img src="https://m.media-amazon.com/images/I/31xGLWu4IKL._SL500_.jpg" alt="Product Image"></a><p>L'Oreal Paris Makeup Voluminous Lash Boosting Conditioning Primer Mascara, White Primer, 0.24 fl; oz.</p><p>$8.88</p><a href="https://www.amazon.com/dp/B01DPA6OHO?tag=eloabder-20&linkCode=osi&th=1&psc=1">View Product</a></div><div class="product"><a href="https://www.amazon.com/dp/B06XF2TR11?tag=eloabder-20&linkCode=osi&th=1&psc=1"><img src="https://m.media-amazon.com/images/I/31B6RR270IL._SL500_.jpg" alt="Product Image"></a><p>L'Oreal Paris Voluminous Makeup Lash Paradise Mascara, Voluptuous Volume, Intense Length, Feathery Soft Full Lashes, No Flaking, No Smudging, No Clumping, Blackest Black, 1 Count</p><p>$9.97</p><a href="https://www.amazon.com/dp/B06XF2TR11?tag=eloabder-20&linkCode=osi&th=1&psc=1">View Product</a></div><div class="product"><a href="https://www.amazon.com/dp/B004BCTFVS?tag=eloabder-20&linkCode=osi&th=1&psc=1"><img src="https://m.media-amazon.com/images/I/31-ICBRxi9L._SL500_.jpg" alt="Product Image"></a><p>L'Oreal Paris Makeup Voluminous Original Volume Building Mascara, Blackest Black, 0.28 fl; Oz, 1 Count</p><p>$8.95</p><a href="https://www.amazon.com/dp/B004BCTFVS?tag=eloabder-20&linkCode=osi&th=1&psc=1">View Product</a></div><div class="product"><a href="https://www.amazon.com/dp/B004BD107O?tag=eloabder-20&linkCode=osi&th=1&psc=1"><img src="https://m.media-amazon.com/images/I/31OWqsdljyL._SL500_.jpg" alt="Product Image"></a><p>L'Oreal Paris Makeup Telescopic Original Lengthening Mascara, Blackest Black, 0.27 Fl Oz (1 Count)</p><p>$10.99</p><a href="https://www.amazon.com/dp/B004BD107O?tag=eloabder-20&linkCode=osi&th=1&psc=1">View Product</a></div><div class="product"><a href="https://www.amazon.com/dp/B00PFCT2R0?tag=eloabder-20&linkCode=osi&th=1&psc=1"><img src="https://m.media-amazon.com/images/I/31RyE6ZtDIL._SL500_.jpg" alt="Product Image"></a><p>Maybelline Lash Sensational Washable Mascara, Lengthening and Volumizing for a Full Fan Effect, Blackest Black, 1 Count</p><p>$8.91</p><a href="https://www.amazon.com/dp/B00PFCT2R0?tag=eloabder-20&linkCode=osi&th=1&psc=1">View Product</a></div><div class="product"><a href="https://www.amazon.com/dp/B08TPCHYLW?tag=eloabder-20&linkCode=osi&th=1&psc=1"><img src="https://m.media-amazon.com/images/I/31EWIaihEwL._SL500_.jpg" alt="Product Image"></a><p>Lancôme Lash Idôle Lash-Lifting & Volumizing Mascara - Black Mascara for Instant Volume, Length & Lift - Smudge Proof & Up To 24H Wear - Black</p><p>$30.00 ($111.11 / Fl Oz)</p><a href="https://www.amazon.com/dp/B08TPCHYLW?tag=eloabder-20&linkCode=osi&th=1&psc=1">View Product</a></div><div class="product"><a href="https://www.amazon.com/dp/B079X4DB3J?tag=eloabder-20&linkCode=osi&th=1&psc=1"><img src="https://m.media-amazon.com/images/I/31jCqqzhgIL._SL500_.jpg" alt="Product Image"></a><p>essence | Volume Booster Lash Primer Mascara | Infused with Mango Butter and Acai Oil for Nurtured Lashes | Conditioning Mascara Primer | White | Vegan | Paraben & Cruelty Free (Pack of 1)</p><p>$4.99</p><a href="https://www.amazon.com/dp/B079X4DB3J?tag=eloabder-20&linkCode=osi&th=1&psc=1">View Product</a></div>
<div class="product"><a href="https://www.amazon.com/dp/B079B8BFR3?tag=eloabder-20&linkCode=osi&th=1&psc=1"><img src="https://m.media-amazon.com/images/I/41DSmndr3KL._SL500_.jpg" alt="Product Image"></a><p>KISS Looks So Natural, False Eyelashes, Shy', 12 mm, Includes 5 Pairs Of Lashes, Contact Lens Friendly, Easy to Apply, Reusable Strip Lashes, Glue On</p><p>$7.09</p><a href="https://www.amazon.com/dp/B079B8BFR3?tag=eloabder-20&linkCode=osi&th=1&psc=1">View Product</a></div><div class="product"><a href="https://www.amazon.com/dp/B09MQCDVM7?tag=eloabder-20&linkCode=osi&th=1&psc=1"><img src="https://m.media-amazon.com/images/I/510lQqrrVtL._SL500_.jpg" alt="Product Image"></a><p>False Eyelashes 14mm Faux 3D Mink Lashes Natural Look Fluffy Cat Eye Wispy Lashes Pack by Kiromiro, 14 Pairs</p><p>$8.89</p><a href="https://www.amazon.com/dp/B09MQCDVM7?tag=eloabder-20&linkCode=osi&th=1&psc=1">View Product</a></div><div class="product"><a href="https://www.amazon.com/dp/B0C5QK1QHP?tag=eloabder-20&linkCode=osi&th=1&psc=1"><img src="https://m.media-amazon.com/images/I/51eSQ4cj35L._SL500_.jpg" alt="Product Image"></a><p>Veleasha Lashes 5D Faux Mink Lashes 100% Handmade Luxurious Fake Eyelashes Lightweight Fluffy False Eyelashes 5 Pairs Pack (G2)</p><p>$6.98 ($1.40 / Count)</p><a href="https://www.amazon.com/dp/B0C5QK1QHP?tag=eloabder-20&linkCode=osi&th=1&psc=1">View Product</a></div><div class="product"><a href="https://www.amazon.com/dp/B00DS4EIEE?tag=eloabder-20&linkCode=osi&th=1&psc=1"><img src="https://m.media-amazon.com/images/I/415k4JSKxOL._SL500_.jpg" alt="Product Image"></a><p>KISS So Wispy, False Eyelashes, Style #11', 12 mm, Includes 5 Pairs Of Lashes, Contact Lens Friendly, Easy to Apply, Reusable Strip Lashes, Glue On, Mulitpack</p><p>$8.97 ($1.79 / Count)</p><a href="https://www.amazon.com/dp/B00DS4EIEE?tag=eloabder-20&linkCode=osi&th=1&psc=1">View Product</a></div><div class="product"><a href="https://www.amazon.com/dp/B08R6PR7ND?tag=eloabder-20&linkCode=osi&th=1&psc=1"><img src="https://m.media-amazon.com/images/I/41r4c3ZiCWL._SL500_.jpg" alt="Product Image"></a><p>KISS My Lash But Better, False Eyelashes, All Mine', 10 mm, Includes 1 Pair Of Lashes, Contact Lens Friendly, Easy to Apply, Reusable Strip Lashes, Glue-On</p><p>$3.97</p><a href="https://www.amazon.com/dp/B08R6PR7ND?tag=eloabder-20&linkCode=osi&th=1&psc=1">View Product</a></div><div class="product"><a href="https://www.amazon.com/dp/B0B1LRRTCH?tag=eloabder-20&linkCode=osi&th=1&psc=1"><img src="https://m.media-amazon.com/images/I/41gc2Df+nAL._SL500_.jpg" alt="Product Image"></a><p>GMAGICTOBO False Eyelashes Natural Half Lashes Short Wispy Clear Band Lashes Pack Cat Eye 3D Faux Mink Lashes Fake Eyelashes 7 Pairs Multipack</p><p>$8.59 ($1.23 / Count)</p><a href="https://www.amazon.com/dp/B0B1LRRTCH?tag=eloabder-20&linkCode=osi&th=1&psc=1">View Product</a></div><div class="product"><a href="https://www.amazon.com/dp/B0BX3YHN14?tag=eloabder-20&linkCode=osi&th=1&psc=1"><img src="https://m.media-amazon.com/images/I/51YYa1vTElL._SL500_.jpg" alt="Product Image"></a><p>KISS imPRESS Falsies False Eyelashes, Lash Clusters, Voluminous', 14 mm, Includes 20 Clusters, 1 applicator, Contact Lens Friendly, Easy to Apply, Reusable Strip Lashes</p><p>$12.72</p><a href="https://www.amazon.com/dp/B0BX3YHN14?tag=eloabder-20&linkCode=osi&th=1&psc=1">View Product</a></div><div class="product"><a href="https://www.amazon.com/dp/B00YYHHI1E?tag=eloabder-20&linkCode=osi&th=1&psc=1"><img src="https://m.media-amazon.com/images/I/419bv9iNI9L._SL500_.jpg" alt="Product Image"></a><p>Ardell False Eyelashes Demi Wispies Black, 1 pack (6 pairs per pack)</p><p>$9.74 ($1.95 / Count)</p><a href="https://www.amazon.com/dp/B00YYHHI1E?tag=eloabder-20&linkCode=osi&th=1&psc=1">View Product</a></div><div class="product"><a href="https://www.amazon.com/dp/B0CG5SY8J1?tag=eloabder-20&linkCode=osi&th=1&psc=1"><img src="https://m.media-amazon.com/images/I/41SWlZB3plL._SL500_.jpg" alt="Product Image"></a><p>Natural Lashes Natural Eyelashes Short Eyelashes Natural Look False Eyelashes Wispy Eye Lashes 10mm Small Lashes Fake Lashes K50</p><p>$7.93 ($1.13 / Count)</p><a href="https://www.amazon.com/dp/B0CG5SY8J1?tag=eloabder-20&linkCode=osi&th=1&psc=1">View Product</a></div><div class="product"><a href="https://www.amazon.com/dp/B08SPVMDTV?tag=eloabder-20&linkCode=osi&th=1&psc=1"><img src="https://m.media-amazon.com/images/I/41Q6wh0HacL._SL500_.jpg" alt="Product Image"></a><p>KISS Falscara Multipack False Eyelashes, Lash Clusters, Natural Wispy Wisps', 10mm-12mm-14mm, Includes 24 Assorted Lengths Wisps, Contact Lens Friendly, Easy to Apply, Reusable Strip Lashes</p><p>$6.47 ($0.27 / Count)</p><a href="https://www.amazon.com/dp/B08SPVMDTV?tag=eloabder-20&linkCode=osi&th=1&psc=1">View Product</a></div>
<div class="product"><a href="https://www.amazon.com/dp/B01BMMOAFU?tag=eloabder-20&linkCode=osi&th=1&psc=1"><img src="https://m.media-amazon.com/images/I/41RH+KsNzoS._SL500_.jpg" alt="Product Image"></a><p>KISS Strip Lash Adhesive, Lash Glue, 24hr Strip Eyelash Adhesive, Clear, Includes Lash Adhesive, Long Lasting Wear, Can Be Used with Strip Lashes and Lash Clusters</p><p>$3.97 ($23.35 / Ounce)</p><a href="https://www.amazon.com/dp/B01BMMOAFU?tag=eloabder-20&linkCode=osi&th=1&psc=1">View Product</a></div><div class="product"><a href="https://www.amazon.com/dp/B0BFRB2LNS?tag=eloabder-20&linkCode=osi&th=1&psc=1"><img src="https://m.media-amazon.com/images/I/41uxD-vIXQL._SL500_.jpg" alt="Product Image"></a><p>Cluster Lash Bond and Seal, Lash Cluster Glue for Individual Eyelash Extensions Strong Hold Individual Lash Glue Individual Eyelashes Glue Mascara for Personal Makeup Use at Home(5ml)</p><p>$8.99 ($52.88 / Fl Oz)</p><a href="https://www.amazon.com/dp/B0BFRB2LNS?tag=eloabder-20&linkCode=osi&th=1&psc=1">View Product</a></div><div class="product"><a href="https://www.amazon.com/dp/B006UZMXZY?tag=eloabder-20&linkCode=osi&th=1&psc=1"><img src="https://m.media-amazon.com/images/I/41YrQ9QUhlL._SL500_.jpg" alt="Product Image"></a><p>DUO Brush-On Lash Adhesive with Vitamins A, C & E, Clear, 0.18 oz, 1-Pack</p><p>$4.92 ($27.33 / Ounce)</p><a href="https://www.amazon.com/dp/B006UZMXZY?tag=eloabder-20&linkCode=osi&th=1&psc=1">View Product</a></div><div class="product"><a href="https://www.amazon.com/dp/B0BVLL8ZQF?tag=eloabder-20&linkCode=osi&th=1&psc=1"><img src="https://m.media-amazon.com/images/I/41OSC3l2NuL._SL500_.jpg" alt="Product Image"></a><p>Lash Glue Bond and Seal Long Lasting Strong Hold Waterproof 2 in 1 Cluster Eyelash Glue for DIY Lash Extensions by Mavphnee</p><p>$7.99 ($23.50 / Fl Oz)</p><a href="https://www.amazon.com/dp/B0BVLL8ZQF?tag=eloabder-20&linkCode=osi&th=1&psc=1">View Product</a></div><div class="product"><a href="https://www.amazon.com/dp/B01N143CA0?tag=eloabder-20&linkCode=osi&th=1&psc=1"><img src="https://m.media-amazon.com/images/I/31DwI2yjwYL._SL500_.jpg" alt="Product Image"></a><p>Extra Strong Eyelash Extension Glue Stacy Lash (0.17fl.oz / 5ml) / 0.5-1 Sec Dry/Retention – 8 Weeks/Black Adhesive/Professional Supplies</p><p>$21.49 ($126.41 / Fl Oz)</p><a href="https://www.amazon.com/dp/B01N143CA0?tag=eloabder-20&linkCode=osi&th=1&psc=1">View Product</a></div><div class="product"><a href="https://www.amazon.com/dp/B00RH8XUZK?tag=eloabder-20&linkCode=osi&th=1&psc=1"><img src="https://m.media-amazon.com/images/I/41ywEIr4LGL._SL500_.jpg" alt="Product Image"></a><p>i-Envy by KISS Super Strong Hold Eyelash Adhesive, Brush on, Waterproof Long-Lasting Strip Lash Glue, Natural-Looking Allergy & Latex Free with Brush Applicator (Clear)</p><p>$5.09</p><a href="https://www.amazon.com/dp/B00RH8XUZK?tag=eloabder-20&linkCode=osi&th=1&psc=1">View Product</a></div><div class="product"><a href="https://www.amazon.com/dp/B0B138BNSQ?tag=eloabder-20&linkCode=osi&th=1&psc=1"><img src="https://m.media-amazon.com/images/I/41y28D4CT2L._SL500_.jpg" alt="Product Image"></a><p>AOA Studio Eyelash Lash Glue Enhancers 4pcs Strip Lash Adhesive Strong Hold Water Proof Formula No Irritation Latex Free Long Lasing Quick Dry Eyelash adhesive 0.17oz Each (4 Pack) (Clear)</p><p>$8.95 ($2.24 / Count)</p><a href="https://www.amazon.com/dp/B0B138BNSQ?tag=eloabder-20&linkCode=osi&th=1&psc=1">View Product</a></div><div class="product"><a href="https://www.amazon.com/dp/B0CGKV8WRR?tag=eloabder-20&linkCode=osi&th=1&psc=1"><img src="https://m.media-amazon.com/images/I/31KsdJxWyQL._SL500_.jpg" alt="Product Image"></a><p>FlutterHabit Made for This Adhesive Lash Glue for Eyelash Extensions - Your Ultimate All-Day Hold Lash Cluster Glue for Effortless, Stunning, and Long-Lasting Eyelashes - All-in-one Lash Glue</p><p>$17.99</p><a href="https://www.amazon.com/dp/B0CGKV8WRR?tag=eloabder-20&linkCode=osi&th=1&psc=1">View Product</a></div><div class="product"><a href="https://www.amazon.com/dp/B09HK77CF1?tag=eloabder-20&linkCode=osi&th=1&psc=1"><img src="https://m.media-amazon.com/images/I/41md8lf4CYL._SL500_.jpg" alt="Product Image"></a><p>Lilac St - Pro Lash Glue - Long Lasting & Fast Drying Lash Application - Mini Mascara Wand Applicator - Latex Free - Vegan & Cruelty Free - Black</p><p>$19.00 ($111.76 / Ounce)</p><a href="https://www.amazon.com/dp/B09HK77CF1?tag=eloabder-20&linkCode=osi&th=1&psc=1">View Product</a></div><div class="product"><a href="https://www.amazon.com/dp/B07BGT18DP?tag=eloabder-20&linkCode=osi&th=1&psc=1"><img src="https://m.media-amazon.com/images/I/41FjwdBfRYL._SL500_.jpg" alt="Product Image"></a><p>Extra Strong Evolution Eyelash Extension Glue Stacy Lash (0.17fl.oz/5ml)/1-2 Sec Dry/Retention – 8 Weeks/Professional Supplies/Black Adhesive</p><p>$21.99 ($129.35 / Fl Oz)</p><a href="https://www.amazon.com/dp/B07BGT18DP?tag=eloabder-20&linkCode=osi&th=1&psc=1">View Product</a></div>
<div class="product"><a href="https://www.amazon.com/dp/B09T8DQ1SG?tag=eloabder-20&linkCode=osi&th=1&psc=1"><img src="https://m.media-amazon.com/images/I/41gpuwrIhOL._SL500_.jpg" alt="Product Image"></a><p>Maybelline Super Stay Vinyl Ink Longwear No-Budge Liquid Lipcolor Makeup, Highly Pigmented Color and Instant Shine, Royal, Deep Wine Red Lipstick, 0.14 fl oz, 1 Count</p><p>$9.98</p><a href="https://www.amazon.com/dp/B09T8DQ1SG?tag=eloabder-20&linkCode=osi&th=1&psc=1">View Product</a></div><div class="product"><a href="https://www.amazon.com/dp/B08H4FSGDX?tag=eloabder-20&linkCode=osi&th=1&psc=1"><img src="https://m.media-amazon.com/images/I/31OAiyoloML._SL500_.jpg" alt="Product Image"></a><p>Maybelline Super Stay Matte Ink Liquid Lipstick Makeup, Long Lasting High Impact Color, Up to 16H Wear, Exhilarator, Ruby Red, 1 Count</p><p>$9.18</p><a href="https://www.amazon.com/dp/B08H4FSGDX?tag=eloabder-20&linkCode=osi&th=1&psc=1">View Product</a></div><div class="product"><a href="https://www.amazon.com/dp/B07XTTDTWR?tag=eloabder-20&linkCode=osi&th=1&psc=1"><img src="https://m.media-amazon.com/images/I/31M4QldCq3L._SL500_.jpg" alt="Product Image"></a><p>REVLON Lipstick, Super Lustrous Lipstick, Creamy Formula For Soft, Fuller-Looking Lips, Moisturized Feel in Nudes & Browns, Bare It All (755) 0.15 oz</p><p>$6.48</p><a href="https://www.amazon.com/dp/B07XTTDTWR?tag=eloabder-20&linkCode=osi&th=1&psc=1">View Product</a></div><div class="product"><a href="https://www.amazon.com/dp/B079KFP7NT?tag=eloabder-20&linkCode=osi&th=1&psc=1"><img src="https://m.media-amazon.com/images/I/41Ih8G0FSmL._SL500_.jpg" alt="Product Image"></a><p>wet n wild Silk Finish Lipstick, Hydrating Rich Buildable Lip Color, Formulated with Vitamins A,E, & Macadamia for Ultimate Hydration, Cruelty-Free & Vegan - Raging Red</p><p>$1.29</p><a href="https://www.amazon.com/dp/B079KFP7NT?tag=eloabder-20&linkCode=osi&th=1&psc=1">View Product</a></div><div class="product"><a href="https://www.amazon.com/dp/B002F3R44K?tag=eloabder-20&linkCode=osi&th=1&psc=1"><img src="https://m.media-amazon.com/images/I/41-gXIE96GL._SL500_.jpg" alt="Product Image"></a><p>Revlon Lipstick, Super Lustrous Lipstick, Creamy Formula For Soft, Fuller-Looking Lips, Moisturized Feel in Pinks, Pink In The Afternoon (415) 0.15 oz</p><p>$6.48</p><a href="https://www.amazon.com/dp/B002F3R44K?tag=eloabder-20&linkCode=osi&th=1&psc=1">View Product</a></div><div class="product"><a href="https://www.amazon.com/dp/B001LFER98?tag=eloabder-20&linkCode=osi&th=1&psc=1"><img src="https://m.media-amazon.com/images/I/41wezVKuIoL._SL500_.jpg" alt="Product Image"></a><p>REVLON Lipstick, Super Lustrous Lipstick, Creamy Formula For Soft, Fuller-Looking Lips, Moisturized Feel in Reds & Corals, Peach Me (628) 0.15 oz</p><p>$4.99</p><a href="https://www.amazon.com/dp/B001LFER98?tag=eloabder-20&linkCode=osi&th=1&psc=1">View Product</a></div><div class="product"><a href="https://www.amazon.com/dp/B0046VESH0?tag=eloabder-20&linkCode=osi&th=1&psc=1"><img src="https://m.media-amazon.com/images/I/31yAUm+1KhL._SL500_.jpg" alt="Product Image"></a><p>MAYBELLINE Super Stay 24, 2-Step Liquid Lipstick Makeup, Long Lasting Highly Pigmented Color with Moisturizing Balm, Blush On, Pink, 1 Count</p><p>$8.98</p><a href="https://www.amazon.com/dp/B0046VESH0?tag=eloabder-20&linkCode=osi&th=1&psc=1">View Product</a></div>
<div class="product"><a href="https://www.amazon.com/dp/B09SP2XHKT?tag=eloabder-20&linkCode=osi&th=1&psc=1"><img src="https://m.media-amazon.com/images/I/31KGrScgA8L._SL500_.jpg" alt="Product Image"></a><p>NYX PROFESSIONAL MAKEUP Butter Gloss, Non-Sticky Lip Gloss - Sugar Glass (Clear)</p><p>$5.97</p><a href="https://www.amazon.com/dp/B09SP2XHKT?tag=eloabder-20&linkCode=osi&th=1&psc=1">View Product</a></div><div class="product"><a href="https://www.amazon.com/dp/B08GSTZ7ZW?tag=eloabder-20&linkCode=osi&th=1&psc=1"><img src="https://m.media-amazon.com/images/I/41nPuTtXVgL._SL500_.jpg" alt="Product Image"></a><p>Ruby Kisses Broadway Vita-Lip Clear Lip Gloss - Moisturizing, Hydrating, Nourishing with Mint, Rosehip, Coconut, Mango, Argan, Honey & Shea</p><p>$7.99 ($2.12 / Ounce)</p><a href="https://www.amazon.com/dp/B08GSTZ7ZW?tag=eloabder-20&linkCode=osi&th=1&psc=1">View Product</a></div><div class="product"><a href="https://www.amazon.com/dp/B015RPE14S?tag=eloabder-20&linkCode=osi&th=1&psc=1"><img src="https://m.media-amazon.com/images/I/31FRC3fz7EL._SL500_.jpg" alt="Product Image"></a><p>L.A. Colors High Shine Shea Butter Lip Gloss, Clear, 0.14 Ounce</p><p>$1.98</p><a href="https://www.amazon.com/dp/B015RPE14S?tag=eloabder-20&linkCode=osi&th=1&psc=1">View Product</a></div><div class="product"><a href="https://www.amazon.com/dp/B00Q26VWZI?tag=eloabder-20&linkCode=osi&th=1&psc=1"><img src="https://m.media-amazon.com/images/I/31Bqig96T0L._SL500_.jpg" alt="Product Image"></a><p>Rimmel Stay Glossy Lip Gloss - Non-Sticky and Lightweight Formula for Lip Color and Shine - 130 Blushing Belgraves, .18oz</p><p>$3.97</p><a href="https://www.amazon.com/dp/B00Q26VWZI?tag=eloabder-20&linkCode=osi&th=1&psc=1">View Product</a></div><div class="product"><a href="https://www.amazon.com/dp/B081C6PXZJ?tag=eloabder-20&linkCode=osi&th=1&psc=1"><img src="https://m.media-amazon.com/images/I/51+emO79aqL._SL500_.jpg" alt="Product Image"></a><p>NICKA K NEW YORK VARIETY SET OF 5 NK Hydrating Lip Gel - Vitamin E (Clear, Rosehip Oil, Bubble Gum, Cherry, Strawberry)</p><p>$5.41</p><a href="https://www.amazon.com/dp/B081C6PXZJ?tag=eloabder-20&linkCode=osi&th=1&psc=1">View Product</a></div><div class="product"><a href="https://www.amazon.com/dp/B085S94V2K?tag=eloabder-20&linkCode=osi&th=1&psc=1"><img src="https://m.media-amazon.com/images/I/41fsuEw2mbL._SL500_.jpg" alt="Product Image"></a><p>Maybelline Lifter Gloss, Hydrating Lip Gloss with Hyaluronic Acid, Moon, Nude Pink, 0.18 Ounce</p><p>$7.71</p><a href="https://www.amazon.com/dp/B085S94V2K?tag=eloabder-20&linkCode=osi&th=1&psc=1">View Product</a></div><div class="product"><a href="https://www.amazon.com/dp/B01N1ZC8JZ?tag=eloabder-20&linkCode=osi&th=1&psc=1"><img src="https://m.media-amazon.com/images/I/41fsaqWz6SL._SL500_.jpg" alt="Product Image"></a><p>Broadway Vita-Lip Clear Lip Gloss 0.47oz/14ml (5PCS Mint & Coconut & Rosehip & Mango Butter & Argan Oil) (5 PCS SET)</p><p>$5.99</p><a href="https://www.amazon.com/dp/B01N1ZC8JZ?tag=eloabder-20&linkCode=osi&th=1&psc=1">View Product</a></div><div class="product"><a href="https://www.amazon.com/dp/B07DY2QRF6?tag=eloabder-20&linkCode=osi&th=1&psc=1"><img src="https://m.media-amazon.com/images/I/31qXrVfhvCL._SL500_.jpg" alt="Product Image"></a><p>LANEIGE Lip Glowy Balm Berry: Hydrate, Glossy, Lightweight, Moisturize & Tint with Shea Butter</p><p>$19.00 ($54.29 / Ounce)</p><a href="https://www.amazon.com/dp/B07DY2QRF6?tag=eloabder-20&linkCode=osi&th=1&psc=1">View Product</a></div><div class="product"><a href="https://www.amazon.com/dp/B0BSR85M24?tag=eloabder-20&linkCode=osi&th=1&psc=1"><img src="https://m.media-amazon.com/images/I/31eKHNoE3KL._SL500_.jpg" alt="Product Image"></a><p>e.l.f. Lip Lacquer, Nourishing, Non-Sticky Ultra-Shine Lip Gloss With Sheer Color, Infused With Vitamins A & E, Vegan & Cruelty-Free, Whisper Pink</p><p>$3.00</p><a href="https://www.amazon.com/dp/B0BSR85M24?tag=eloabder-20&linkCode=osi&th=1&psc=1">View Product</a></div><div class="product"><a href="https://www.amazon.com/dp/B09DMGWJKY?tag=eloabder-20&linkCode=osi&th=1&psc=1"><img src="https://m.media-amazon.com/images/I/41nIFmIKHRL._SL500_.jpg" alt="Product Image"></a><p>Broadway Vita-Lip Clear Lip Gloss Moisturizing Hydrating Nourishing Long Lasting High Shine Glossy Lip Care Gloss 0.47oz/14ml (10 PCS SET)</p><p>$9.99</p><a href="https://www.amazon.com/dp/B09DMGWJKY?tag=eloabder-20&linkCode=osi&th=1&psc=1">View Product</a></div>
<div class="product"><a href="https://www.amazon.com/dp/B079ZX2QBD?tag=eloabder-20&linkCode=osi&th=1&psc=1"><img src="https://m.media-amazon.com/images/I/41b133H9ouL._SL500_.jpg" alt="Product Image"></a><p>NYX PROFESSIONAL MAKEUP Slim Lip Pencil, Long-Lasting Creamy Lip Liner - Espresso</p><p>$3.99</p><a href="https://www.amazon.com/dp/B079ZX2QBD?tag=eloabder-20&linkCode=osi&th=1&psc=1">View Product</a></div><div class="product"><a href="https://www.amazon.com/dp/B01LTI19EM?tag=eloabder-20&linkCode=osi&th=1&psc=1"><img src="https://m.media-amazon.com/images/I/31dqwnDSWYL._SL500_.jpg" alt="Product Image"></a><p>Revlon Lip Liner, Colorstay Lip Makeup with Built-in-Sharpener, Longwear Rich Lip Colors, Smooth Application, 630 Nude, 0.01 oz</p><p>$6.94</p><a href="https://www.amazon.com/dp/B01LTI19EM?tag=eloabder-20&linkCode=osi&th=1&psc=1">View Product</a></div><div class="product"><a href="https://www.amazon.com/dp/B07PKW2MKF?tag=eloabder-20&linkCode=osi&th=1&psc=1"><img src="https://m.media-amazon.com/images/I/41Z7GVpsqBL._SL500_.jpg" alt="Product Image"></a><p>wet n wild Lip Liner Perfect Pout Matte Retractable Gel Lip Liner Pencil, Purple Lay Down the Mauves</p><p>$3.29</p><a href="https://www.amazon.com/dp/B07PKW2MKF?tag=eloabder-20&linkCode=osi&th=1&psc=1">View Product</a></div><div class="product"><a href="https://www.amazon.com/dp/B0CMYQBRTW?tag=eloabder-20&linkCode=osi&th=1&psc=1"><img src="https://m.media-amazon.com/images/I/21uY0T3ER3L._SL500_.jpg" alt="Product Image"></a><p>e.l.f. Cream Glide Lip Liner, Highly-Pigmented Pencil For Shaping & Sculpting Lips, Semi-Matte Finish, Vegan & Cruelty-Free, Truth or Bare</p><p>$2.00</p><a href="https://www.amazon.com/dp/B0CMYQBRTW?tag=eloabder-20&linkCode=osi&th=1&psc=1">View Product</a></div><div class="product"><a href="https://www.amazon.com/dp/B01LZ2A9H5?tag=eloabder-20&linkCode=osi&th=1&psc=1"><img src="https://m.media-amazon.com/images/I/317eibjWZ1L._SL500_.jpg" alt="Product Image"></a><p>Maybelline Color Sensational Shaping Lip Liner with Self-Sharpening Tip, Magnetic Mauve, Mauve Pink, 1 Count</p><p>$6.98</p><a href="https://www.amazon.com/dp/B01LZ2A9H5?tag=eloabder-20&linkCode=osi&th=1&psc=1">View Product</a></div><div class="product"><a href="https://www.amazon.com/dp/B0CZBMYB36?tag=eloabder-20&linkCode=osi&th=1&psc=1"><img src="https://m.media-amazon.com/images/I/313kn3zESlL._SL500_.jpg" alt="Product Image"></a><p>MAYBELLINE Lifter Liner Lip Liner Pencil with Hyaluronic Acid, On It, 1 Count</p><p>$7.98</p><a href="https://www.amazon.com/dp/B0CZBMYB36?tag=eloabder-20&linkCode=osi&th=1&psc=1">View Product</a></div><div class="product"><a href="https://www.amazon.com/dp/B013VWRYXE?tag=eloabder-20&linkCode=osi&th=1&psc=1"><img src="https://m.media-amazon.com/images/I/51DYeydMNqL._SL500_.jpg" alt="Product Image"></a><p>12pc Italia Deluxe Ultra Fine Lip Liner set of 12 color</p><p>$9.85</p><a href="https://www.amazon.com/dp/B013VWRYXE?tag=eloabder-20&linkCode=osi&th=1&psc=1">View Product</a></div><div class="product"><a href="https://www.amazon.com/dp/B08CFSS35N?tag=eloabder-20&linkCode=osi&th=1&psc=1"><img src="https://m.media-amazon.com/images/I/212BftJ6SzL._SL500_.jpg" alt="Product Image"></a><p>Rimmel Lasting Finish 8HR Soft Lip Liner Pencil - Vibrant, Blendable Formula to Lock Lipstick in Place for 8 Hours - 705 Cappuccino, .04oz</p><p>$5.99</p><a href="https://www.amazon.com/dp/B08CFSS35N?tag=eloabder-20&linkCode=osi&th=1&psc=1">View Product</a></div><div class="product"><a href="https://www.amazon.com/dp/B0BVPNQW1C?tag=eloabder-20&linkCode=osi&th=1&psc=1"><img src="https://m.media-amazon.com/images/I/31a29qwVsOL._SL500_.jpg" alt="Product Image"></a><p>Sacheu Lip Liner Stay-N - Peel Off Lip Liner Tattoo, Peel Off Lip Stain, Long Lasting Lip Stain Peel Off, Infused with Hyaluronic Acid & Vitamin E, For All Skin Types, p-INKED</p><p>$12.00</p><a href="https://www.amazon.com/dp/B0BVPNQW1C?tag=eloabder-20&linkCode=osi&th=1&psc=1">View Product</a></div><div class="product"><a href="https://www.amazon.com/dp/B005G9LPDQ?tag=eloabder-20&linkCode=osi&th=1&psc=1"><img src="https://m.media-amazon.com/images/I/31S6bAW3pDL._SL500_.jpg" alt="Product Image"></a><p>NYX PROFESSIONAL MAKEUP Mechanical Lip Liner Pencil, Nude Pink</p><p>$4.99</p><a href="https://www.amazon.com/dp/B005G9LPDQ?tag=eloabder-20&linkCode=osi&th=1&psc=1">View Product</a></div>
<div class="product"><a href="https://www.amazon.com/dp/B0C7W6GW8P?tag=eloabder-20&linkCode=osi&th=1&psc=1"><img src="https://m.media-amazon.com/images/I/31Z6RdO3GRL._SL500_.jpg" alt="Product Image"></a><p>e.l.f. Squeeze Me Lip Balm, Moisturizing Lip Balm For A Sheer Tint Of Color, Infused With Hyaluronic Acid, Vegan & Cruelty-free, Strawberry</p><p>$4.00</p><a href="https://www.amazon.com/dp/B0C7W6GW8P?tag=eloabder-20&linkCode=osi&th=1&psc=1">View Product</a></div><div class="product"><a href="https://www.amazon.com/dp/B001R1UD3K?tag=eloabder-20&linkCode=osi&th=1&psc=1"><img src="https://m.media-amazon.com/images/I/41QzfNZqHrL._SL500_.jpg" alt="Product Image"></a><p>Carmex Original Flavor Moisturizing Lip Balm Tube Value Pack,0.35 Ounce (3 Count)</p><p>$2.94</p><a href="https://www.amazon.com/dp/B001R1UD3K?tag=eloabder-20&linkCode=osi&th=1&psc=1">View Product</a></div><div class="product"><a href="https://www.amazon.com/dp/B07QYWXCCT?tag=eloabder-20&linkCode=osi&th=1&psc=1"><img src="https://m.media-amazon.com/images/I/51T+6mCUskL._SL500_.jpg" alt="Product Image"></a><p>Jack Black Intense Therapy Lip Balm, 0.25-Oz., Pack of 3 – Natural Mint & Shea Butter, SPF 25 Sun Protection, Lip Moisturizer, Hydrating Lip Balm with SPF, Long Lasting Treatment</p><p>$24.00 ($32.00 / Ounce)</p><a href="https://www.amazon.com/dp/B07QYWXCCT?tag=eloabder-20&linkCode=osi&th=1&psc=1">View Product</a></div><div class="product"><a href="https://www.amazon.com/dp/B0044B4HSM?tag=eloabder-20&linkCode=osi&th=1&psc=1"><img src="https://m.media-amazon.com/images/I/51-qb5fLclL._SL500_.jpg" alt="Product Image"></a><p>Blistex Medicated Lip Balm, 0.15 Ounce, 3 Count (Pack of 1) Prevent Dryness & Chapping, SPF 15 Sun Protection, Seals in Moisture, Hydrating Lip Balm, Easy Glide Formula for Full Coverage</p><p>$3.94</p><a href="https://www.amazon.com/dp/B0044B4HSM?tag=eloabder-20&linkCode=osi&th=1&psc=1">View Product</a></div><div class="product"><a href="https://www.amazon.com/dp/B0C1TFHMCT?tag=eloabder-20&linkCode=osi&th=1&psc=1"><img src="https://m.media-amazon.com/images/I/51aYODckhsL._SL500_.jpg" alt="Product Image"></a><p>Vaseline Lip Therapy Care Original, Fast-Acting Nourishment, Ideal for Chapped, Dry, Cracked, or Damaged Lips, Lip Balm, 0.16 Ounce (Pack of 4)</p><p>$5.00</p><a href="https://www.amazon.com/dp/B0C1TFHMCT?tag=eloabder-20&linkCode=osi&th=1&psc=1">View Product</a></div><div class="product"><a href="https://www.amazon.com/dp/B0CZXG68J4?tag=eloabder-20&linkCode=osi&th=1&psc=1"><img src="https://m.media-amazon.com/images/I/41Xkis0092L._SL500_.jpg" alt="Product Image"></a><p>CNP Honey Lip Butter (0.5 fl.oz / 15ml) - Propolis Lipcerin™, Hydrating Overnight Manuka Lip Balm & Mask, 12hrs Long-lasting Moisture, Gentle Exfoliation, Hygienic Twist Dispenser, Korean Skin Care</p><p>$13.64 ($27.28 / Fl Oz)</p><a href="https://www.amazon.com/dp/B0CZXG68J4?tag=eloabder-20&linkCode=osi&th=1&psc=1">View Product</a></div><div class="product"><a href="https://www.amazon.com/dp/B07MSG1HPK?tag=eloabder-20&linkCode=osi&th=1&psc=1"><img src="https://m.media-amazon.com/images/I/21RmonQcC5L._SL500_.jpg" alt="Product Image"></a><p>La Roche-Posay Cicaplast Lip Balm B5 | Hydrating Lip Balm with Shea Butter | Lip Treatment for Dry Cracked Lips | Moisturizing and Repairing Lip Balm | Fragrance Free</p><p>$9.99</p><a href="https://www.amazon.com/dp/B07MSG1HPK?tag=eloabder-20&linkCode=osi&th=1&psc=1">View Product</a></div>
<div class="product"><a href="https://www.amazon.com/dp/B099RYFLSW?tag=eloabder-20&linkCode=osi&th=1&psc=1"><img src="https://m.media-amazon.com/images/I/31IMjST8noL._SL500_.jpg" alt="Product Image"></a><p>ETUDE Dear Darling Water Tint Cherry Ade (21AD) | Vivid Color Lip Stain with Moisturizing Weightless & Non-sticky Finish Lip Stain | Smudge-proof & Lightweight Lip Tint | K-beauty</p><p>$6.67 ($20.84 / Fl Oz)</p><a href="https://www.amazon.com/dp/B099RYFLSW?tag=eloabder-20&linkCode=osi&th=1&psc=1">View Product</a></div><div class="product"><a href="https://www.amazon.com/dp/B0C7Q4Q9SX?tag=eloabder-20&linkCode=osi&th=1&psc=1"><img src="https://m.media-amazon.com/images/I/51SO2tY6q-L._SL500_.jpg" alt="Product Image"></a><p>6 Colors Lip Tint Stain Set, Korean Lip Gloss Plumping Mini Liquid Lipstick, Multi-use Lip and Cheek Tint,Waterproof&Long Lasting,Natural Lip Stain Non-Sticky,Vivid Color (Avocado)</p><p>$7.99 ($4.00 / Fl Oz)</p><a href="https://www.amazon.com/dp/B0C7Q4Q9SX?tag=eloabder-20&linkCode=osi&th=1&psc=1">View Product</a></div><div class="product"><a href="https://www.amazon.com/dp/B0B56TC2G5?tag=eloabder-20&linkCode=osi&th=1&psc=1"><img src="https://m.media-amazon.com/images/I/31wrei57oIL._SL500_.jpg" alt="Product Image"></a><p>essence | What a Tint! Lip & Cheek Tint | Long-Lasting Liquid Blush & Lip Stain | Non-Sticky & Kiss-Proof | Vegan & Cruelty Free</p><p>$4.99 ($31.19 / Fl Oz)</p><a href="https://www.amazon.com/dp/B0B56TC2G5?tag=eloabder-20&linkCode=osi&th=1&psc=1">View Product</a></div><div class="product"><a href="https://www.amazon.com/dp/B0163BMUFM?tag=eloabder-20&linkCode=osi&th=1&psc=1"><img src="https://m.media-amazon.com/images/I/41p6DP49DfL._SL500_.jpg" alt="Product Image"></a><p>Burt's Bees Lip Tint Balm with Long Lasting 2 in 1 Duo Tinted Balm Formula, Color Infused with Deeply Hydrating Shea Butter for a Natural Looking Buildable Finish, Fiery Red Dahlia (2-Pack)</p><p>$9.20</p><a href="https://www.amazon.com/dp/B0163BMUFM?tag=eloabder-20&linkCode=osi&th=1&psc=1">View Product</a></div><div class="product"><a href="https://www.amazon.com/dp/B07NTPQRL5?tag=eloabder-20&linkCode=osi&th=1&psc=1"><img src="https://m.media-amazon.com/images/I/21-ZJZEUADL._SL500_.jpg" alt="Product Image"></a><p>Honest Beauty Tinted Lip Balm | Antioxidant-rich Acai Extracts + Avocado Oil | EWG Certified, Vegan, Cruelty Free | Summer Melon</p><p>$7.80</p><a href="https://www.amazon.com/dp/B07NTPQRL5?tag=eloabder-20&linkCode=osi&th=1&psc=1">View Product</a></div><div class="product"><a href="https://www.amazon.com/dp/B0CMJXGCFQ?tag=eloabder-20&linkCode=osi&th=1&psc=1"><img src="https://m.media-amazon.com/images/I/31c6yEqB00L._SL500_.jpg" alt="Product Image"></a><p>e.l.f. Glow Reviver Lip Oil, Nourishing Tinted Lip Oil For A High-shine Finish, Infused With Jojoba Oil, Vegan & Cruelty-free, Jam Session</p><p>$8.00</p><a href="https://www.amazon.com/dp/B0CMJXGCFQ?tag=eloabder-20&linkCode=osi&th=1&psc=1">View Product</a></div><div class="product"><a href="https://www.amazon.com/dp/B0B9YHX8DX?tag=eloabder-20&linkCode=osi&th=1&psc=1"><img src="https://m.media-amazon.com/images/I/31A-yoM7ZqL._SL500_.jpg" alt="Product Image"></a><p>Wonderskin Wonder Blading Lip Stain Peel Off Masque - Long Lasting, Waterproof and Transfer Proof Nude Lip Tint, Matte Finish Peel Off Lip Stain (Whimsical Masque)</p><p>$22.00</p><a href="https://www.amazon.com/dp/B0B9YHX8DX?tag=eloabder-20&linkCode=osi&th=1&psc=1">View Product</a></div><div class="product"><a href="https://www.amazon.com/dp/B0C3CWWMJM?tag=eloabder-20&linkCode=osi&th=1&psc=1"><img src="https://m.media-amazon.com/images/I/51evW1YGQdL._SL500_.jpg" alt="Product Image"></a><p>Eakroo 6 Colors Lip Tint Stain Mini Liquid Lipstick, Korean Lip Gloss Moisturizing Natural, Multi-Use Lip and Cheek Tint, Non-Stick Cup, Lightweight, High Pigment, Long-Lasting, Vivid Color</p><p>$7.99 ($2.89 / Fl Oz)</p><a href="https://www.amazon.com/dp/B0C3CWWMJM?tag=eloabder-20&linkCode=osi&th=1&psc=1">View Product</a></div><div class="product"><a href="https://www.amazon.com/dp/B09LB91W1H?tag=eloabder-20&linkCode=osi&th=1&psc=1"><img src="https://m.media-amazon.com/images/I/21UsOgVkNxL._SL500_.jpg" alt="Product Image"></a><p>CoverGirl Clean Fresh Tinted Lip Balm, Vegan Formula, Hydrating, Natural Finish, Cruelty Free, Bliss You Berry, 1 Count</p><p>$5.88 ($42.00 / Ounce)</p><a href="https://www.amazon.com/dp/B09LB91W1H?tag=eloabder-20&linkCode=osi&th=1&psc=1">View Product</a></div>
<div class="product"><a href="https://www.amazon.com/dp/B0B4F8FP1V?tag=eloabder-20&linkCode=osi&th=1&psc=1"><img src="https://m.media-amazon.com/images/I/31zD0oZazrL._SL500_.jpg" alt="Product Image"></a><p>e.l.f. Cosmetics Glossy Lip Stain, Lightweight, Long-Wear Lip Stain For A Sheer Pop Of Color & Subtle Gloss Effect, Berry Queen</p><p>$6.00</p><a href="https://www.amazon.com/dp/B0B4F8FP1V?tag=eloabder-20&linkCode=osi&th=1&psc=1">View Product</a></div><div class="product"><a href="https://www.amazon.com/dp/B0B9YH9PZK?tag=eloabder-20&linkCode=osi&th=1&psc=1"><img src="https://m.media-amazon.com/images/I/31irqkpVbvL._SL500_.jpg" alt="Product Image"></a><p>Wonderskin Wonder Blading Lip Stain Peel Off Masque - Long Lasting, Waterproof and Transfer Proof Pink Lip Tint, Matte Finish Peel Off Lip Stain (First Kiss Masque)</p><p>$22.00</p><a href="https://www.amazon.com/dp/B0B9YH9PZK?tag=eloabder-20&linkCode=osi&th=1&psc=1">View Product</a></div><div class="product"><a href="https://www.amazon.com/dp/B0CLYN8F9L?tag=eloabder-20&linkCode=osi&th=1&psc=1"><img src="https://m.media-amazon.com/images/I/218WFwKw6qL._SL500_.jpg" alt="Product Image"></a><p>COVERGIRL Outlast, 05 All-Star, Lipstain, Smooth Application, Precise Pen-Like Tip, Transfer-Proof, Satin Stained Finish, Vegan Formula, 0.06oz</p><p>$8.98</p><a href="https://www.amazon.com/dp/B0CLYN8F9L?tag=eloabder-20&linkCode=osi&th=1&psc=1">View Product</a></div><div class="product"><a href="https://www.amazon.com/dp/B0CLDDVBF4?tag=eloabder-20&linkCode=osi&th=1&psc=1"><img src="https://m.media-amazon.com/images/I/318rUce3+fL._SL500_.jpg" alt="Product Image"></a><p>Sacheu Lip Liner Stay-N - Peel Off Lip Liner Tattoo, Peel Off Lip Stain, Long Lasting Lip Stain Peel Off, Infused with Hyaluronic Acid & Vitamin E, For All Skin Types, HEY-zel</p><p>$12.00 ($100.00 / Fl Oz)</p><a href="https://www.amazon.com/dp/B0CLDDVBF4?tag=eloabder-20&linkCode=osi&th=1&psc=1">View Product</a></div><div class="product"><a href="https://www.amazon.com/dp/B001CWGFYU?tag=eloabder-20&linkCode=osi&th=1&psc=1"><img src="https://m.media-amazon.com/images/I/41wMMGxFtlL._SL500_.jpg" alt="Product Image"></a><p>Palladio Lip Stain, Hydrating and Waterproof Formula, Matte Color Look, Longlasting All Day Wear Lip Color, Smudge Proof Natural Finish, Precise Chisel Tip Marker, Nude</p><p>$8.99</p><a href="https://www.amazon.com/dp/B001CWGFYU?tag=eloabder-20&linkCode=osi&th=1&psc=1">View Product</a></div><div class="product"><a href="https://www.amazon.com/dp/B0CHJ8YL6G?tag=eloabder-20&linkCode=osi&th=1&psc=1"><img src="https://m.media-amazon.com/images/I/41amIuqcaJL._SL500_.jpg" alt="Product Image"></a><p>Cilrofelr Peel Off Lip Liner Stain, Long Wear Tattoo Lip Liner with Tweezer, Peel Off Lip Stain with Matte Finish, Long Lasting, Waterproof, Transfer-proof, Highly Pigmented Color (Mauve)</p><p>$14.99 ($187.38 / Fl Oz)</p><a href="https://www.amazon.com/dp/B0CHJ8YL6G?tag=eloabder-20&linkCode=osi&th=1&psc=1">View Product</a></div><div class="product"><a href="https://www.amazon.com/dp/B0CNCSLDBB?tag=eloabder-20&linkCode=osi&th=1&psc=1"><img src="https://m.media-amazon.com/images/I/31EPLmbi1eL._SL500_.jpg" alt="Product Image"></a><p>ETUDE Fixing Tint #05 Midnight Mauve (23AD) | Long Lasting High Pigmented Liquid Lipstick | Waterproof Lightweight Matte Finish Lip Stain | Full Coverage</p><p>$12.00</p><a href="https://www.amazon.com/dp/B0CNCSLDBB?tag=eloabder-20&linkCode=osi&th=1&psc=1">View Product</a></div><div class="product"><a href="https://www.amazon.com/dp/B0CKF2WFNQ?tag=eloabder-20&linkCode=osi&th=1&psc=1"><img src="https://m.media-amazon.com/images/I/41GyA+oYguL._SL500_.jpg" alt="Product Image"></a><p>NOONI Korean Lip Oil - Applefig | Lip Stain, Gift, Long-Lasting, Moisturizing, Plumping, Revitalizing for Dry Lips, Waterproof, No Peel Off, Korean Lip Tint, Magenta Purple, 0.12 Fl Oz</p><p>$12.00 ($100.00 / Fl Oz)</p><a href="https://www.amazon.com/dp/B0CKF2WFNQ?tag=eloabder-20&linkCode=osi&th=1&psc=1">View Product</a></div>
<div class="product"><a href="https://www.amazon.com/dp/B01NAI251H?tag=eloabder-20&linkCode=osi&th=1&psc=1"><img src="https://m.media-amazon.com/images/I/51gC3z3vEIL._SL500_.jpg" alt="Product Image"></a><p>Handmade Heroes 100% Natural Lip Scrub, Vegan Conditioning Coconut Exfoliator - Gentle Exfoliant, Sugar Polish and Scrubber for Chapped Dry Lips, 1oz (Coconut Sorbet)</p><p>$6.99</p><a href="https://www.amazon.com/dp/B01NAI251H?tag=eloabder-20&linkCode=osi&th=1&psc=1">View Product</a></div><div class="product"><a href="https://www.amazon.com/dp/B0C7WQ3Z6H?tag=eloabder-20&linkCode=osi&th=1&psc=1"><img src="https://m.media-amazon.com/images/I/318wm99nh1L._SL500_.jpg" alt="Product Image"></a><p>e.l.f. Lip Exfoliator, Moisturizing Scented Lip Scrub For Exfoliating & Smoothing Lips, Infused With Jojoba Oil, Vegan & Cruelty-free, Strawberry</p><p>$5.00 ($50.00 / Ounce)</p><a href="https://www.amazon.com/dp/B0C7WQ3Z6H?tag=eloabder-20&linkCode=osi&th=1&psc=1">View Product</a></div><div class="product"><a href="https://www.amazon.com/dp/B0759HSBQC?tag=eloabder-20&linkCode=osi&th=1&psc=1"><img src="https://m.media-amazon.com/images/I/3165YiRlcNL._SL500_.jpg" alt="Product Image"></a><p>Revlon Lip Scrub Balm, Kiss Sugar Scrub Exfoliator, Lip Makeup with 24 Hour Long Lasting Hydration, Sugar Mint, 0.09 oz</p><p>$5.48</p><a href="https://www.amazon.com/dp/B0759HSBQC?tag=eloabder-20&linkCode=osi&th=1&psc=1">View Product</a></div><div class="product"><a href="https://www.amazon.com/dp/B0B15MRHM4?tag=eloabder-20&linkCode=osi&th=1&psc=1"><img src="https://m.media-amazon.com/images/I/414XRjPg6AL._SL500_.jpg" alt="Product Image"></a><p>Brooklyn Botany Lip Scrub Exfoliator 1 oz – Lip Moisturizer for Dry Lips and Chapped Lips – Gentle Lip Exfoliator for Smooth and Brighter Lips – Vanilla Flavor</p><p>$7.99</p><a href="https://www.amazon.com/dp/B0B15MRHM4?tag=eloabder-20&linkCode=osi&th=1&psc=1">View Product</a></div><div class="product"><a href="https://www.amazon.com/dp/B0CNQ72M6B?tag=eloabder-20&linkCode=osi&th=1&psc=1"><img src="https://m.media-amazon.com/images/I/310xvYvYEkL._SL500_.jpg" alt="Product Image"></a><p>W7 Sweet Dreams Lip Scrub & Overnight Lip Mask Duo - 2Pcs Set - Strawberry Flavour - Exfoliate, Condition, Soothe & Hydrate</p><p>$9.95 ($4.98 / Count)</p><a href="https://www.amazon.com/dp/B0CNQ72M6B?tag=eloabder-20&linkCode=osi&th=1&psc=1">View Product</a></div><div class="product"><a href="https://www.amazon.com/dp/B09FYYRJ4Y?tag=eloabder-20&linkCode=osi&th=1&psc=1"><img src="https://m.media-amazon.com/images/I/41HDVJYOBRL._SL500_.jpg" alt="Product Image"></a><p>Lip Scrub Treatment, Lip Scrubs Exfoliating Moisturizer Sugar Lip Surb Cruelty-Free for Repairing Dry & Chapped & Peeling and Cracked Lips, the Best Gift for Lip Care in Autumn and Winter(Orange)</p><p>$2.99 ($1.04 / Ounce)</p><a href="https://www.amazon.com/dp/B09FYYRJ4Y?tag=eloabder-20&linkCode=osi&th=1&psc=1">View Product</a></div><div class="product"><a href="https://www.amazon.com/dp/B083588MZP?tag=eloabder-20&linkCode=osi&th=1&psc=1"><img src="https://m.media-amazon.com/images/I/31qe+dPu0WL._SL500_.jpg" alt="Product Image"></a><p>Milani Rose Sugar Lip Scrub - Lip Exfoliator to Help With Lip Care and Lip Repair</p><p>$7.04 ($7.04 / Count)</p><a href="https://www.amazon.com/dp/B083588MZP?tag=eloabder-20&linkCode=osi&th=1&psc=1">View Product</a></div><div class="product"><a href="https://www.amazon.com/dp/B085NDWSZW?tag=eloabder-20&linkCode=osi&th=1&psc=1"><img src="https://m.media-amazon.com/images/I/31QVvbj+z9L._SL500_.jpg" alt="Product Image"></a><p>3 Pcs Lip Scrub Brush,Lip Scrubber Exfoliator,Silicone Lip Brush Tool Double-Sided Mini Exfoliating Brush For Men Women Lip Lightening For Dark Lips Exfoliator Scrub Brush</p><p>$3.47 ($1.16 / Count)</p><a href="https://www.amazon.com/dp/B085NDWSZW?tag=eloabder-20&linkCode=osi&th=1&psc=1">View Product</a></div><div class="product"><a href="https://www.amazon.com/dp/B0CMQ6YN87?tag=eloabder-20&linkCode=osi&th=1&psc=1"><img src="https://m.media-amazon.com/images/I/41KZ7zmBA8L._SL500_.jpg" alt="Product Image"></a><p>EJW Nourishing Lip Scrub - Infused with Coconut Oil, Olive Fruit Oil, and Jojoba Seed Oil, 1.05oz - Exfoliate, Hydrate, and Glow for Chapped Dry, Dark Lips</p><p>$7.27</p><a href="https://www.amazon.com/dp/B0CMQ6YN87?tag=eloabder-20&linkCode=osi&th=1&psc=1">View Product</a></div>
<div class="product"><a href="https://www.amazon.com/dp/B01LYWTZT2?tag=eloabder-20&linkCode=osi&th=1&psc=1"><img src="https://m.media-amazon.com/images/I/315xsyPtBfL._SL500_.jpg" alt="Product Image"></a><p>Too Faced Lip Injection Travel Size Extreme Lip Plumper, Original, 0.1 Fl Oz</p><p>$16.00 ($160.00 / Fl Oz)</p><a href="https://www.amazon.com/dp/B01LYWTZT2?tag=eloabder-20&linkCode=osi&th=1&psc=1">View Product</a></div><div class="product"><a href="https://www.amazon.com/dp/B094LT5LM4?tag=eloabder-20&linkCode=osi&th=1&psc=1"><img src="https://m.media-amazon.com/images/I/1174dCa9FqS._SL500_.jpg" alt="Product Image"></a><p>City Beauty City Lips Plumping Lip Gloss - Ultra High-Shine Gloss for Fuller, Healthier, Younger-Looking Lips | Hydrating & Smoothing Lip Treatment Lip Plumper with Hyaluronic Acid & Oligopeptides</p><p>$35.00 ($218.75 / Fl Oz)</p><a href="https://www.amazon.com/dp/B094LT5LM4?tag=eloabder-20&linkCode=osi&th=1&psc=1">View Product</a></div><div class="product"><a href="https://www.amazon.com/dp/B08XZQ4YQ2?tag=eloabder-20&linkCode=osi&th=1&psc=1"><img src="https://m.media-amazon.com/images/I/41cN7l9csUL._SL500_.jpg" alt="Product Image"></a><p>essence | What the Fake! Plumping Lip Filler | Lip Gloss for Full, Voluminous Lips | Translucent Pearly Finish | Vegan & Cruelty Free, Gluten Free, Paraben Free</p><p>$4.99 ($35.64 / Fl Oz )</p><a href="https://www.amazon.com/dp/B08XZQ4YQ2?tag=eloabder-20&linkCode=osi&th=1&psc=1">View Product</a></div><div class="product"><a href="https://www.amazon.com/dp/B0CR7GSPFP?tag=eloabder-20&linkCode=osi&th=1&psc=1"><img src="https://m.media-amazon.com/images/I/41y+VaB2iDL._SL500_.jpg" alt="Product Image"></a><p>NYX PROFESSIONAL MAKEUP Duck Plump High Pigment Plumping Lip Gloss with Spicy Ginger, Vegan Lip Makeup - Cherry Spice (Transparent Red)</p><p>$9.75</p><a href="https://www.amazon.com/dp/B0CR7GSPFP?tag=eloabder-20&linkCode=osi&th=1&psc=1">View Product</a></div><div class="product"><a href="https://www.amazon.com/dp/B0CPYMLVJJ?tag=eloabder-20&linkCode=osi&th=1&psc=1"><img src="https://m.media-amazon.com/images/I/31qGoOFwP7L._SL500_.jpg" alt="Product Image"></a><p>e.l.f. Pout Clout Lip Plumping Pen, Nourishing Lip Balm For Sheer Color & Shine, Plumps & Moisturizes, Vegan & Cruelty-Free, In The Clear</p><p>$8.00</p><a href="https://www.amazon.com/dp/B0CPYMLVJJ?tag=eloabder-20&linkCode=osi&th=1&psc=1">View Product</a></div><div class="product"><a href="https://www.amazon.com/dp/B086QRYHYT?tag=eloabder-20&linkCode=osi&th=1&psc=1"><img src="https://m.media-amazon.com/images/I/41IVWGl-frL._SL500_.jpg" alt="Product Image"></a><p>KISSIO Lip Plumper,Natural Lip Plumper for Day Use,Lip Plumping Gloss Make Lips Fuller and Moisturizing 5.5ml</p><p>$9.89</p><a href="https://www.amazon.com/dp/B086QRYHYT?tag=eloabder-20&linkCode=osi&th=1&psc=1">View Product</a></div><div class="product"><a href="https://www.amazon.com/dp/B074G382ZR?tag=eloabder-20&linkCode=osi&th=1&psc=1"><img src="https://m.media-amazon.com/images/I/31h-Mpx5OOL._SL500_.jpg" alt="Product Image"></a><p>e.l.f. Lip Plumping Gloss, Hydrating, Nourishing, Invigorating, High-Shine, Plumps, Volumizes, Cools, Soothes, Shimmer, Pink Cosmo 8 Ounce 0.09 Fl Oz</p><p>$7.00</p><a href="https://www.amazon.com/dp/B074G382ZR?tag=eloabder-20&linkCode=osi&th=1&psc=1">View Product</a></div><div class="product"><a href="https://www.amazon.com/dp/B08RRY5PF2?tag=eloabder-20&linkCode=osi&th=1&psc=1"><img src="https://m.media-amazon.com/images/I/41HjvvFXBpL._SL500_.jpg" alt="Product Image"></a><p>Physicians Formula Mineral Wear Diamond Lip Plumper Gloss, Dermatologist Tested, Light Pink Princess Cut</p><p>$7.28</p><a href="https://www.amazon.com/dp/B08RRY5PF2?tag=eloabder-20&linkCode=osi&th=1&psc=1">View Product</a></div>
<div class="product"><a href="https://www.amazon.com/dp/B017PCGAXQ?tag=eloabder-20&linkCode=osi&th=1&psc=1"><img src="https://m.media-amazon.com/images/I/31-daQlUgGL._SL500_.jpg" alt="Product Image"></a><p>Garnier Micellar Water For Waterproof Makeup, Hydrating Facial Cleanser & Makeup Remover, Suitable for Sensitive Skin, Vegan, Cruelty Free, 13.5 Fl Oz (400mL), 1 Count</p><p>$8.97 ($0.66 / Fl Oz)</p><a href="https://www.amazon.com/dp/B017PCGAXQ?tag=eloabder-20&linkCode=osi&th=1&psc=1">View Product</a></div><div class="product"><a href="https://www.amazon.com/dp/B017PCGABI?tag=eloabder-20&linkCode=osi&th=1&psc=1"><img src="https://m.media-amazon.com/images/I/3106WC85aAL._SL500_.jpg" alt="Product Image"></a><p>Garnier Micellar Water, Hydrating Facial Cleanser & Makeup Remover, Suitable for Sensitive Skin, Vegan, Cruelty Free, 13.5 Fl Oz (400mL), 1 Count</p><p>$8.97 ($0.66 / Fl Oz)</p><a href="https://www.amazon.com/dp/B017PCGABI?tag=eloabder-20&linkCode=osi&th=1&psc=1">View Product</a></div><div class="product"><a href="https://www.amazon.com/dp/B00U2VQZDS?tag=eloabder-20&linkCode=osi&th=1&psc=1"><img src="https://m.media-amazon.com/images/I/41VzZfHAKpL._SL500_.jpg" alt="Product Image"></a><p>Neutrogena Makeup Remover Wipes, Ultra-Soft Cleansing Facial Towelettes for Waterproof Makeup, Alcohol-Free, Plant-Based, Twin Pack, 25 Count (Pack of 2)</p><p>$8.97 ($0.18 / Count)</p><a href="https://www.amazon.com/dp/B00U2VQZDS?tag=eloabder-20&linkCode=osi&th=1&psc=1">View Product</a></div><div class="product"><a href="https://www.amazon.com/dp/B07T9JV956?tag=eloabder-20&linkCode=osi&th=1&psc=1"><img src="https://m.media-amazon.com/images/I/310x+0QrxsL._SL500_.jpg" alt="Product Image"></a><p>Neutrogena Gentle Oil-Free Eye Makeup Remover & Cleanser for Sensitive Eyes, Non-Greasy Makeup Remover, Removes Waterproof Mascara, Dermatologist & Ophthalmologist Tested, 8.0 fl. oz</p><p>$9.39 ($1.17 / Fl Oz)</p><a href="https://www.amazon.com/dp/B07T9JV956?tag=eloabder-20&linkCode=osi&th=1&psc=1">View Product</a></div><div class="product"><a href="https://www.amazon.com/dp/B01M31HY3S?tag=eloabder-20&linkCode=osi&th=1&psc=1"><img src="https://m.media-amazon.com/images/I/319i79e7f4L._SL500_.jpg" alt="Product Image"></a><p>Cetaphil Gentle Waterproof Makeup Remover, Mother's Day Gifts, Oil-Free Formula Suitable for Sensitive Skin, 6.0 Fluid Ounce</p><p>$9.87 ($1.64 / Fl Oz)</p><a href="https://www.amazon.com/dp/B01M31HY3S?tag=eloabder-20&linkCode=osi&th=1&psc=1">View Product</a></div><div class="product"><a href="https://www.amazon.com/dp/B07SS6LFRG?tag=eloabder-20&linkCode=osi&th=1&psc=1"><img src="https://m.media-amazon.com/images/I/31Mwa89HfCL._SL500_.jpg" alt="Product Image"></a><p>Amazon Basics Eye Makeup Remover, Removes Waterproof Mascara, Dermatologist Tested, Fragrance Free, 5.5 Fl Oz (Pack of 1)</p><p>$5.99 ($1.09 / Fl Oz)</p><a href="https://www.amazon.com/dp/B07SS6LFRG?tag=eloabder-20&linkCode=osi&th=1&psc=1">View Product</a></div><div class="product"><a href="https://www.amazon.com/dp/B08TQTT8LK?tag=eloabder-20&linkCode=osi&th=1&psc=1"><img src="https://m.media-amazon.com/images/I/31R-Y-dhjEL._SL500_.jpg" alt="Product Image"></a><p>e.l.f. Holy Hydration! Makeup Melting Cleansing Balm, Face Cleanser & Makeup Remover, Infused with Hyaluronic Acid to Hydrate Skin, 2 Oz</p><p>$11.00 ($5.50 / Ounce)</p><a href="https://www.amazon.com/dp/B08TQTT8LK?tag=eloabder-20&linkCode=osi&th=1&psc=1">View Product</a></div><div class="product"><a href="https://www.amazon.com/dp/B08Q3CQM7X?tag=eloabder-20&linkCode=osi&th=1&psc=1"><img src="https://m.media-amazon.com/images/I/31edyzkByfL._SL500_.jpg" alt="Product Image"></a><p>JUNO & Co. Clean 10 Cleansing Balm 10 Ingredients Makeup Remover 85g / 3.0oz</p><p>$14.99 ($5.00 / Ounce)</p><a href="https://www.amazon.com/dp/B08Q3CQM7X?tag=eloabder-20&linkCode=osi&th=1&psc=1">View Product</a></div><div class="product"><a href="https://www.amazon.com/dp/B0B1PP1XCM?tag=eloabder-20&linkCode=osi&th=1&psc=1"><img src="https://m.media-amazon.com/images/I/31kOCqV2+BL._SL500_.jpg" alt="Product Image"></a><p>CeraVe Cleansing Balm for Sensitive Skin | Hydrating Makeup Remover with Ceramides and Plant-based Jojoba Oil for Face | Non-Comedogenic Fragrance Free Non-Greasy |1.3 Ounces</p><p>$9.97 ($7.67 / Ounce)</p><a href="https://www.amazon.com/dp/B0B1PP1XCM?tag=eloabder-20&linkCode=osi&th=1&psc=1">View Product</a></div><div class="product"><a href="https://www.amazon.com/dp/B0BX65V1BZ?tag=eloabder-20&linkCode=osi&th=1&psc=1"><img src="https://m.media-amazon.com/images/I/31t6WiWvdDL._SL500_.jpg" alt="Product Image"></a><p>Prime Prometics PrimeSkin Beauty Water – Deeply Hydrating Pro-Age Make-Up Remover for Mature Women – Clean, One Swipe – for All Skin Types – pH balanced, Hypoallergenic</p><p>$27.00 ($5.29 / Fl Oz)</p><a href="https://www.amazon.com/dp/B0BX65V1BZ?tag=eloabder-20&linkCode=osi&th=1&psc=1">View Product</a></div>
<div class="product"><a href="https://www.amazon.com/dp/B0B642XWV8?tag=eloabder-20&linkCode=osi&th=1&psc=1"><img src="https://m.media-amazon.com/images/I/31PQPhUWqyL._SL500_.jpg" alt="Product Image"></a><p>Cetaphil Face and Body Wipes, Gentle Skin Cleansing Cloths, Mother's Day Gifts, 25 Count (Pack of 2), for Dry, Sensitive Skin, Flip Top Closure, Hypoallergenic, Fragrance Free</p><p>$13.69 ($0.27 / Count)</p><a href="https://www.amazon.com/dp/B0B642XWV8?tag=eloabder-20&linkCode=osi&th=1&psc=1">View Product</a></div><div class="product"><a href="https://www.amazon.com/dp/B0B644ZQLV?tag=eloabder-20&linkCode=osi&th=1&psc=1"><img src="https://m.media-amazon.com/images/I/41E5FGVZrnL._SL500_.jpg" alt="Product Image"></a><p>Cetaphil Face and Body Wipes, Gentle Skin Cleansing Cloths, 25 Count (Pack of 3), for Dry, Sensitive Skin, Flip Top Closure, Great for the Gym, Hypoallergenic, Fragrance Free</p><p>$20.91 ($0.28 / Count)</p><a href="https://www.amazon.com/dp/B0B644ZQLV?tag=eloabder-20&linkCode=osi&th=1&psc=1">View Product</a></div><div class="product"><a href="https://www.amazon.com/dp/B0958JYLZN?tag=eloabder-20&linkCode=osi&th=1&psc=1"><img src="https://m.media-amazon.com/images/I/312T32wjaYL._SL500_.jpg" alt="Product Image"></a><p>The Honest Company Hydrate + Cleanse Naturally Scented Wipes | Cleansing Multi-Tasking Wipes | 99% Water, Plant-Based, Hypoallergenic | Aloe + Cucumber, 60 Count</p><p>$5.97 ($9.95 / 100 Count)</p><a href="https://www.amazon.com/dp/B0958JYLZN?tag=eloabder-20&linkCode=osi&th=1&psc=1">View Product</a></div><div class="product"><a href="https://www.amazon.com/dp/B0BR3GVFL4?tag=eloabder-20&linkCode=osi&th=1&psc=1"><img src="https://m.media-amazon.com/images/I/41E2x2jaumL._SL500_.jpg" alt="Product Image"></a><p>Amazon Basics Hydrating Makeup Remover Wipes, 150 wipes (Pack of 6)</p><p>$17.79 ($0.12 / Count)</p><a href="https://www.amazon.com/dp/B0BR3GVFL4?tag=eloabder-20&linkCode=osi&th=1&psc=1">View Product</a></div><div class="product"><a href="https://www.amazon.com/dp/B093T3LQPP?tag=eloabder-20&linkCode=osi&th=1&psc=1"><img src="https://m.media-amazon.com/images/I/51mLU+qr6tL._SL500_.jpg" alt="Product Image"></a><p>Burt's Bees Rose Water Face Wipes, for All Skin Types, Hydrating Micellar Makeup Remover & Facial Cleansing Towelettes, 30 Ct (3-Pack)</p><p>$16.47 ($0.18 / Count)</p><a href="https://www.amazon.com/dp/B093T3LQPP?tag=eloabder-20&linkCode=osi&th=1&psc=1">View Product</a></div><div class="product"><a href="https://www.amazon.com/dp/B09LXWPB1V?tag=eloabder-20&linkCode=osi&th=1&psc=1"><img src="https://m.media-amazon.com/images/I/4117i-jJMKL._SL500_.jpg" alt="Product Image"></a><p>CeraVe Hydrating Facial Cleansing Makeup Remover Wipes| Plant Based Face Biodegradable in Home Compost| Wash Cloth| Suitable for Sensitive Skin| Fragrance-free Non-comedogenic| 25 Count</p><p>$9.97 ($0.40 / Count)</p><a href="https://www.amazon.com/dp/B09LXWPB1V?tag=eloabder-20&linkCode=osi&th=1&psc=1">View Product</a></div><div class="product"><a href="https://www.amazon.com/dp/B00NUJQG7Y?tag=eloabder-20&linkCode=osi&th=1&psc=1"><img src="https://m.media-amazon.com/images/I/51apu8FIluL._SL500_.jpg" alt="Product Image"></a><p>Burt's Bees Aloe Vera Face Wipes, for Sensitive Skin, Soothing Makeup Remover & Facial Cleansing Towelettes, 30 Ct. (3-Pack)</p><p>$16.41 ($0.18 / Count)</p><a href="https://www.amazon.com/dp/B00NUJQG7Y?tag=eloabder-20&linkCode=osi&th=1&psc=1">View Product</a></div>
<div class="product"><a href="https://www.amazon.com/dp/B08KQMXZFB?tag=eloabder-20&linkCode=osi&th=1&psc=1"><img src="https://m.media-amazon.com/images/I/31HvJEoHtwL._SL500_.jpg" alt="Product Image"></a><p>Garnier Micellar Water with Vitamin C, Facial Cleanser & Makeup Remover, Brightening & Hydrating, For All Skin Types, Vegan, Cruelty Free, 13.5 Fl Oz (400mL), 1 Count</p><p>$8.97 ($0.66 / Fl Oz)</p><a href="https://www.amazon.com/dp/B08KQMXZFB?tag=eloabder-20&linkCode=osi&th=1&psc=1">View Product</a></div><div class="product"><a href="https://www.amazon.com/dp/B0036SFTK4?tag=eloabder-20&linkCode=osi&th=1&psc=1"><img src="https://m.media-amazon.com/images/I/31+tj+uVB+L._SL500_.jpg" alt="Product Image"></a><p>Bioderma Sensibio H2O Micellar Water, Makeup Remover, Gentle for Skin, Fragrance-Free & Alcohol-Free, No Rinse Skincare With Micellar Technology for Normal To Sensitive Skin Types</p><p>$12.99 ($1.55 / Fl Oz)</p><a href="https://www.amazon.com/dp/B0036SFTK4?tag=eloabder-20&linkCode=osi&th=1&psc=1">View Product</a></div><div class="product"><a href="https://www.amazon.com/dp/B07TB2MKJJ?tag=eloabder-20&linkCode=osi&th=1&psc=1"><img src="https://m.media-amazon.com/images/I/41SyeAmsnOL._SL500_.jpg" alt="Product Image"></a><p>Garnier Micellar Water with Rose Water and Glycerin, Hydrating Facial Cleanser & Makeup Remover, For All Skin Types, Vegan, Cruelty Free, 13.5 Fl Oz (400mL), 1 Count</p><p>$8.97 ($0.66 / Fl Oz)</p><a href="https://www.amazon.com/dp/B07TB2MKJJ?tag=eloabder-20&linkCode=osi&th=1&psc=1">View Product</a></div><div class="product"><a href="https://www.amazon.com/dp/B01MQ495N0?tag=eloabder-20&linkCode=osi&th=1&psc=1"><img src="https://m.media-amazon.com/images/I/31wWu56DBJL._SL500_.jpg" alt="Product Image"></a><p>Garnier Micellar Water for Oily Skin, Facial Cleanser & Makeup Remover, Mattifying, For All Skin Types, Vegan, Cruelty Free, 13.5 Fl Oz (400mL), 1 Count</p><p>$8.97 ($0.66 / Fl Oz)</p><a href="https://www.amazon.com/dp/B01MQ495N0?tag=eloabder-20&linkCode=osi&th=1&psc=1">View Product</a></div><div class="product"><a href="https://www.amazon.com/dp/B0B59TJN3R?tag=eloabder-20&linkCode=osi&th=1&psc=1"><img src="https://m.media-amazon.com/images/I/410aYbZluvL._SL500_.jpg" alt="Product Image"></a><p>Garnier Micellar Water with Hyaluronic Acid, Facial Cleanser & Makeup Remover, Hydrating and Plumping, For All Skin Types, Vegan, Cruelty Free, 13.5 Fl Oz (400mL), 2 Count</p><p>$17.94 ($0.66 / Fl Oz)</p><a href="https://www.amazon.com/dp/B0B59TJN3R?tag=eloabder-20&linkCode=osi&th=1&psc=1">View Product</a></div><div class="product"><a href="https://www.amazon.com/dp/B07VHZPBZ3?tag=eloabder-20&linkCode=osi&th=1&psc=1"><img src="https://m.media-amazon.com/images/I/41Ow8cEJaFL._SL500_.jpg" alt="Product Image"></a><p>CeraVe Micellar Water | New & Improved Formula | Hydrating Facial Cleanser & Eye Makeup Remover | Fragrance Free & Non-Irritating | 10 Fl. Oz</p><p>$10.74 ($1.07 / Ounce)</p><a href="https://www.amazon.com/dp/B07VHZPBZ3?tag=eloabder-20&linkCode=osi&th=1&psc=1">View Product</a></div><div class="product"><a href="https://www.amazon.com/dp/B005EZSUS0?tag=eloabder-20&linkCode=osi&th=1&psc=1"><img src="https://m.media-amazon.com/images/I/31Cwqaks+tL._SL500_.jpg" alt="Product Image"></a><p>La Roche-Posay Micellar Cleansing Water for Sensitive Skin, Micellar Water Makeup Remover, Cleanses and Hydrates Skin, Gentle Face Toner, Oil Free</p><p>$18.99 ($1.40 / Fl Oz)</p><a href="https://www.amazon.com/dp/B005EZSUS0?tag=eloabder-20&linkCode=osi&th=1&psc=1">View Product</a></div><div class="product"><a href="https://www.amazon.com/dp/B0CY25DD2N?tag=eloabder-20&linkCode=osi&th=1&psc=1"><img src="https://m.media-amazon.com/images/I/41jb6YrZnRL._SL500_.jpg" alt="Product Image"></a><p>ma:nyo Pure Cleansing Water Sensitive (16.9 fl oz/500ml) - Triple+ Micellar Technology, Makeup Removal Cleanser, Gentle Face Cleanser for all skin types, Cleanses and Hydrates Skin</p><p>$18.99 ($1.12 / Fl Oz)</p><a href="https://www.amazon.com/dp/B0CY25DD2N?tag=eloabder-20&linkCode=osi&th=1&psc=1">View Product</a></div>
<div class="product"><a href="https://www.amazon.com/dp/B09LKXR62L?tag=eloabder-20&linkCode=osi&th=1&psc=1"><img src="https://m.media-amazon.com/images/I/31D6ydy59dL._SL500_.jpg" alt="Product Image"></a><p>CeraVe Hydrating Toner for Face Non-Alcoholic with Hyaluronic Acid, Niacinamide, and Ceramides for Sensitive Dry Skin, Fragrance-Free Non Comedogenic, Full Size, 6.8 Fl Oz</p><p>$9.86 ($1.45 / Ounce)</p><a href="https://www.amazon.com/dp/B09LKXR62L?tag=eloabder-20&linkCode=osi&th=1&psc=1">View Product</a></div><div class="product"><a href="https://www.amazon.com/dp/B08CMS8P67?tag=eloabder-20&linkCode=osi&th=1&psc=1"><img src="https://m.media-amazon.com/images/I/31LVyuSsJEL._SL500_.jpg" alt="Product Image"></a><p>Anua Heartleaf 77 Soothing Toner I pH 5.5 Trouble Care, Calming Skin, Refreshing, Hydrating, Purifying, Cruelty Free, Vegan,(250ml / 8.45 fl.oz.)</p><p>$19.69 ($2.33 / Fl Oz)</p><a href="https://www.amazon.com/dp/B08CMS8P67?tag=eloabder-20&linkCode=osi&th=1&psc=1">View Product</a></div><div class="product"><a href="https://www.amazon.com/dp/B001BR97A0?tag=eloabder-20&linkCode=osi&th=1&psc=1"><img src="https://m.media-amazon.com/images/I/41ooiOilk5L._SL500_.jpg" alt="Product Image"></a><p>THAYERS Alcohol-Free, Hydrating Cucumber Witch Hazel Facial Toner with Aloe Vera Formula, Vegan, Dermatologist Tested and Recommended, 12 Oz</p><p>$10.53 ($0.88 / Fl Oz)</p><a href="https://www.amazon.com/dp/B001BR97A0?tag=eloabder-20&linkCode=osi&th=1&psc=1">View Product</a></div><div class="product"><a href="https://www.amazon.com/dp/B0CG1H8YRS?tag=eloabder-20&linkCode=osi&th=1&psc=1"><img src="https://m.media-amazon.com/images/I/31OZES5j9LL._SL500_.jpg" alt="Product Image"></a><p>TIRTIR Milk Skin Rice Toner | Deep Moisturizing, Instant Glow, 2% Niacinamide, Rice Bran Extract, Ceramide, Panthenol, Cruelty-Free, Fungal Acne Friendly, Vegan, 5.07 fl.oz.</p><p>$24.99 ($4.93 / Fl Oz)</p><a href="https://www.amazon.com/dp/B0CG1H8YRS?tag=eloabder-20&linkCode=osi&th=1&psc=1">View Product</a></div><div class="product"><a href="https://www.amazon.com/dp/B008EPPIQ4?tag=eloabder-20&linkCode=osi&th=1&psc=1"><img src="https://m.media-amazon.com/images/I/31-lQL0AkZL._SL500_.jpg" alt="Product Image"></a><p>Paula's Choice Skin Balancing Pore-Reducing Toner for Combination and Oily Skin, Minimizes Large Pores, 6.4 Fluid Ounce Bottle</p><p>$26.00 ($4.06 / Fl Oz)</p><a href="https://www.amazon.com/dp/B008EPPIQ4?tag=eloabder-20&linkCode=osi&th=1&psc=1">View Product</a></div><div class="product"><a href="https://www.amazon.com/dp/B0BNC5ZF3T?tag=eloabder-20&linkCode=osi&th=1&psc=1"><img src="https://m.media-amazon.com/images/I/31ZMbyd3gbL._SL500_.jpg" alt="Product Image"></a><p>Neutrogena Alcohol-Free Gentle Daily Fragrance-Free Face Toner to Tone & Refresh Skin, Toner Gently Removes Impurities & Reconditions Skin, Hypoallergenic, 8 fl. oz</p><p>$6.08 ($0.76 / Fl Oz)</p><a href="https://www.amazon.com/dp/B0BNC5ZF3T?tag=eloabder-20&linkCode=osi&th=1&psc=1">View Product</a></div><div class="product"><a href="https://www.amazon.com/dp/B00LO2RO7K?tag=eloabder-20&linkCode=osi&th=1&psc=1"><img src="https://m.media-amazon.com/images/I/31Wb52+KYzL._SL500_.jpg" alt="Product Image"></a><p>La Roche-Posay Effaclar Clarifying Solution Acne Toner with Salicylic Acid and Glycolic Acid, Pore Refining Oily Skin Toner, Gentle Exfoliant to Unclog Pores and Remove Dead Skin Cells</p><p>$16.99 ($2.51 / Fl Oz)</p><a href="https://www.amazon.com/dp/B00LO2RO7K?tag=eloabder-20&linkCode=osi&th=1&psc=1">View Product</a></div><div class="product"><a href="https://www.amazon.com/dp/B000GCQ04C?tag=eloabder-20&linkCode=osi&th=1&psc=1"><img src="https://m.media-amazon.com/images/I/31Jk+E96wIL._SL500_.jpg" alt="Product Image"></a><p>Dickinson's Original Witch Hazel Pore Perfecting Toner, 100% Natural, 16 Ounce Fragrance free</p><p>$4.94 ($0.31 / Fl Oz)</p><a href="https://www.amazon.com/dp/B000GCQ04C?tag=eloabder-20&linkCode=osi&th=1&psc=1">View Product</a></div><div class="product"><a href="https://www.amazon.com/dp/B073P6BPF5?tag=eloabder-20&linkCode=osi&th=1&psc=1"><img src="https://m.media-amazon.com/images/I/31hqlVDLizL._SL500_.jpg" alt="Product Image"></a><p>COSRX AHA/BHA Clarifying Treatment Toner, 5.07 fl.oz / 150ml | Exfoliating Facial Spray | Korean Skin Care, Hydrating, Mild Exfoliation, Vegan, Animal Testing Free, Paraben Free</p><p>$10.75 ($2.11 / Fl Oz)</p><a href="https://www.amazon.com/dp/B073P6BPF5?tag=eloabder-20&linkCode=osi&th=1&psc=1">View Product</a></div>
<div class="product"><a href="https://www.amazon.com/dp/B01N34XW93?tag=eloabder-20&linkCode=osi&th=1&psc=1"><img src="https://m.media-amazon.com/images/I/31OMOTCxlmL._SL500_.jpg" alt="Product Image"></a><p>La Roche-Posay Toleriane Purifying Foaming Facial Cleanser, Oil Free Face Wash for Oily Skin and for Sensitive Skin with Niacinamide, Pore Cleanser Won’t Dry Out Skin, Unscented</p><p>$17.99 ($1.33 / Fl Oz)</p><a href="https://www.amazon.com/dp/B01N34XW93?tag=eloabder-20&linkCode=osi&th=1&psc=1">View Product</a></div><div class="product"><a href="https://www.amazon.com/dp/B01MSSDEPK?tag=eloabder-20&linkCode=osi&th=1&psc=1"><img src="https://m.media-amazon.com/images/I/41YuSwjJUIL._SL500_.jpg" alt="Product Image"></a><p>CeraVe Hydrating Facial Cleanser | Moisturizing Face Wash For Dry Skin | Hyaluronic Acid + Ceramides + Glycerin | Hydrating Cleanser For Normal To Dry Skin | National Eczema Assosiation Certified</p><p>$15.48 ($0.97 / Fl Oz)</p><a href="https://www.amazon.com/dp/B01MSSDEPK?tag=eloabder-20&linkCode=osi&th=1&psc=1">View Product</a></div><div class="product"><a href="https://www.amazon.com/dp/B01N1LL62W?tag=eloabder-20&linkCode=osi&th=1&psc=1"><img src="https://m.media-amazon.com/images/I/41kwN8dWWzL._SL500_.jpg" alt="Product Image"></a><p>CeraVe Foaming Facial Cleanser | Daily Face Wash for Oily Skin with Hyaluronic Acid, Ceramides, and Niacinamide| Fragrance Free | 16 Fluid Ounce</p><p>$15.19 ($0.95 / Fl Oz)</p><a href="https://www.amazon.com/dp/B01N1LL62W?tag=eloabder-20&linkCode=osi&th=1&psc=1">View Product</a></div><div class="product"><a href="https://www.amazon.com/dp/B01N7T7JKJ?tag=eloabder-20&linkCode=osi&th=1&psc=1"><img src="https://m.media-amazon.com/images/I/31VXK3y1KYL._SL500_.jpg" alt="Product Image"></a><p>La Roche-Posay Toleriane Hydrating Gentle Face Cleanser, Daily Facial Cleanser with Niacinamide and Ceramides for Sensitive Skin, Moisturizing Face Wash for Normal to Dry Skin, Fragrance Free</p><p>$17.99 ($1.33 / Fl Oz)</p><a href="https://www.amazon.com/dp/B01N7T7JKJ?tag=eloabder-20&linkCode=osi&th=1&psc=1">View Product</a></div><div class="product"><a href="https://www.amazon.com/dp/B0719GRD5R?tag=eloabder-20&linkCode=osi&th=1&psc=1"><img src="https://m.media-amazon.com/images/I/41YE7bBHNCL._SL500_.jpg" alt="Product Image"></a><p>Clean & Clear Deep Action Exfoliating Cleanser with Pro-Vitamin B5, Gentle Exfoliating Daily Face Scrub Cleans Deep Down to the Pore for Soft, Smooth, Hydrated Skin, Oil Free Face Wash, 7 FL OZ</p><p>$5.32 ($0.76 / Fl Oz)</p><a href="https://www.amazon.com/dp/B0719GRD5R?tag=eloabder-20&linkCode=osi&th=1&psc=1">View Product</a></div><div class="product"><a href="https://www.amazon.com/dp/B08CQ9T6KN?tag=eloabder-20&linkCode=osi&th=1&psc=1"><img src="https://m.media-amazon.com/images/I/31IpigAgxZL._SL500_.jpg" alt="Product Image"></a><p>CeraVe SA Cleanser | Salicylic Acid Cleanser with Hyaluronic Acid, Niacinamide & Ceramides| BHA Exfoliant for Face | Fragrance Free Non-Comedogenic | 16 Ounce</p><p>$15.48 ($0.97 / Fl Oz)</p><a href="https://www.amazon.com/dp/B08CQ9T6KN?tag=eloabder-20&linkCode=osi&th=1&psc=1">View Product</a></div><div class="product"><a href="https://www.amazon.com/dp/B09Y4HHY1P?tag=eloabder-20&linkCode=osi&th=1&psc=1"><img src="https://m.media-amazon.com/images/I/41Crw80Q3yL._SL500_.jpg" alt="Product Image"></a><p>Cetaphil Face Wash, Daily Facial Cleanser for Sensitive, Combination to Oily Skin, NEW 16 oz, Fragrance Free, Gentle Foaming, Soap Free, Hypoallergenic (Packaging May Vary)</p><p>$11.97 ($0.75 / Fl Oz)</p><a href="https://www.amazon.com/dp/B09Y4HHY1P?tag=eloabder-20&linkCode=osi&th=1&psc=1">View Product</a></div><div class="product"><a href="https://www.amazon.com/dp/B099MSZX25?tag=eloabder-20&linkCode=osi&th=1&psc=1"><img src="https://m.media-amazon.com/images/I/41VHDzUYE6L._SL500_.jpg" alt="Product Image"></a><p>Cetaphil Face Wash, Daily Facial Cleanser for Sensitive, Combination to Oily Skin, Mother's Day Gifts, NEW 20 oz, Gentle Foaming, Soap Free, Hypoallergenic</p><p>$13.97 ($0.70 / Fl Oz)</p><a href="https://www.amazon.com/dp/B099MSZX25?tag=eloabder-20&linkCode=osi&th=1&psc=1">View Product</a></div><div class="product"><a href="https://www.amazon.com/dp/B00LO1DNXU?tag=eloabder-20&linkCode=osi&th=1&psc=1"><img src="https://m.media-amazon.com/images/I/31blEnDdwIL._SL500_.jpg" alt="Product Image"></a><p>La Roche-Posay Effaclar Medicated Gel Cleanser | 2% Salicylic Acid Cleanser + LHA + Glycerin | Foaming Acne Face Wash | Helps Clear & Prevent Acne Breakouts | Oil Free Acne Wash | Targets Excess Oil</p><p>$16.99 ($2.51 / Fl Oz)</p><a href="https://www.amazon.com/dp/B00LO1DNXU?tag=eloabder-20&linkCode=osi&th=1&psc=1">View Product</a></div><div class="product"><a href="https://www.amazon.com/dp/B00FFJ4W0U?tag=eloabder-20&linkCode=osi&th=1&psc=1"><img src="https://m.media-amazon.com/images/I/31NIZChUu9L._SL500_.jpg" alt="Product Image"></a><p>Clean & Clear Morning Burst Hydrating Facial Cleanser with BHA, Cucumber and Aloe Extracts, Oil-Free Face Wash Gently Removes Oil and Pore Clogging Impurities, 8 FL OZ</p><p>$4.97 ($0.62 / Fl Oz)</p><a href="https://www.amazon.com/dp/B00FFJ4W0U?tag=eloabder-20&linkCode=osi&th=1&psc=1">View Product</a></div>
<div class="product"><a href="https://www.amazon.com/dp/B00QY1XZ4W?tag=eloabder-20&linkCode=osi&th=1&psc=1"><img src="https://m.media-amazon.com/images/I/319pG+OQZxL._SL500_.jpg" alt="Product Image"></a><p>Vanicream Gentle Facial Cleanser with Pump Dispenser - 8 fl oz - Formulated Without Common Irritants for Those with Sensitive Skin</p><p>$8.86 ($1.11 / Fl Oz)</p><a href="https://www.amazon.com/dp/B00QY1XZ4W?tag=eloabder-20&linkCode=osi&th=1&psc=1">View Product</a></div><div class="product"><a href="https://www.amazon.com/dp/B00UT47WZ8?tag=eloabder-20&linkCode=osi&th=1&psc=1"><img src="https://m.media-amazon.com/images/I/31LuYFIOBXL._SL500_.jpg" alt="Product Image"></a><p>Neutrogena Deep Clean Daily Facial Cleanser with Beta Hydroxy Acid for Normal to Oily Skin, Alcohol-Free, Oil-Free & Non-Comedogenic, 6.7 fl. oz</p><p>$6.49 ($0.97 / Fl Oz)</p><a href="https://www.amazon.com/dp/B00UT47WZ8?tag=eloabder-20&linkCode=osi&th=1&psc=1">View Product</a></div><div class="product"><a href="https://www.amazon.com/dp/B0BVV8BNYJ?tag=eloabder-20&linkCode=osi&th=1&psc=1"><img src="https://m.media-amazon.com/images/I/31tSZvBReoL._SL500_.jpg" alt="Product Image"></a><p>ANUA Heartleaf Quercetinol Pore Deep Cleansing Foam, Facial Cleanser, for Double Cleansing, BHA, Hyaluronic Acid, Glycerin, Face Wash, Blackhead Remover, Korean Skincare (150ml/5.07 fl.oz.)</p><p>$13.00 ($2.56 / Fl Oz)</p><a href="https://www.amazon.com/dp/B0BVV8BNYJ?tag=eloabder-20&linkCode=osi&th=1&psc=1">View Product</a></div><div class="product"><a href="https://www.amazon.com/dp/B004HLSZYQ?tag=eloabder-20&linkCode=osi&th=1&psc=1"><img src="https://m.media-amazon.com/images/I/31KXj2UGrOL._SL500_.jpg" alt="Product Image"></a><p>EltaMD Foaming Facial Cleanser, Gentle Foaming Face Wash and Makeup Remover, Oil Free Face Wash, 7 oz Pump</p><p>$35.00 ($5.00 / Fl Oz)</p><a href="https://www.amazon.com/dp/B004HLSZYQ?tag=eloabder-20&linkCode=osi&th=1&psc=1">View Product</a></div>
<div class="product"><a href="https://www.amazon.com/dp/B07C5SS6YD?tag=eloabder-20&linkCode=osi&th=1&psc=1"><img src="https://m.media-amazon.com/images/I/31tzIszvgAL._SL500_.jpg" alt="Product Image"></a><p>Paula's Choice Skin Perfecting 2% BHA Liquid Salicylic Acid Exfoliant, Gentle Facial Exfoliator for Blackheads, Large Pores, Wrinkles & Fine Lines, Travel Size, 1 Fluid Ounce</p><p>$14.00</p><a href="https://www.amazon.com/dp/B07C5SS6YD?tag=eloabder-20&linkCode=osi&th=1&psc=1">View Product</a></div><div class="product"><a href="https://www.amazon.com/dp/B07VW3YSWH?tag=eloabder-20&linkCode=osi&th=1&psc=1"><img src="https://m.media-amazon.com/images/I/410j9ZFktHL._SL500_.jpg" alt="Product Image"></a><p>Tree Hut Vitamin C Shea Sugar Scrub, 18 oz, Ultra Hydrating and Exfoliating Scrub for Nourishing Essential Body Care</p><p>$8.94 ($0.50 / Ounce)</p><a href="https://www.amazon.com/dp/B07VW3YSWH?tag=eloabder-20&linkCode=osi&th=1&psc=1">View Product</a></div><div class="product"><a href="https://www.amazon.com/dp/B08YN28CS4?tag=eloabder-20&linkCode=osi&th=1&psc=1"><img src="https://m.media-amazon.com/images/I/41WIWNeKrxL._SL500_.jpg" alt="Product Image"></a><p>Seraphic Skincare (Original) Premium Exfoliating Mitt for Body (1pc) – 100% Vegan Viscose Traditional Body Scrub Glove Kessa Korean Washcloth – Body Exfoliator for Self-Tan Removal & Keratosis Pilaris</p><p>$8.99 ($8.99 / Count)</p><a href="https://www.amazon.com/dp/B08YN28CS4?tag=eloabder-20&linkCode=osi&th=1&psc=1">View Product</a></div><div class="product"><a href="https://www.amazon.com/dp/B001VMJSCW?tag=eloabder-20&linkCode=osi&th=1&psc=1"><img src="https://m.media-amazon.com/images/I/31N7x4-aJAL._SL500_.jpg" alt="Product Image"></a><p>Dermalogica Daily Microfoliant, Face Exfoliator Scrub Powder with Salicylic Acid and Papaya Enzyme, Achieve Brighter, Smoother Skin Daily, 0.45 Oz</p><p>$19.00 ($42.22 / Ounce)</p><a href="https://www.amazon.com/dp/B001VMJSCW?tag=eloabder-20&linkCode=osi&th=1&psc=1">View Product</a></div><div class="product"><a href="https://www.amazon.com/dp/B076KYPY23?tag=eloabder-20&linkCode=osi&th=1&psc=1"><img src="https://m.media-amazon.com/images/I/31F7Ozgy+WL._SL500_.jpg" alt="Product Image"></a><p>DRMTLGY Microdermabrasion Facial Scrub and Face Mask. Non-Abrasive Face Exfoliator Improves Acne Scars, Blackheads, Pore Size, and Skin Texture. 2 oz</p><p>$20.00 ($10.00 / Ounce)</p><a href="https://www.amazon.com/dp/B076KYPY23?tag=eloabder-20&linkCode=osi&th=1&psc=1">View Product</a></div><div class="product"><a href="https://www.amazon.com/dp/B018H32LHQ?tag=eloabder-20&linkCode=osi&th=1&psc=1"><img src="https://m.media-amazon.com/images/I/41NfDFms3KL._SL500_.jpg" alt="Product Image"></a><p>Era Organics Microdermabrasion Facial Scrub & Face Exfoliator - Spa Quality Exfoliating Mask with Manuka Honey Walnut Moisturizing Exfoliant for Dry Skin, Blackheads Wrinkles (2 oz)</p><p>$16.99 ($8.50 / Ounce)</p><a href="https://www.amazon.com/dp/B018H32LHQ?tag=eloabder-20&linkCode=osi&th=1&psc=1">View Product</a></div><div class="product"><a href="https://www.amazon.com/dp/B0BNWXFH3P?tag=eloabder-20&linkCode=osi&th=1&psc=1"><img src="https://m.media-amazon.com/images/I/51HkdST1FCL._SL500_.jpg" alt="Product Image"></a><p>Dermasuri Deep Exfoliating Glove for Shower - Exfoliating Mitt Body Scrubber - Skin Exfoliator & Dead Skin Remover - Keratosis Pilaris Scrub - Spray Tan Remover - Korean Skincare for Body (2 Pack)</p><p>$19.99 ($10.00 / Count)</p><a href="https://www.amazon.com/dp/B0BNWXFH3P?tag=eloabder-20&linkCode=osi&th=1&psc=1">View Product</a></div><div class="product"><a href="https://www.amazon.com/dp/B09Q88TVGJ?tag=eloabder-20&linkCode=osi&th=1&psc=1"><img src="https://m.media-amazon.com/images/I/31jQFJt0t7L._SL500_.jpg" alt="Product Image"></a><p>tingl Face and Body Exfoliator Pads - Anti Aging Acne Treatment with Glycolic Acid, Lactic Acid, and Salicylic Acid - Pore Minimizer, Oil Cleanser, Blackhead Remover and Skin Exfoliator in One</p><p>$38.00 ($38.00 / Count)</p><a href="https://www.amazon.com/dp/B09Q88TVGJ?tag=eloabder-20&linkCode=osi&th=1&psc=1">View Product</a></div><div class="product"><a href="https://www.amazon.com/dp/B08T4FLJQZ?tag=eloabder-20&linkCode=osi&th=1&psc=1"><img src="https://m.media-amazon.com/images/I/317LIpGPZiL._SL500_.jpg" alt="Product Image"></a><p>Dove Scrub Brown Sugar & Coconut Butter For Silky Smooth Skin Body Scrub Exfoliates & Restores Skin's Natural Nutrients 10.5 oz</p><p>$6.97 ($0.66 / Ounce)</p><a href="https://www.amazon.com/dp/B08T4FLJQZ?tag=eloabder-20&linkCode=osi&th=1&psc=1">View Product</a></div>
<div class="product"><a href="https://www.amazon.com/dp/B07XG6BKCV?tag=eloabder-20&linkCode=osi&th=1&psc=1"><img src="https://m.media-amazon.com/images/I/31gg8aKaOeL._SL500_.jpg" alt="Product Image"></a><p>First Aid Beauty KP Bump Eraser Body Scrub Exfoliant for Keratosis Pilaris with 10% AHA – 8 oz</p><p>$30.00 ($3.75 / Ounce)</p><a href="https://www.amazon.com/dp/B07XG6BKCV?tag=eloabder-20&linkCode=osi&th=1&psc=1">View Product</a></div><div class="product"><a href="https://www.amazon.com/dp/B08Y5X8GJ9?tag=eloabder-20&linkCode=osi&th=1&psc=1"><img src="https://m.media-amazon.com/images/I/51MmIF4H+2L._SL500_.jpg" alt="Product Image"></a><p>Tree Hut Watermelon Shea Sugar Exfoliating & Hydrating Body Scrub, 18oz</p><p>$8.49 ($0.47 / Ounce)</p><a href="https://www.amazon.com/dp/B08Y5X8GJ9?tag=eloabder-20&linkCode=osi&th=1&psc=1">View Product</a></div><div class="product"><a href="https://www.amazon.com/dp/B003Z4OD24?tag=eloabder-20&linkCode=osi&th=1&psc=1"><img src="https://m.media-amazon.com/images/I/31C3rfE0XfL._SL500_.jpg" alt="Product Image"></a><p>Acure Brightening Facial Scrub for a Youthful, Brighter, Radiant Complexion | With Sea Kelp & French Green Clay, 4 Fl Oz</p><p>$11.83 ($2.96 / Fl Oz)</p><a href="https://www.amazon.com/dp/B003Z4OD24?tag=eloabder-20&linkCode=osi&th=1&psc=1">View Product</a></div><div class="product"><a href="https://www.amazon.com/dp/B07TH9YNL7?tag=eloabder-20&linkCode=osi&th=1&psc=1"><img src="https://m.media-amazon.com/images/I/4152M3OTu9L._SL500_.jpg" alt="Product Image"></a><p>Brooklyn Botany Dead Sea Salt and Coconut Milk Body Scrub - Moisturizing and Exfoliating Body, Face, Hand, Foot Scrub - Fights Stretch Marks, Fine Lines, Wrinkles - Great Gifts for Women & Men - 10 oz</p><p>$8.99 ($0.86 / Ounce)</p><a href="https://www.amazon.com/dp/B07TH9YNL7?tag=eloabder-20&linkCode=osi&th=1&psc=1">View Product</a></div><div class="product"><a href="https://www.amazon.com/dp/B07Q9C3YTQ?tag=eloabder-20&linkCode=osi&th=1&psc=1"><img src="https://m.media-amazon.com/images/I/31L0XCMqHoL._SL500_.jpg" alt="Product Image"></a><p>SheaMoisture Body Scrub for Dull Skin Illuminating Coconut and Hibiscus Cruelty-Free Skin Care 12 oz</p><p>$8.94 ($0.74 / Ounce)</p><a href="https://www.amazon.com/dp/B07Q9C3YTQ?tag=eloabder-20&linkCode=osi&th=1&psc=1">View Product</a></div><div class="product"><a href="https://www.amazon.com/dp/B09X6CVS53?tag=eloabder-20&linkCode=osi&th=1&psc=1"><img src="https://m.media-amazon.com/images/I/51a7ibTDAQL._SL500_.jpg" alt="Product Image"></a><p>Exfoliating Body Scrub Turmeric Body Scrub and Skin Exfoliator with Collagen and Coconut Oil Gently Exfoliate Face Body Hand and Foot Scrub Moisturizing Body SkinCare products by M3 Naturals</p><p>$25.81 ($2.15 / Ounce)</p><a href="https://www.amazon.com/dp/B09X6CVS53?tag=eloabder-20&linkCode=osi&th=1&psc=1">View Product</a></div><div class="product"><a href="https://www.amazon.com/dp/B08TM4QBDT?tag=eloabder-20&linkCode=osi&th=1&psc=1"><img src="https://m.media-amazon.com/images/I/51ToKkQ3fMS._SL500_.jpg" alt="Product Image"></a><p>First Botany, Himalayan Salt Body Scrub with Collagen & Stem Cells, Natural Exfoliating Salt Scrub Body & Face Souffle helps with Moisturizing Skin, Acne, Cellulite, Dead Skin Scars, Wrinkles, 11 oz</p><p>$13.89 ($1.26 / Ounce)</p><a href="https://www.amazon.com/dp/B08TM4QBDT?tag=eloabder-20&linkCode=osi&th=1&psc=1">View Product</a></div>
<div class="product"><a href="https://www.amazon.com/dp/B0B2RM68G2?tag=eloabder-20&linkCode=osi&th=1&psc=1"><img src="https://m.media-amazon.com/images/I/41VafG53fjL._SL500_.jpg" alt="Product Image"></a><p>BIODANCE Bio-Collagen Real Deep Mask, Hydrating Overnight Hydrogel Mask, Pore Minimizing, Elasticity Improvement, 34g x4ea</p><p>$19.00 ($4.75 / Count)</p><a href="https://www.amazon.com/dp/B0B2RM68G2?tag=eloabder-20&linkCode=osi&th=1&psc=1">View Product</a></div><div class="product"><a href="https://www.amazon.com/dp/B0722LVW3B?tag=eloabder-20&linkCode=osi&th=1&psc=1"><img src="https://m.media-amazon.com/images/I/51Vm0lozSIL._SL500_.jpg" alt="Product Image"></a><p>DERMAL 24 Combo Pack A Collagen Essence Korean Face Mask - Hydrating & Soothing Facial Mask with Panthenol - Hypoallergenic Self Care Sheet Mask for All Skin Types - Natural Home Spa Treatment Mask</p><p>$16.99 ($0.71 / Count)</p><a href="https://www.amazon.com/dp/B0722LVW3B?tag=eloabder-20&linkCode=osi&th=1&psc=1">View Product</a></div><div class="product"><a href="https://www.amazon.com/dp/B08YRD11VS?tag=eloabder-20&linkCode=osi&th=1&psc=1"><img src="https://m.media-amazon.com/images/I/41QL8zBoz0S._SL500_.jpg" alt="Product Image"></a><p>Vitamin C Face Mask with Kaolin Clay and Turmeric for Dark Spots, Dull Skin, Skincare Facial Mask for Controlling Oil and Refining Pores 5.29 Oz</p><p>$14.99 ($2.83 / Ounce)</p><a href="https://www.amazon.com/dp/B08YRD11VS?tag=eloabder-20&linkCode=osi&th=1&psc=1">View Product</a></div><div class="product"><a href="https://www.amazon.com/dp/B06VV8FBDQ?tag=eloabder-20&linkCode=osi&th=1&psc=1"><img src="https://m.media-amazon.com/images/I/41GEI9zFceL._SL500_.jpg" alt="Product Image"></a><p>LA PURE Korean Face Mask - 10ct Snail Mucin Hydrating Face Masks Anti Wrinkle Anti Aging Deep Moisturizing Natural Snail Mucin Mask Sheet Mask Paraben Free Facial Skin Care Products Korean Skin Care</p><p>$24.95 ($2.50 / Count)</p><a href="https://www.amazon.com/dp/B06VV8FBDQ?tag=eloabder-20&linkCode=osi&th=1&psc=1">View Product</a></div><div class="product"><a href="https://www.amazon.com/dp/B09XWVH7XX?tag=eloabder-20&linkCode=osi&th=1&psc=1"><img src="https://m.media-amazon.com/images/I/413x5TISr1L._SL500_.jpg" alt="Product Image"></a><p>Mediheal Best Korean Watermide Essential Face Mask - 10 Hydrating and Moisturizing Sheet Masks With Water 3x Complex For All Skin Types</p><p>$19.90 ($1.99 / Count)</p><a href="https://www.amazon.com/dp/B09XWVH7XX?tag=eloabder-20&linkCode=osi&th=1&psc=1">View Product</a></div><div class="product"><a href="https://www.amazon.com/dp/B07K6V8P2R?tag=eloabder-20&linkCode=osi&th=1&psc=1"><img src="https://m.media-amazon.com/images/I/41FtxFr0Z-L._SL500_.jpg" alt="Product Image"></a><p>Ebanel 15 Pack Collagen Peptide Hydrating Face Masks, Instant Brightening Firming Anti Aging Face Sheet Masks, Moisturizing Spa Face Masks Skincare with Hyaluronic Acid, Vitamin C, Chamomile, Aloe</p><p>$18.99 ($1.81 / Ounce)</p><a href="https://www.amazon.com/dp/B07K6V8P2R?tag=eloabder-20&linkCode=osi&th=1&psc=1">View Product</a></div><div class="product"><a href="https://www.amazon.com/dp/B0CYGT3CR4?tag=eloabder-20&linkCode=osi&th=1&psc=1"><img src="https://m.media-amazon.com/images/I/51LbfzrqiUL._SL500_.jpg" alt="Product Image"></a><p>KONEUK 14 Pack Sheet Face Masks Skincare for All Skin Types, Hydrating Face Masks Suitable for Sensitive Skin, Bulk Facial Mask Set for Women Skin Care, Face Mask Gifts Set for Face Spa</p><p>$8.99 ($0.64 / Count)</p><a href="https://www.amazon.com/dp/B0CYGT3CR4?tag=eloabder-20&linkCode=osi&th=1&psc=1">View Product</a></div><div class="product"><a href="https://www.amazon.com/dp/B07L8XY5B7?tag=eloabder-20&linkCode=osi&th=1&psc=1"><img src="https://m.media-amazon.com/images/I/41v5eqhBSIL._SL500_.jpg" alt="Product Image"></a><p>BRO MASK: Korean Face Mask for Men | 2 Pc. Hydrating Anti Aging Sheet Masks Contains Vitamin C, Vitamin E, Hyaluronic Acid, Hydrolyzed Collagen for Face Care & Acne Treatment by Jaxon Lane (4 Pack)</p><p>$28.00 ($7.00 / Count)</p><a href="https://www.amazon.com/dp/B07L8XY5B7?tag=eloabder-20&linkCode=osi&th=1&psc=1">View Product</a></div><div class="product"><a href="https://www.amazon.com/dp/B01KSIO76G?tag=eloabder-20&linkCode=osi&th=1&psc=1"><img src="https://m.media-amazon.com/images/I/21n0DJ3XOiL._SL500_.jpg" alt="Product Image"></a><p>Kiehl's Rare Earth Deep Pore Cleansing Mask, Pore-Minimizing Face Mask for Clogged Pores, Detoxifies & Refines Skin, Absorbs Excess Oil, with Amazonian White Clay & Aloe Vera - 0.95 fl oz</p><p>$26.00 ($27.37 / Ounce)</p><a href="https://www.amazon.com/dp/B01KSIO76G?tag=eloabder-20&linkCode=osi&th=1&psc=1">View Product</a></div>
<div class="product"><a href="https://www.amazon.com/dp/B08JSL9W6K?tag=eloabder-20&linkCode=osi&th=1&psc=1"><img src="https://m.media-amazon.com/images/I/410lOOpCRwL._SL500_.jpg" alt="Product Image"></a><p>COSRX Snail Mucin Sheet Mask 10 EA, Snail Essence Leave-on Face Masks for Dry, Sensitive Skin, Snail Secretion Filtrate, Not Tested on Animals, No Parabens, No Sulfates, Korean Skincare</p><p>$18.75 ($1.88 / Count)</p><a href="https://www.amazon.com/dp/B08JSL9W6K?tag=eloabder-20&linkCode=osi&th=1&psc=1">View Product</a></div><div class="product"><a href="https://www.amazon.com/dp/B07FPJHPX1?tag=eloabder-20&linkCode=osi&th=1&psc=1"><img src="https://m.media-amazon.com/images/I/51uNOnTpxTL._SL500_.jpg" alt="Product Image"></a><p>Celavi Essence Facial Sheet Face Mask Variety Set Classic Authentic Korean Moisturizing Skincare (12-Packs)</p><p>$9.40 ($0.78 / Count)</p><a href="https://www.amazon.com/dp/B07FPJHPX1?tag=eloabder-20&linkCode=osi&th=1&psc=1">View Product</a></div><div class="product"><a href="https://www.amazon.com/dp/B083X5R6VR?tag=eloabder-20&linkCode=osi&th=1&psc=1"><img src="https://m.media-amazon.com/images/I/31NleokJYmL._SL500_.jpg" alt="Product Image"></a><p>VT COSMETICS Daily Soothing Mask 30ea, Facial Sheet Mask for Moist & Hydrating, 30 Day Supply, Cica Face Mask</p><p>$18.50 ($0.62 / Count)</p><a href="https://www.amazon.com/dp/B083X5R6VR?tag=eloabder-20&linkCode=osi&th=1&psc=1">View Product</a></div><div class="product"><a href="https://www.amazon.com/dp/B0B57TX64F?tag=eloabder-20&linkCode=osi&th=1&psc=1"><img src="https://m.media-amazon.com/images/I/41+ywvmpRoL._SL500_.jpg" alt="Product Image"></a><p>Mediheal Best Korean Sheet Mask - Watermide Essential Face Mask 4 Sheets For All Skin Types Korean Best Sheet Mask Hydrating Moisturizing with Water 3x Complex</p><p>$7.90 ($1.98 / Count)</p><a href="https://www.amazon.com/dp/B0B57TX64F?tag=eloabder-20&linkCode=osi&th=1&psc=1">View Product</a></div><div class="product"><a href="https://www.amazon.com/dp/B0BPLLXT7Y?tag=eloabder-20&linkCode=osi&th=1&psc=1"><img src="https://m.media-amazon.com/images/I/41vG52wcgaL._SL500_.jpg" alt="Product Image"></a><p>NEXTBEAU [PACK OF 10] Solution Sheet Mask Pack 5types x 2pc Aloe, Niacinamide, Collagen, Hemp seed, Hyaluronic Acid</p><p>$8.99 ($0.90 / Count)</p><a href="https://www.amazon.com/dp/B0BPLLXT7Y?tag=eloabder-20&linkCode=osi&th=1&psc=1">View Product</a></div><div class="product"><a href="https://www.amazon.com/dp/B00BAM7F8C?tag=eloabder-20&linkCode=osi&th=1&psc=1"><img src="https://m.media-amazon.com/images/I/51jsS9SDHeL._SL500_.jpg" alt="Product Image"></a><p>DERMAL 16 Combo Pack A Collagen Essencce Korean Face Mask - Hydrating & Soothing Facial Mask with Panthenol - Hypoallergenic Self Care Sheet Mask for All Skin Types - Natural Home Spa Treatment Masks</p><p>$11.99</p><a href="https://www.amazon.com/dp/B00BAM7F8C?tag=eloabder-20&linkCode=osi&th=1&psc=1">View Product</a></div><div class="product"><a href="https://www.amazon.com/dp/B076H45H68?tag=eloabder-20&linkCode=osi&th=1&psc=1"><img src="https://m.media-amazon.com/images/I/41JP+9JeO5L._SL500_.jpg" alt="Product Image"></a><p>Neutrogena Hydro Boost Moisturizing & Hydrating 100% Hydrogel Sheet Face Mask for Dry Skin with Hyaluronic Acid, Gentle & Non-Comedogenic, 1 Ounce (Pack of 12)</p><p>$34.44 ($2.87 / Ounce)</p><a href="https://www.amazon.com/dp/B076H45H68?tag=eloabder-20&linkCode=osi&th=1&psc=1">View Product</a></div><div class="product"><a href="https://www.amazon.com/dp/B078YB11V4?tag=eloabder-20&linkCode=osi&th=1&psc=1"><img src="https://m.media-amazon.com/images/I/51shUi8PVmL._SL500_.jpg" alt="Product Image"></a><p>TONYMOLY I'm Real Radiance Sheet Mask 5 Count, Hydrates and Moisturizes Face</p><p>$12.00 ($2.40 / Count)</p><a href="https://www.amazon.com/dp/B078YB11V4?tag=eloabder-20&linkCode=osi&th=1&psc=1">View Product</a></div>
<div class="product"><a href="https://www.amazon.com/dp/B081FK6L1G?tag=eloabder-20&linkCode=osi&th=1&psc=1"><img src="https://m.media-amazon.com/images/I/51gWAvQb9aL._SL500_.jpg" alt="Product Image"></a><p>Aztec Secret– Indian Healing Clay 1 lb – Deep Pore Cleansing Facial & Body Mask – The Original 100% Natural Calcium Bentonite Clay – New Version 2</p><p>$14.95 ($0.93 / Ounce)</p><a href="https://www.amazon.com/dp/B081FK6L1G?tag=eloabder-20&linkCode=osi&th=1&psc=1">View Product</a></div><div class="product"><a href="https://www.amazon.com/dp/B0CQZ3W88P?tag=eloabder-20&linkCode=osi&th=1&psc=1"><img src="https://m.media-amazon.com/images/I/41I90W9bHuL._SL500_.jpg" alt="Product Image"></a><p>innisfree Super Volcanic Pore Clay Mask, Korean Pore Clearing Clay Mask with Volcanic Clusters and AHA</p><p>$16.00 ($4.73 / Ounce)</p><a href="https://www.amazon.com/dp/B0CQZ3W88P?tag=eloabder-20&linkCode=osi&th=1&psc=1">View Product</a></div><div class="product"><a href="https://www.amazon.com/dp/B07SDQDMZ4?tag=eloabder-20&linkCode=osi&th=1&psc=1"><img src="https://m.media-amazon.com/images/I/41vC+ro0S-L._SL500_.jpg" alt="Product Image"></a><p>Cetaphil Clay Mask Pro, Dermacontrol Purifying Clay Exfoliating Face Mask For Nourishment with Bentonite Clay for Blackheads and Pores, Designed for Oily, Sensitive Skin, 3 oz</p><p>$15.99 ($5.33 / Ounce)</p><a href="https://www.amazon.com/dp/B07SDQDMZ4?tag=eloabder-20&linkCode=osi&th=1&psc=1">View Product</a></div><div class="product"><a href="https://www.amazon.com/dp/B0CHN72MCJ?tag=eloabder-20&linkCode=osi&th=1&psc=1"><img src="https://m.media-amazon.com/images/I/41OPjUXZYlL._SL500_.jpg" alt="Product Image"></a><p>Aztec Secret Essential Indian Clay Mask Kit by Etana – 100% Natural Calcium Bentonite for Deep Pore Cleansing - Facial, Hair & Body Detox Set Wtih Accessories</p><p>$21.95 ($1.37 / Ounce)</p><a href="https://www.amazon.com/dp/B0CHN72MCJ?tag=eloabder-20&linkCode=osi&th=1&psc=1">View Product</a></div><div class="product"><a href="https://www.amazon.com/dp/B0CPDBW579?tag=eloabder-20&linkCode=osi&th=1&psc=1"><img src="https://m.media-amazon.com/images/I/31tDriIWYmL._SL500_.jpg" alt="Product Image"></a><p>FULLY Green Tomato Clay Mask Cleanser, Pore Purifying with 49% Green Tomato Extract, Sebum & Clogged Pore Care, Exfoliation, Fragrance-Free, Vegan & Dermatologically Tested, 4.05 fl.oz</p><p>$20.00 ($4.94 / Fl Oz)</p><a href="https://www.amazon.com/dp/B0CPDBW579?tag=eloabder-20&linkCode=osi&th=1&psc=1">View Product</a></div><div class="product"><a href="https://www.amazon.com/dp/B007CY2C76?tag=eloabder-20&linkCode=osi&th=1&psc=1"><img src="https://m.media-amazon.com/images/I/31-131ZWvEL._SL500_.jpg" alt="Product Image"></a><p>Freeman Dead Sea Minerals Anti-Stress Clay Facial Mask, Hydrating & Clarifying, Clears Pores, Face Mask With Lavender & Bergamot For Radiant Skin, For All Skin Types, 6 fl. oz./175 mL Tube, 1 Count</p><p>$3.86 ($0.64 / Ounce)</p><a href="https://www.amazon.com/dp/B007CY2C76?tag=eloabder-20&linkCode=osi&th=1&psc=1">View Product</a></div><div class="product"><a href="https://www.amazon.com/dp/B08HCVWG7B?tag=eloabder-20&linkCode=osi&th=1&psc=1"><img src="https://m.media-amazon.com/images/I/51nz+uBxoSL._SL500_.jpg" alt="Product Image"></a><p>Gleamin Vitamin C Clay Mask - 10-Minutes for Dark Spots, Turmeric Face Mask Skin Care, Deep Cleansing Pores - Facial Improves Uneven Tone, Post-Blemish, Visibly Brighten, Scarring and Texture - 2.5 Oz</p><p>$41.00 ($16.40 / Ounce)</p><a href="https://www.amazon.com/dp/B08HCVWG7B?tag=eloabder-20&linkCode=osi&th=1&psc=1">View Product</a></div>
<div class="product"><a href="https://www.amazon.com/dp/B000ZEA6WS?tag=eloabder-20&linkCode=osi&th=1&psc=1"><img src="https://m.media-amazon.com/images/I/31rFp2ip1IL._SL500_.jpg" alt="Product Image"></a><p>Freeman Renewing Cucumber Peel-Off Gel Facial Mask, Face Mask Refreshes Skin, Aloe Soothes & Moisturizes, Get Rejuvenated Skin, For Normal & Combination Skin, 6 fl. oz./175 mL Tube, 1 Count</p><p>$3.86 ($0.64 / Fl Oz)</p><a href="https://www.amazon.com/dp/B000ZEA6WS?tag=eloabder-20&linkCode=osi&th=1&psc=1">View Product</a></div><div class="product"><a href="https://www.amazon.com/dp/B08RYC42CZ?tag=eloabder-20&linkCode=osi&th=1&psc=1"><img src="https://m.media-amazon.com/images/I/31ApUlGl6zL._SL500_.jpg" alt="Product Image"></a><p>Aprilskin Calendula Peel Off Pore Minimizing Facial Mask | Vegan | Blackhead Remover, Exfoliating, Deep Cleansing | PHA BHA | Korean Skin Care | K Beauty | 3.52 oz</p><p>$16.90 ($4.80 / Fl Oz)</p><a href="https://www.amazon.com/dp/B08RYC42CZ?tag=eloabder-20&linkCode=osi&th=1&psc=1">View Product</a></div><div class="product"><a href="https://www.amazon.com/dp/B07DLDKCS1?tag=eloabder-20&linkCode=osi&th=1&psc=1"><img src="https://m.media-amazon.com/images/I/41Mx5AMIGyL._SL500_.jpg" alt="Product Image"></a><p>AZURE 24K Gold Firming Peel Off Face Mask- Anti Aging, Lifting, Illuminating & Revitalizing - Removes Blackheads, Dirt & Oils - With Hyaluronic Acid and Collagen - Skin Care Made in Korea - 150mL</p><p>$9.99 ($1.96 / Fl Oz)</p><a href="https://www.amazon.com/dp/B07DLDKCS1?tag=eloabder-20&linkCode=osi&th=1&psc=1">View Product</a></div><div class="product"><a href="https://www.amazon.com/dp/B07R16LBDL?tag=eloabder-20&linkCode=osi&th=1&psc=1"><img src="https://m.media-amazon.com/images/I/41yu6tuykaL._SL500_.jpg" alt="Product Image"></a><p>SUNATORIA Blackhead Remover Mask - Activated Charcoal Peel Off Face Mask - for All Skin Types - Deep Pore Cleaner Nose Blackhead Remover Pore Release - Black Head Remover for Face</p><p>$9.95 ($4.88 / Fl Oz)</p><a href="https://www.amazon.com/dp/B07R16LBDL?tag=eloabder-20&linkCode=osi&th=1&psc=1">View Product</a></div><div class="product"><a href="https://www.amazon.com/dp/B071KRTXX8?tag=eloabder-20&linkCode=osi&th=1&psc=1"><img src="https://m.media-amazon.com/images/I/51GSgsJO94L._SL500_.jpg" alt="Product Image"></a><p>SHILLS Charcoal Face Mask, Peel Off Mask, Charcoal Mask, Peel Off Mask, Deep Cleansing, Purifying, Activated Charcoal Mask with Brush</p><p>$9.94</p><a href="https://www.amazon.com/dp/B071KRTXX8?tag=eloabder-20&linkCode=osi&th=1&psc=1">View Product</a></div><div class="product"><a href="https://www.amazon.com/dp/B00E5NALCK?tag=eloabder-20&linkCode=osi&th=1&psc=1"><img src="https://m.media-amazon.com/images/I/31Is3s5+U7L._SL500_.jpg" alt="Product Image"></a><p>Freeman Cleansing Pomegranate Peel-Off Gel Facial Mask, Shrinks Pores, Purifies Skin, Made With 8 Different Antioxidants, Protects Skin, Cruelty-Free Skincare, 6 fl. oz./175 mL Tubes, 1 Count</p><p>$4.29 ($0.72 / Fl Oz)</p><a href="https://www.amazon.com/dp/B00E5NALCK?tag=eloabder-20&linkCode=osi&th=1&psc=1">View Product</a></div><div class="product"><a href="https://www.amazon.com/dp/B0CRTPJ5N3?tag=eloabder-20&linkCode=osi&th=1&psc=1"><img src="https://m.media-amazon.com/images/I/51zTZyHPVWL._SL500_.jpg" alt="Product Image"></a><p>Rednow Gold Foil Peel-Off Mask,Gold Peel Off Face Mask Anti-Wrinkle,98.4% Golden Peel Off Mask,Anti-Aging Gold Face Mask for Moisturizing,Removes Blackheads,Reduces Fine Lines,Cleans Pores(2PCS)</p><p>$14.99 ($7.50 / Fl Oz)</p><a href="https://www.amazon.com/dp/B0CRTPJ5N3?tag=eloabder-20&linkCode=osi&th=1&psc=1">View Product</a></div>
<div class="product"><a href="https://www.amazon.com/dp/B01NCM25K7?tag=eloabder-20&linkCode=osi&th=1&psc=1"><img src="https://m.media-amazon.com/images/I/416P4kSw1VL._SL500_.jpg" alt="Product Image"></a><p>New York Biology Dead Sea Mud Mask for Face and Body - Spa Quality Pore Reducer for Acne, Blackheads & Oily Skin, Natural Skincare for Women, Men - Tightens Skin for A Healthier Complexion - 8.8 oz</p><p>$16.95 ($1.93 / Ounce)</p><a href="https://www.amazon.com/dp/B01NCM25K7?tag=eloabder-20&linkCode=osi&th=1&psc=1">View Product</a></div><div class="product"><a href="https://www.amazon.com/dp/B00UREAGU8?tag=eloabder-20&linkCode=osi&th=1&psc=1"><img src="https://m.media-amazon.com/images/I/510FCuOHsNL._SL500_.jpg" alt="Product Image"></a><p>MAJESTIC PURE Dead Sea Mud Mask for Face and Body - Natural Skin Care for Women and Men - Best Facial Cleansing Clay for Blackhead, Whitehead, Acne and Pores - 8.8 fl. Oz</p><p>$9.99 ($1.14 / Fl Oz)</p><a href="https://www.amazon.com/dp/B00UREAGU8?tag=eloabder-20&linkCode=osi&th=1&psc=1">View Product</a></div><div class="product"><a href="https://www.amazon.com/dp/B0BNP68BMG?tag=eloabder-20&linkCode=osi&th=1&psc=1"><img src="https://m.media-amazon.com/images/I/41WoBVjFkyL._SL500_.jpg" alt="Product Image"></a><p>Aromasong 100% Pure Dead Sea Mud Mask for Face - Cleansing Natural Skin Care for Women and Men to Help Reduce Acne and Pores</p><p>$9.97 ($1.25 / Ounce)</p><a href="https://www.amazon.com/dp/B0BNP68BMG?tag=eloabder-20&linkCode=osi&th=1&psc=1">View Product</a></div><div class="product"><a href="https://www.amazon.com/dp/B08XY82146?tag=eloabder-20&linkCode=osi&th=1&psc=1"><img src="https://m.media-amazon.com/images/I/41Fcc-QZoiL._SL500_.jpg" alt="Product Image"></a><p>Borghese Advanced Fango Active Purifying Mud Mask, Detoxify & Clarify with Natural Minerals, For Face and Body, 7.5 Oz</p><p>$53.00 ($7.07 / Fl Oz)</p><a href="https://www.amazon.com/dp/B08XY82146?tag=eloabder-20&linkCode=osi&th=1&psc=1">View Product</a></div><div class="product"><a href="https://www.amazon.com/dp/B086V843R8?tag=eloabder-20&linkCode=osi&th=1&psc=1"><img src="https://m.media-amazon.com/images/I/410evC+SQHL._SL500_.jpg" alt="Product Image"></a><p>ANAI RUI Turmeric Clay Mask - Green Tea Clay Mask - Dead Sea Minerals Mud Mask, Spa Facial Mask Set, Face Mask Gift Set 2.5 oz each</p><p>$22.99</p><a href="https://www.amazon.com/dp/B086V843R8?tag=eloabder-20&linkCode=osi&th=1&psc=1">View Product</a></div><div class="product"><a href="https://www.amazon.com/dp/B0BZVQJMN2?tag=eloabder-20&linkCode=osi&th=1&psc=1"><img src="https://m.media-amazon.com/images/I/414evHf2H+L._SL500_.jpg" alt="Product Image"></a><p>20 Pods Clay Mask Set, Face Mask Skin Care，Green Tea, Turmeric, Dead Sea Mud, Rose, 24K Gold, Eggplant, Avocado, Mud Mask Deep Pore Cleansing Acne Blackhead Removal, Men & Women Facial Mask .</p><p>$17.97</p><a href="https://www.amazon.com/dp/B0BZVQJMN2?tag=eloabder-20&linkCode=osi&th=1&psc=1">View Product</a></div><div class="product"><a href="https://www.amazon.com/dp/B0D1G7XF9X?tag=eloabder-20&linkCode=osi&th=1&psc=1"><img src="https://m.media-amazon.com/images/I/31KAhEPTT2L._SL500_.jpg" alt="Product Image"></a><p>Medicube Zero Pore Blackhead Mud Facial Mask - Skin Cooling & Pore Tightening - 3 Minute Quick Dry Formula with AHA, BHA, PHA, and Pore-Purifying Clay - Korean Face Mask 3.52 oz</p><p>$17.90 ($5.09 / Ounce)</p><a href="https://www.amazon.com/dp/B0D1G7XF9X?tag=eloabder-20&linkCode=osi&th=1&psc=1">View Product</a></div><div class="product"><a href="https://www.amazon.com/dp/B0B538QDNY?tag=eloabder-20&linkCode=osi&th=1&psc=1"><img src="https://m.media-amazon.com/images/I/51MTBYPFdwL._SL500_.jpg" alt="Product Image"></a><p>4 Pcs Clay Facial Mask Set - Turmeric, Vitamin C, Green Tea, Dead Sea Mud, and Rose Clay for Deep Cleansing, Moisturizing, and Refining Pores - 240g</p><p>$19.99 ($2.36 / Ounce)</p><a href="https://www.amazon.com/dp/B0B538QDNY?tag=eloabder-20&linkCode=osi&th=1&psc=1">View Product</a></div><div class="product"><a href="https://www.amazon.com/dp/B09MN94BZW?tag=eloabder-20&linkCode=osi&th=1&psc=1"><img src="https://m.media-amazon.com/images/I/41dNAUrUGKL._SL500_.jpg" alt="Product Image"></a><p>Pure Clay Mud Mask, Clay Mask Pores for Face and Skin, Detox Clay Face Masks Skincare, Exfoliating Facial Treatment, Cleans & Purify Pores For Clear & Glowing Skin, Face Mask for Oily Skin & Normal</p><p>$5.99 ($0.70 / Ounce)</p><a href="https://www.amazon.com/dp/B09MN94BZW?tag=eloabder-20&linkCode=osi&th=1&psc=1">View Product</a></div>
<div class="product"><a href="https://www.amazon.com/dp/B08SHHLS4H?tag=eloabder-20&linkCode=osi&th=1&psc=1"><img src="https://m.media-amazon.com/images/I/51mcEX1fQQL._SL500_.jpg" alt="Product Image"></a><p>2PCS Gel Eye Mask Reusable Hot Cold Therapy Gel Bead Eye Mask for Puffiness/Dark Circles/Eye Bags/Dry Eyes/Headaches/Migraines/Stress Relief, Cooling Eye Mask Hot/Cold Compress Eye Mask (Blue)</p><p>$11.99 ($11.99 / Count)</p><a href="https://www.amazon.com/dp/B08SHHLS4H?tag=eloabder-20&linkCode=osi&th=1&psc=1">View Product</a></div><div class="product"><a href="https://www.amazon.com/dp/B0C8NR3Q5M?tag=eloabder-20&linkCode=osi&th=1&psc=1"><img src="https://m.media-amazon.com/images/I/51A6iv-SfEL._SL500_.jpg" alt="Product Image"></a><p>BeeVines Gel Eye Mask, 2 Pack Cooling Ice Masks for Puffy Eyes for Men & Women, Cold & Warm Compress for Post Surgery, Puffiness, Allergies, Sinuses & Migraines Treatment</p><p>$9.99 ($5.00 / Count)</p><a href="https://www.amazon.com/dp/B0C8NR3Q5M?tag=eloabder-20&linkCode=osi&th=1&psc=1">View Product</a></div><div class="product"><a href="https://www.amazon.com/dp/B07HD61PYN?tag=eloabder-20&linkCode=osi&th=1&psc=1"><img src="https://m.media-amazon.com/images/I/51NrypqKlOL._SL500_.jpg" alt="Product Image"></a><p>Cold Face Eye Mask Ice Pack Reduce Face Puff, Dark Circles, Gel Beads Hot Heat Cold Compress Pack, Face SPA for Woman Sleeping, Pressure, Headaches, Skin Care, Post Laser Care[Blue]</p><p>$9.99 ($9.99 / Count)</p><a href="https://www.amazon.com/dp/B07HD61PYN?tag=eloabder-20&linkCode=osi&th=1&psc=1">View Product</a></div><div class="product"><a href="https://www.amazon.com/dp/B075M9ZLB2?tag=eloabder-20&linkCode=osi&th=1&psc=1"><img src="https://m.media-amazon.com/images/I/51keceyL42L._SL500_.jpg" alt="Product Image"></a><p>Cooling Eye Mask - Reusable Gel Eye Mask Cold Pack - Our Ice Eye Mask Soothes Puffy Eyes & Dark Circles - Relieve Your Headaches & Sinus Pain with Cold Eye Mask & Eye Gel Mask Therapy - Halos</p><p>$9.99</p><a href="https://www.amazon.com/dp/B075M9ZLB2?tag=eloabder-20&linkCode=osi&th=1&psc=1">View Product</a></div><div class="product"><a href="https://www.amazon.com/dp/B0B9YLR2D6?tag=eloabder-20&linkCode=osi&th=1&psc=1"><img src="https://m.media-amazon.com/images/I/41byYk5cDeL._SL500_.jpg" alt="Product Image"></a><p>Lancity Jelly Mask Peel Off Face Masks SkinCare, Natural Gel Powder for Facial Mask, Professional hydrojelly Mask, Moisturizing & Hydrating 23 Fl Oz (Hyaluronic Acid)</p><p>$21.99 ($0.73 / Ounce)</p><a href="https://www.amazon.com/dp/B0B9YLR2D6?tag=eloabder-20&linkCode=osi&th=1&psc=1">View Product</a></div><div class="product"><a href="https://www.amazon.com/dp/B06XG249X4?tag=eloabder-20&linkCode=osi&th=1&psc=1"><img src="https://m.media-amazon.com/images/I/51YWeyoyTxL._SL500_.jpg" alt="Product Image"></a><p>Advanced Clinicals Hyaluronic Acid Gel Facial Mask Skin Care Treatment, Brightening, Hydrating Anti Aging Face Mask & Moisturizer Helps Transform Dry Skin W/Collagen, Chamomile, & Aloe Vera, 5 Fl Oz</p><p>$13.99 ($2.80 / Fl Oz)</p><a href="https://www.amazon.com/dp/B06XG249X4?tag=eloabder-20&linkCode=osi&th=1&psc=1">View Product</a></div><div class="product"><a href="https://www.amazon.com/dp/B0080FIRGQ?tag=eloabder-20&linkCode=osi&th=1&psc=1"><img src="https://m.media-amazon.com/images/I/41nFEw5jATS._SL500_.jpg" alt="Product Image"></a><p>Peter Thomas Roth | Cucumber Gel Mask | Extreme De-Tox Hydrator, Cooling and Hydrating Facial Mask, Helps Soothe the Look of Dry and Irritated Skin, 5 fl oz (Pack of 1)</p><p>$44.29 ($8.86 / Fl Oz)</p><a href="https://www.amazon.com/dp/B0080FIRGQ?tag=eloabder-20&linkCode=osi&th=1&psc=1">View Product</a></div>
<div class="product"><a href="https://www.amazon.com/dp/B014E2D6BY?tag=eloabder-20&linkCode=osi&th=1&psc=1"><img src="https://m.media-amazon.com/images/I/51V2D2PS2tL._SL500_.jpg" alt="Product Image"></a><p>grace & stella Under Eye Mask (Gold, 24 Pairs) Reduce Dark Circles, Puffy Eyes, Undereye Bags, Wrinkles - Gel Under Eye Patches - Gifts for Women - Birthday Gifts for Women - Vegan Cruelty Free</p><p>$21.95 ($0.91 / Count)</p><a href="https://www.amazon.com/dp/B014E2D6BY?tag=eloabder-20&linkCode=osi&th=1&psc=1">View Product</a></div><div class="product"><a href="https://www.amazon.com/dp/B0CPT8W3RV?tag=eloabder-20&linkCode=osi&th=1&psc=1"><img src="https://m.media-amazon.com/images/I/4184Q3-F9HL._SL500_.jpg" alt="Product Image"></a><p>grace & stella Purple Eye Treatment Gels - Dermatologist Tested - Under Eye Masks With Retinol - Restoring Under Eye Patches for Puffy Eyes and Dark Circles - Vegan, Cruelty-Free, 24 Pairs</p><p>$23.95 ($1.00 / Count)</p><a href="https://www.amazon.com/dp/B0CPT8W3RV?tag=eloabder-20&linkCode=osi&th=1&psc=1">View Product</a></div><div class="product"><a href="https://www.amazon.com/dp/B08DG3C22G?tag=eloabder-20&linkCode=osi&th=1&psc=1"><img src="https://m.media-amazon.com/images/I/51NCnFVfYTL._SL500_.jpg" alt="Product Image"></a><p>Celor Under Eye Patches for Puffy Eyes and Dark Circles - Eye Masks with Amino Acids & Collagen, Eye Care for Wrinkles - Birthday Gift for Women - Skincare Self Care - USA Tested (20 Pairs)</p><p>$9.99 ($0.50 / Count)</p><a href="https://www.amazon.com/dp/B08DG3C22G?tag=eloabder-20&linkCode=osi&th=1&psc=1">View Product</a></div><div class="product"><a href="https://www.amazon.com/dp/B0CQ2VBK8M?tag=eloabder-20&linkCode=osi&th=1&psc=1"><img src="https://m.media-amazon.com/images/I/61yjNxVwmgL._SL500_.jpg" alt="Product Image"></a><p>Under Eye Patches for Dark Circles and Puffy Eyes (30 Pairs), Marine Collagen Eye Gel Pads for Puffiness with Vitamin C, Hyaluronic Acid, and Pearl Extract, Eye Mask for Dark Circles and Puffiness</p><p>$19.95 ($0.66 / Count)</p><a href="https://www.amazon.com/dp/B0CQ2VBK8M?tag=eloabder-20&linkCode=osi&th=1&psc=1">View Product</a></div><div class="product"><a href="https://www.amazon.com/dp/B0CJJZYR9Y?tag=eloabder-20&linkCode=osi&th=1&psc=1"><img src="https://m.media-amazon.com/images/I/41Wxw8DLNVL._SL500_.jpg" alt="Product Image"></a><p>DRMTLGY Brightening Eye Masks (30 Pairs) - Caffeine Eye Masks for Dark Circles and Puffiness with Hyaluronic Acid, Eye Patches for Puffy Eyes</p><p>$44.00 ($0.73 / Count)</p><a href="https://www.amazon.com/dp/B0CJJZYR9Y?tag=eloabder-20&linkCode=osi&th=1&psc=1">View Product</a></div><div class="product"><a href="https://www.amazon.com/dp/B0CZ8JBDHQ?tag=eloabder-20&linkCode=osi&th=1&psc=1"><img src="https://m.media-amazon.com/images/I/41jK7RZj1NL._SL500_.jpg" alt="Product Image"></a><p>YOYORY Under Eye Patches Masks - for Dark Circles, Puffy Eyes, Fine Lines, Wrinkles, Eye Bags Treatment with Collagen and Hyaluronic Acid, Moisturizing and Hydrating (60 Pcs)…</p><p>$19.99 ($0.33 / Fl Oz)</p><a href="https://www.amazon.com/dp/B0CZ8JBDHQ?tag=eloabder-20&linkCode=osi&th=1&psc=1">View Product</a></div><div class="product"><a href="https://www.amazon.com/dp/B0C4NWGVTF?tag=eloabder-20&linkCode=osi&th=1&psc=1"><img src="https://m.media-amazon.com/images/I/51lAmpjfDsL._SL500_.jpg" alt="Product Image"></a><p>Taimand Under Eye Patches (30 Pairs), 24K Gold Under Eye Mask for Puffy Eyes, Dark Circles,Bags and Wrinkles with Collagen,Relieves Pressure and Reduces Wrinkles,Revitalises and Refreshes Your Skin</p><p>$7.99 ($0.27 / Count)</p><a href="https://www.amazon.com/dp/B0C4NWGVTF?tag=eloabder-20&linkCode=osi&th=1&psc=1">View Product</a></div><div class="product"><a href="https://www.amazon.com/dp/B0BDD7D34M?tag=eloabder-20&linkCode=osi&th=1&psc=1"><img src="https://m.media-amazon.com/images/I/51O5AVRXcUL._SL500_.jpg" alt="Product Image"></a><p>Maskiss 24k Gold Under Eye Patches (25 Pairs), eye mask, Collagen Skin Care Products, Eye Patches for Puffy Eyes, eye masks for dark circles and puffiness</p><p>$14.99 ($0.60 / Count)</p><a href="https://www.amazon.com/dp/B0BDD7D34M?tag=eloabder-20&linkCode=osi&th=1&psc=1">View Product</a></div><div class="product"><a href="https://www.amazon.com/dp/B0B1MFMS7W?tag=eloabder-20&linkCode=osi&th=1&psc=1"><img src="https://m.media-amazon.com/images/I/41BGKrFfFxL._SL500_.jpg" alt="Product Image"></a><p>CorneaCare Rest: Self Heating Warm Compress for Eyes | Heated Eye Mask for Fast Relief of Dry Eyes | No Microwave Needed | Eye Treatment Products for Dry Eye Relief | 30 Count | FSA & HSA Eligible</p><p>$35.00 ($1.17 / Count)</p><a href="https://www.amazon.com/dp/B0B1MFMS7W?tag=eloabder-20&linkCode=osi&th=1&psc=1">View Product</a></div><div class="product"><a href="https://www.amazon.com/dp/B0CTF8XSFX?tag=eloabder-20&linkCode=osi&th=1&psc=1"><img src="https://m.media-amazon.com/images/I/519z+NIvFHL._SL500_.jpg" alt="Product Image"></a><p>Under Eye Patches for Puffy Eyes Treatment 30 Pairs, 24K Gold Under Eye Masks for Dark Circles and Puffiness, Eye Gel Pads w/Collagen, Sodium Hyaluronate, Rose Essence for Eye Bags Treatment</p><p>$6.99 ($0.23 / Count)</p><a href="https://www.amazon.com/dp/B0CTF8XSFX?tag=eloabder-20&linkCode=osi&th=1&psc=1">View Product</a></div>
<div class="product"><a href="https://www.amazon.com/dp/B00JJPMXDO?tag=eloabder-20&linkCode=osi&th=1&psc=1"><img src="https://m.media-amazon.com/images/I/41xUbY21ojL._SL500_.jpg" alt="Product Image"></a><p>CeraVe Eye Repair Cream | Under Eye Cream For Puffiness And Bags Under Eyes | Hyaluronic Acid + Niacinamide + Marine Botanical Complex | Hydrating Eye Cream | Oil Free & Opthalmologist Tested</p><p>$10.70 ($21.40 / Ounce)</p><a href="https://www.amazon.com/dp/B00JJPMXDO?tag=eloabder-20&linkCode=osi&th=1&psc=1">View Product</a></div><div class="product"><a href="https://www.amazon.com/dp/B0B3GCCRVH?tag=eloabder-20&linkCode=osi&th=1&psc=1"><img src="https://m.media-amazon.com/images/I/41EdCdrw-AL._SL500_.jpg" alt="Product Image"></a><p>CeraVe Skin Renewing Eye Cream For Wrinkles | Under Eye Cream With Peptides + Caffeine + Niacinamide | Anti Aging Eye Cream For Wrinkles & Crows Feet | Paraben Free & Opthalmologist Tested</p><p>$18.49 ($36.98 / Ounce)</p><a href="https://www.amazon.com/dp/B0B3GCCRVH?tag=eloabder-20&linkCode=osi&th=1&psc=1">View Product</a></div><div class="product"><a href="https://www.amazon.com/dp/B00005333I?tag=eloabder-20&linkCode=osi&th=1&psc=1"><img src="https://m.media-amazon.com/images/I/31webfO63dL._SL500_.jpg" alt="Product Image"></a><p>L'Oreal Paris Dermo-Expertise Eye Defense Eye Cream with Caffeine and Hyaluronic Acid 0.5 oz</p><p>$12.27 ($24.54 / Ounce)</p><a href="https://www.amazon.com/dp/B00005333I?tag=eloabder-20&linkCode=osi&th=1&psc=1">View Product</a></div><div class="product"><a href="https://www.amazon.com/dp/B0CZJ8N83D?tag=eloabder-20&linkCode=osi&th=1&psc=1"><img src="https://m.media-amazon.com/images/I/31fQO3OHiML._SL500_.jpg" alt="Product Image"></a><p>PRIME PROMETICS PrimeEyes Hydrate Under Eye Cream for Mature Women – Hydrating Eye Cream for Dark Circles and Wrinkle Repair – Soft, Glowing & Healthy Under Eyes</p><p>$62.00</p><a href="https://www.amazon.com/dp/B0CZJ8N83D?tag=eloabder-20&linkCode=osi&th=1&psc=1">View Product</a></div><div class="product"><a href="https://www.amazon.com/dp/B0009RFB76?tag=eloabder-20&linkCode=osi&th=1&psc=1"><img src="https://m.media-amazon.com/images/I/31M2iQDNDOL._SL500_.jpg" alt="Product Image"></a><p>RoC Retinol Correxion Under Eye Cream for Dark Circles & Puffiness, Daily Wrinkle Cream, Anti Aging Line Smoothing Skin Care Treatment for Women and Men, 0.5 oz (Packaging May Vary)</p><p>$19.02 ($38.04 / Fl Oz)</p><a href="https://www.amazon.com/dp/B0009RFB76?tag=eloabder-20&linkCode=osi&th=1&psc=1">View Product</a></div><div class="product"><a href="https://www.amazon.com/dp/B0D3TG6MN3?tag=eloabder-20&linkCode=osi&th=1&psc=1"><img src="https://m.media-amazon.com/images/I/21-DQIJf5xL._SL500_.jpg" alt="Product Image"></a><p>Dr.Melaxin Eyephalt Eyebag Cream for Puffiness, Dark Circles & Fine Lines, Wrinkle, EGF Anti-Aging Under Eye Moisturizer with Niacinamide&Ceramide 0.33 fl.oz.</p><p>$59.00 ($178.79 / Fl Oz)</p><a href="https://www.amazon.com/dp/B0D3TG6MN3?tag=eloabder-20&linkCode=osi&th=1&psc=1">View Product</a></div><div class="product"><a href="https://www.amazon.com/dp/B07CKJRJXB?tag=eloabder-20&linkCode=osi&th=1&psc=1"><img src="https://m.media-amazon.com/images/I/31pJCzbhXrL._SL500_.jpg" alt="Product Image"></a><p>No7 Lift & Luminate Triple Action Eye Cream - Anti-Aging Under Eye Cream for Dark Circles, Puffiness & Wrinkles - Formulated with Vitamin C to Brighten and Refresh Tired Eyes (0.5 Fl Oz)</p><p>$15.93</p><a href="https://www.amazon.com/dp/B07CKJRJXB?tag=eloabder-20&linkCode=osi&th=1&psc=1">View Product</a></div><div class="product"><a href="https://www.amazon.com/dp/B07ZRF416W?tag=eloabder-20&linkCode=osi&th=1&psc=1"><img src="https://m.media-amazon.com/images/I/31cH7vzfBxL._SL500_.jpg" alt="Product Image"></a><p>COSRX Snail Peptide Eye Cream with 73.7% Snail Mucin and Niacinamide - Brightening Korean Night Cream for Fine Lines and Dark Circles</p><p>$13.89 ($16.34 / Fl Oz)</p><a href="https://www.amazon.com/dp/B07ZRF416W?tag=eloabder-20&linkCode=osi&th=1&psc=1">View Product</a></div>
<div class="product"><a href="https://www.amazon.com/dp/B01N9SPQHQ?tag=eloabder-20&linkCode=osi&th=1&psc=1"><img src="https://m.media-amazon.com/images/I/41NHgWAaYAL._SL500_.jpg" alt="Product Image"></a><p>La Roche-Posay Toleriane Double Repair Face Moisturizer, Daily Moisturizer Face Cream with Ceramide and Niacinamide for All Skin Types, Oil Free, Fragrance Free</p><p>$23.99 ($7.10 / Fl Oz)</p><a href="https://www.amazon.com/dp/B01N9SPQHQ?tag=eloabder-20&linkCode=osi&th=1&psc=1">View Product</a></div><div class="product"><a href="https://www.amazon.com/dp/B08BW46XXK?tag=eloabder-20&linkCode=osi&th=1&psc=1"><img src="https://m.media-amazon.com/images/I/41oCJ4BF8oL._SL500_.jpg" alt="Product Image"></a><p>Vanicream Daily Facial Moisturizer With Ceramides and Hyaluronic Acid - Formulated Without Common Irritants for Those with Sensitive Skin, 3 fl oz (Pack of 1)</p><p>$12.97 ($4.32 / Fl Oz)</p><a href="https://www.amazon.com/dp/B08BW46XXK?tag=eloabder-20&linkCode=osi&th=1&psc=1">View Product</a></div><div class="product"><a href="https://www.amazon.com/dp/B00TTD9BRC?tag=eloabder-20&linkCode=osi&th=1&psc=1"><img src="https://m.media-amazon.com/images/I/41Kc6H7fboL._SL500_.jpg" alt="Product Image"></a><p>CeraVe Moisturizing Cream | Body and Face Moisturizer for Dry Skin | Body Cream with Hyaluronic Acid and Ceramides | Daily Moisturizer | Oil-Free | Fragrance Free | Non-Comedogenic | 19 Ounce</p><p>$17.78 ($0.94 / Ounce)</p><a href="https://www.amazon.com/dp/B00TTD9BRC?tag=eloabder-20&linkCode=osi&th=1&psc=1">View Product</a></div><div class="product"><a href="https://www.amazon.com/dp/B000YJ2SLG?tag=eloabder-20&linkCode=osi&th=1&psc=1"><img src="https://m.media-amazon.com/images/I/31J9bWXnQ+L._SL500_.jpg" alt="Product Image"></a><p>CeraVe Daily Moisturizing Lotion for Dry Skin | Body Lotion & Face Moisturizer with Hyaluronic Acid and Ceramides | Daily Moisturizer | Fragrance Free | Oil-Free | 12 Ounce</p><p>$13.68 ($1.14 / Fl Oz)</p><a href="https://www.amazon.com/dp/B000YJ2SLG?tag=eloabder-20&linkCode=osi&th=1&psc=1">View Product</a></div><div class="product"><a href="https://www.amazon.com/dp/B01LEJ5MSK?tag=eloabder-20&linkCode=osi&th=1&psc=1"><img src="https://m.media-amazon.com/images/I/418xEMrk6LL._SL500_.jpg" alt="Product Image"></a><p>COSRX Snail Mucin 92% Repair Cream, Daily Face Gel Moisturizer for Dry Skin, Acne-prone, Sensitive Skin, Not Tested on Animals, No Parabens, Korean Skincare (3.52 Fl Oz (Pack of 1))</p><p>$13.99 ($3.97 / Fl Oz)</p><a href="https://www.amazon.com/dp/B01LEJ5MSK?tag=eloabder-20&linkCode=osi&th=1&psc=1">View Product</a></div><div class="product"><a href="https://www.amazon.com/dp/B0BBSP2JNQ?tag=eloabder-20&linkCode=osi&th=1&psc=1"><img src="https://m.media-amazon.com/images/I/51qb7tiAJgL._SL500_.jpg" alt="Product Image"></a><p>SimplyVital Face Moisturizer Collagen Cream - Anti Aging Neck and Décolleté - Made in USA Day & Night Face Cream - Moisturizing, Lifting & Recovery – 1.7oz</p><p>$22.89 ($13.46 / Fl Oz)</p><a href="https://www.amazon.com/dp/B0BBSP2JNQ?tag=eloabder-20&linkCode=osi&th=1&psc=1">View Product</a></div><div class="product"><a href="https://www.amazon.com/dp/B01NCWV3KM?tag=eloabder-20&linkCode=osi&th=1&psc=1"><img src="https://m.media-amazon.com/images/I/41Q1ESUhSeL._SL500_.jpg" alt="Product Image"></a><p>La Roche-Posay Toleriane Double Repair UV SPF Moisturizer for Face, Daily Facial Moisturizer with Sunscreen SPF 30, Niacinamide and Glycerin, Oil Free, Moisturizing Sun Protection</p><p>$24.99 ($10.00 / Fl Oz)</p><a href="https://www.amazon.com/dp/B01NCWV3KM?tag=eloabder-20&linkCode=osi&th=1&psc=1">View Product</a></div><div class="product"><a href="https://www.amazon.com/dp/B00F97FHAW?tag=eloabder-20&linkCode=osi&th=1&psc=1"><img src="https://m.media-amazon.com/images/I/41K+11aLxaL._SL500_.jpg" alt="Product Image"></a><p>CeraVe AM Facial Moisturizing Lotion with SPF 30 | Oil-Free Face Moisturizer with SPF | Formulated with Hyaluronic Acid, Niacinamide & Ceramides | Non-Comedogenic | Broad Spectrum Sunscreen | 3 Ounce</p><p>$14.99 ($5.00 / Fl Oz)</p><a href="https://www.amazon.com/dp/B00F97FHAW?tag=eloabder-20&linkCode=osi&th=1&psc=1">View Product</a></div><div class="product"><a href="https://www.amazon.com/dp/B00NR1YQHM?tag=eloabder-20&linkCode=osi&th=1&psc=1"><img src="https://m.media-amazon.com/images/I/41yzZFTW63L._SL500_.jpg" alt="Product Image"></a><p>Neutrogena Hydro Boost Face Moisturizer with Hyaluronic Acid for Dry Skin, Oil-Free and Non-Comedogenic Water Gel Face Lotion, 1.7 oz</p><p>$13.00 ($7.65 / Ounce)</p><a href="https://www.amazon.com/dp/B00NR1YQHM?tag=eloabder-20&linkCode=osi&th=1&psc=1">View Product</a></div><div class="product"><a href="https://www.amazon.com/dp/B08127SC4G?tag=eloabder-20&linkCode=osi&th=1&psc=1"><img src="https://m.media-amazon.com/images/I/31lAajvgToL._SL500_.jpg" alt="Product Image"></a><p>e.l.f. SKIN Holy Hydration! Face Cream, Moisturizer For Nourishing & Plumping Skin, Infused With Hyaluronic Acid, Vegan & Cruelty-Free, 1.8 Oz</p><p>$13.00 ($7.39 / Ounce)</p><a href="https://www.amazon.com/dp/B08127SC4G?tag=eloabder-20&linkCode=osi&th=1&psc=1">View Product</a></div>
<div class="product"><a href="https://www.amazon.com/dp/B00SNPCSUY?tag=eloabder-20&linkCode=osi&th=1&psc=1"><img src="https://m.media-amazon.com/images/I/411crd4ECqL._SL500_.jpg" alt="Product Image"></a><p>CeraVe Skin Renewing Night Cream | Niacinamide, Peptide Complex, and Hyaluronic Acid Moisturizer for Face | 1.7 Ounce, Packaging may Vary</p><p>$17.44 ($10.26 / Ounce)</p><a href="https://www.amazon.com/dp/B00SNPCSUY?tag=eloabder-20&linkCode=osi&th=1&psc=1">View Product</a></div><div class="product"><a href="https://www.amazon.com/dp/B00HNSSPDG?tag=eloabder-20&linkCode=osi&th=1&psc=1"><img src="https://m.media-amazon.com/images/I/41zARcUorbL._SL500_.jpg" alt="Product Image"></a><p>Neutrogena Triple Age Repair Anti-Aging Night Cream with Vitamin C; Fights Wrinkles & Evens Tone, Firming Anti-Wrinkle Face & Neck Cream; Glycerin & Shea Butter, 1.7 oz</p><p>$20.44 ($12.02 / Ounce)</p><a href="https://www.amazon.com/dp/B00HNSSPDG?tag=eloabder-20&linkCode=osi&th=1&psc=1">View Product</a></div><div class="product"><a href="https://www.amazon.com/dp/B01M4R7CC5?tag=eloabder-20&linkCode=osi&th=1&psc=1"><img src="https://m.media-amazon.com/images/I/414vBUMc1QL._SL500_.jpg" alt="Product Image"></a><p>Night Cream by Olay Regenerist Night Recovery Anti-Aging Face Moisturizer 1.7 oz</p><p>$21.34 ($12.55 / Ounce)</p><a href="https://www.amazon.com/dp/B01M4R7CC5?tag=eloabder-20&linkCode=osi&th=1&psc=1">View Product</a></div><div class="product"><a href="https://www.amazon.com/dp/B00365DABC?tag=eloabder-20&linkCode=osi&th=1&psc=1"><img src="https://m.media-amazon.com/images/I/41rqUy3OtML._SL500_.jpg" alt="Product Image"></a><p>CeraVe PM Facial Moisturizing Lotion | Night Cream with Hyaluronic Acid and Niacinamide | Ultra-Lightweight, Oil-Free Moisturizer for Face | 3 Ounce</p><p>$15.99 ($5.33 / Ounce)</p><a href="https://www.amazon.com/dp/B00365DABC?tag=eloabder-20&linkCode=osi&th=1&psc=1">View Product</a></div><div class="product"><a href="https://www.amazon.com/dp/B0877PX27D?tag=eloabder-20&linkCode=osi&th=1&psc=1"><img src="https://m.media-amazon.com/images/I/41UsZNavFeL._SL500_.jpg" alt="Product Image"></a><p>Eucerin Q10 Anti-Wrinkle Night Cream + Pro-Retinol, Facial Cream for Sensitive Skin, 1.7 Oz Jar</p><p>$12.49 ($7.35 / Ounce)</p><a href="https://www.amazon.com/dp/B0877PX27D?tag=eloabder-20&linkCode=osi&th=1&psc=1">View Product</a></div><div class="product"><a href="https://www.amazon.com/dp/B09843F4WG?tag=eloabder-20&linkCode=osi&th=1&psc=1"><img src="https://m.media-amazon.com/images/I/41rbHY+4UCL._SL500_.jpg" alt="Product Image"></a><p>L'Oreal Paris Age Perfect Collagen Expert Anti-Aging, Anti-Wrinkle Night Moisturizer 2.5 oz</p><p>$14.06 ($5.62 / Ounce)</p><a href="https://www.amazon.com/dp/B09843F4WG?tag=eloabder-20&linkCode=osi&th=1&psc=1">View Product</a></div><div class="product"><a href="https://www.amazon.com/dp/B00D440TZU?tag=eloabder-20&linkCode=osi&th=1&psc=1"><img src="https://m.media-amazon.com/images/I/41th+Ofm0oL._SL500_.jpg" alt="Product Image"></a><p>RoC Multi Correxion 5 in 1 Restoring/Anti Aging Facial Night Cream with Hexinol, 1.7 Ounces (Packaging May Vary)</p><p>$24.47 ($14.39 / Ounce)</p><a href="https://www.amazon.com/dp/B00D440TZU?tag=eloabder-20&linkCode=osi&th=1&psc=1">View Product</a></div><div class="product"><a href="https://www.amazon.com/dp/B0C15N3473?tag=eloabder-20&linkCode=osi&th=1&psc=1"><img src="https://m.media-amazon.com/images/I/415J39xM8eL._SL500_.jpg" alt="Product Image"></a><p>Cetaphil Healthy Renew Skin Tightening Night Cream 1.7 Oz, Wrinkle Repair Cream for Face with Peptides, Retinol Alternative Cream For Sensitive Skin, Fragrance Free</p><p>$16.64 ($9.79 / Fl Oz)</p><a href="https://www.amazon.com/dp/B0C15N3473?tag=eloabder-20&linkCode=osi&th=1&psc=1">View Product</a></div><div class="product"><a href="https://www.amazon.com/dp/B09W4TZVPZ?tag=eloabder-20&linkCode=osi&th=1&psc=1"><img src="https://m.media-amazon.com/images/I/411CiT2MjTL._SL500_.jpg" alt="Product Image"></a><p>Eight Saints Skin Care Up the Anti Night Cream Face Moisturizer to Reduce Fine Lines and Wrinkles, Natural and Organic Anti Aging Cream For Face & Neck with Niacinamide and Hyaluronic Acid, 2 Ounces</p><p>$34.00 ($17.00 / Ounce)</p><a href="https://www.amazon.com/dp/B09W4TZVPZ?tag=eloabder-20&linkCode=osi&th=1&psc=1">View Product</a></div><div class="product"><a href="https://www.amazon.com/dp/B0B64GY9MC?tag=eloabder-20&linkCode=osi&th=1&psc=1"><img src="https://m.media-amazon.com/images/I/416zsLeSx8L._SL500_.jpg" alt="Product Image"></a><p>L'Oreal Paris Age Perfect Anti-Aging Midnight Cream, Reduce Wrinkles & Firm 1.7oz + Serum Sample</p><p>$27.77 ($16.34 / Ounce)</p><a href="https://www.amazon.com/dp/B0B64GY9MC?tag=eloabder-20&linkCode=osi&th=1&psc=1">View Product</a></div>
<div class="product"><a href="https://www.amazon.com/dp/B002JDUMFO?tag=eloabder-20&linkCode=osi&th=1&psc=1"><img src="https://m.media-amazon.com/images/I/41h3+tOcptL._SL500_.jpg" alt="Product Image"></a><p>L’Oréal Paris Collagen Daily Face Moisturizer, Reduce Wrinkles, Face Cream 1.7 oz</p><p>$7.14 ($4.20 / Ounce)</p><a href="https://www.amazon.com/dp/B002JDUMFO?tag=eloabder-20&linkCode=osi&th=1&psc=1">View Product</a></div><div class="product"><a href="https://www.amazon.com/dp/B07D61XRFT?tag=eloabder-20&linkCode=osi&th=1&psc=1"><img src="https://m.media-amazon.com/images/I/41jMcJ9ZkDL._SL500_.jpg" alt="Product Image"></a><p>L'Oreal Paris Skincare Age Perfect Hydra-Nutrition Anti-Aging Day Cream with Manuka Honey Extract, 1.7 Ounce</p><p>$14.99 ($8.82 / Ounce)</p><a href="https://www.amazon.com/dp/B07D61XRFT?tag=eloabder-20&linkCode=osi&th=1&psc=1">View Product</a></div><div class="product"><a href="https://www.amazon.com/dp/B00OYBAMKY?tag=eloabder-20&linkCode=osi&th=1&psc=1"><img src="https://m.media-amazon.com/images/I/31F5FUo3BnL._SL500_.jpg" alt="Product Image"></a><p>Grown Alchemist Hydra-Repair Day Cream. Face Moisturizer that Primes and Hydrates Skin (100ml).</p><p>$65.00 ($19.23 / Fl Oz)</p><a href="https://www.amazon.com/dp/B00OYBAMKY?tag=eloabder-20&linkCode=osi&th=1&psc=1">View Product</a></div><div class="product"><a href="https://www.amazon.com/dp/B0C9VXS6VY?tag=eloabder-20&linkCode=osi&th=1&psc=1"><img src="https://m.media-amazon.com/images/I/41jZJbsswdL._SL500_.jpg" alt="Product Image"></a><p>La Vie Protective Anti-Aging Face Cream – Day Cream with Hyaluronic Acid, Shea Butter & Vitamins – Firming Face Cream with SPF & Aloe Vera – 1.7Fl Oz</p><p>$21.50 ($12.65 / Fl Oz)</p><a href="https://www.amazon.com/dp/B0C9VXS6VY?tag=eloabder-20&linkCode=osi&th=1&psc=1">View Product</a></div><div class="product"><a href="https://www.amazon.com/dp/B0CWVN2PKH?tag=eloabder-20&linkCode=osi&th=1&psc=1"><img src="https://m.media-amazon.com/images/I/41qIK3gKbEL._SL500_.jpg" alt="Product Image"></a><p>EnaSkin Retinol Cream for Wrinkles: Face Collagen Cream for Tightening Skin - Anti Aging Facial Moisturizer Day and Night for Women and Men 1.7 Fl OZ</p><p>$19.89 ($11.70 / Fl Oz)</p><a href="https://www.amazon.com/dp/B0CWVN2PKH?tag=eloabder-20&linkCode=osi&th=1&psc=1">View Product</a></div>
<div class="product"><a href="https://www.amazon.com/dp/B0CKPQJ13T?tag=eloabder-20&linkCode=osi&th=1&psc=1"><img src="https://m.media-amazon.com/images/I/31h2CQ5KWBL._SL500_.jpg" alt="Product Image"></a><p>Niacinamide Serum for Face, Anti Aging Serum, Hydrating Serum for Moisturize Skin, Oil Control, Pores Reducer, Reduces Skin Dullness and Delay Aging, Niacinamide Face Serum for all Skin Type</p><p>$9.99 ($9.99 / Fl Oz)</p><a href="https://www.amazon.com/dp/B0CKPQJ13T?tag=eloabder-20&linkCode=osi&th=1&psc=1">View Product</a></div><div class="product"><a href="https://www.amazon.com/dp/B072K1LNNY?tag=eloabder-20&linkCode=osi&th=1&psc=1"><img src="https://m.media-amazon.com/images/I/51frH2pII1L._SL500_.jpg" alt="Product Image"></a><p>SeoulCeuticals Korean Skin Care 20% Vitamin C Hyaluronic Acid Serum + CE Ferulic Acid - Potent Anti Aging, Anti Wrinkle Korean Beauty 1oz</p><p>$19.98</p><a href="https://www.amazon.com/dp/B072K1LNNY?tag=eloabder-20&linkCode=osi&th=1&psc=1">View Product</a></div><div class="product"><a href="https://www.amazon.com/dp/B01M4MCUAF?tag=eloabder-20&linkCode=osi&th=1&psc=1"><img src="https://m.media-amazon.com/images/I/41aQhk7cn+L._SL500_.jpg" alt="Product Image"></a><p>TruSkin Vitamin C Serum – Anti Aging Facial Serum with Vitamin C, Hyaluronic Acid, Vitamin E & More – Brightening Serum for Dark Spots, Even Skin Tone, Eye Area, Fine Lines & Wrinkles, 1 Fl Oz</p><p>$21.97</p><a href="https://www.amazon.com/dp/B01M4MCUAF?tag=eloabder-20&linkCode=osi&th=1&psc=1">View Product</a></div><div class="product"><a href="https://www.amazon.com/dp/B08L8B5JR2?tag=eloabder-20&linkCode=osi&th=1&psc=1"><img src="https://m.media-amazon.com/images/I/51Ee0RzYONL._SL500_.jpg" alt="Product Image"></a><p>Vibriance Super C Serum for Mature Skin, Made in USA, All-In-One Formula Hydrates, Firms, Lifts, Smooths, Targets Age Spots, Wrinkles, Vitamin C Serum; 1 fl oz</p><p>$32.90</p><a href="https://www.amazon.com/dp/B08L8B5JR2?tag=eloabder-20&linkCode=osi&th=1&psc=1">View Product</a></div><div class="product"><a href="https://www.amazon.com/dp/B07P5TMHD9?tag=eloabder-20&linkCode=osi&th=1&psc=1"><img src="https://m.media-amazon.com/images/I/51xr2lw0Y7L._SL500_.jpg" alt="Product Image"></a><p>Vitamin C Face Serum - Dark Spot Remover Facial Serum, Vit C Serum with Hyaluronic Acid, Ferulic Acid, & Vit E - Anti Aging and Skin Brightening Serum, Pure Vitamin C Serum Skin Care</p><p>$9.98</p><a href="https://www.amazon.com/dp/B07P5TMHD9?tag=eloabder-20&linkCode=osi&th=1&psc=1">View Product</a></div><div class="product"><a href="https://www.amazon.com/dp/B09TPXJP8R?tag=eloabder-20&linkCode=osi&th=1&psc=1"><img src="https://m.media-amazon.com/images/I/41wFAnopZkL._SL500_.jpg" alt="Product Image"></a><p>Vichy LiftActiv Vitamin C Serum, Brightening and Anti Aging Serum for Face with 15% Pure Vitamin C, Skin Firming and Antioxidant Facial Serum for Brightness and Moisturizing</p><p>$34.99 ($52.22 / Fl Oz)</p><a href="https://www.amazon.com/dp/B09TPXJP8R?tag=eloabder-20&linkCode=osi&th=1&psc=1">View Product</a></div><div class="product"><a href="https://www.amazon.com/dp/B075VX4QVM?tag=eloabder-20&linkCode=osi&th=1&psc=1"><img src="https://m.media-amazon.com/images/I/31uFKKKGUhL._SL500_.jpg" alt="Product Image"></a><p>La Roche-Posay Hyalu B5 Pure Hyaluronic Acid Serum for Face | Vitamin B5 + Hyaluronic Acid + Madecassoside | Hydrating Serum Visibly Plumps Skin | Sensitive Skin Safe | Anti Aging Serum | Oil-Free</p><p>$39.99</p><a href="https://www.amazon.com/dp/B075VX4QVM?tag=eloabder-20&linkCode=osi&th=1&psc=1">View Product</a></div><div class="product"><a href="https://www.amazon.com/dp/B0CLLV2T1P?tag=eloabder-20&linkCode=osi&th=1&psc=1"><img src="https://m.media-amazon.com/images/I/31ZBa-zgbjL._SL500_.jpg" alt="Product Image"></a><p>Anua 10% Niacinamide+ 4% Tranexamic Acid Serum, Ceramide, Hyaluronic Acid, Vitamin B12 natural color, for Sensitive skin, Korean Glass Skin, Fragrance-Free (30ml /1.01 fl.oz.)</p><p>$19.00 ($18.81 / Fl Oz)</p><a href="https://www.amazon.com/dp/B0CLLV2T1P?tag=eloabder-20&linkCode=osi&th=1&psc=1">View Product</a></div><div class="product"><a href="https://www.amazon.com/dp/B07VWSN95S?tag=eloabder-20&linkCode=osi&th=1&psc=1"><img src="https://m.media-amazon.com/images/I/411Y0nzh9zL._SL500_.jpg" alt="Product Image"></a><p>CeraVe Retinol Serum for Post-Acne Marks and Skin Texture | Pore Refining, Resurfacing, Brightening Facial Serum with Retinol and Niacinamide | Fragrance Free, Paraben Free & Non-Comedogenic| 1 Oz</p><p>$18.68</p><a href="https://www.amazon.com/dp/B07VWSN95S?tag=eloabder-20&linkCode=osi&th=1&psc=1">View Product</a></div>
<div class="product"><a href="https://www.amazon.com/dp/B00J1FNW28?tag=eloabder-20&linkCode=osi&th=1&psc=1"><img src="https://m.media-amazon.com/images/I/414w8iNQRqL._SL500_.jpg" alt="Product Image"></a><p>Palmer's Cocoa Butter Formula Moisturizing Skin Therapy Oil for Face with Vitamin E, C & 10 Pure Facial Oil Blend, Rosehip Fragrance, 1 Ounce</p><p>$10.97 ($10.97 / Fl Oz)</p><a href="https://www.amazon.com/dp/B00J1FNW28?tag=eloabder-20&linkCode=osi&th=1&psc=1">View Product</a></div><div class="product"><a href="https://www.amazon.com/dp/B01N3340K7?tag=eloabder-20&linkCode=osi&th=1&psc=1"><img src="https://m.media-amazon.com/images/I/41QYm09uWiL._SL500_.jpg" alt="Product Image"></a><p>Kate Blanc Cosmetics Rosehip Oil for Face & Skin. Rosehip Seed Face Oil for Facial & Gua Sha Massage (1oz, Organic, Pure, Cold Pressed)</p><p>$8.99</p><a href="https://www.amazon.com/dp/B01N3340K7?tag=eloabder-20&linkCode=osi&th=1&psc=1">View Product</a></div><div class="product"><a href="https://www.amazon.com/dp/B01GYHLW4U?tag=eloabder-20&linkCode=osi&th=1&psc=1"><img src="https://m.media-amazon.com/images/I/31oeUKDfrOL._SL500_.jpg" alt="Product Image"></a><p>KORA Organics Noni Glow Hydrating Face Oil with Antioxidants, Nourish & Illuminate, Certified Organic, Cruelty Free, 0.34 fl oz</p><p>$29.00 ($85.29 / Fl Oz)</p><a href="https://www.amazon.com/dp/B01GYHLW4U?tag=eloabder-20&linkCode=osi&th=1&psc=1">View Product</a></div><div class="product"><a href="https://www.amazon.com/dp/B09Q2XYMLM?tag=eloabder-20&linkCode=osi&th=1&psc=1"><img src="https://m.media-amazon.com/images/I/41LM+-HnjiL._SL500_.jpg" alt="Product Image"></a><p>Good Molecules Squalane Oil - Moisturizer for Face, Skin, and Hair, Plumping, Firming, Anti-Aging - Skincare for Face to Hydrate and Calm the Skin</p><p>$8.00 ($18.18 / Fl Oz)</p><a href="https://www.amazon.com/dp/B09Q2XYMLM?tag=eloabder-20&linkCode=osi&th=1&psc=1">View Product</a></div><div class="product"><a href="https://www.amazon.com/dp/B0CNG6YPB8?tag=eloabder-20&linkCode=osi&th=1&psc=1"><img src="https://m.media-amazon.com/images/I/41gbDKoodrL._SL500_.jpg" alt="Product Image"></a><p>Black Seed Oil, Rosehip Oil, Castor Oil Organic Cold Pressed for Face Anti-Aging Miracle Facial Moisturizer Serum Natural Skincare Fortifying Hydrates Skin Moisturizing Beauty Glow Oil 1 Fl Oz/30mL</p><p>$16.99 ($16.99 / Fl Oz)</p><a href="https://www.amazon.com/dp/B0CNG6YPB8?tag=eloabder-20&linkCode=osi&th=1&psc=1">View Product</a></div><div class="product"><a href="https://www.amazon.com/dp/B000VPPUEA?tag=eloabder-20&linkCode=osi&th=1&psc=1"><img src="https://m.media-amazon.com/images/I/31e4JzjWhkL._SL500_.jpg" alt="Product Image"></a><p>Bio-Oil Skincare Body Oil, Vitamin E, Serum for Scars & Stretchmarks, Face & Body Moisturizer, 2 oz, All Skin Types</p><p>$11.04 ($5.52 / Fl Oz)</p><a href="https://www.amazon.com/dp/B000VPPUEA?tag=eloabder-20&linkCode=osi&th=1&psc=1">View Product</a></div><div class="product"><a href="https://www.amazon.com/dp/B001UE60E0?tag=eloabder-20&linkCode=osi&th=1&psc=1"><img src="https://m.media-amazon.com/images/I/31cFL31-1pL._SL500_.jpg" alt="Product Image"></a><p>DHC Deep Cleansing Oil, Facial Cleansing Oil, Makeup Remover, Cleanses without Clogging Pores, Residue-Free, Fragrance and Colorant Free, All Skin Types, 6.7 fl. oz.</p><p>$21.99 ($3.28 / Fl Oz)</p><a href="https://www.amazon.com/dp/B001UE60E0?tag=eloabder-20&linkCode=osi&th=1&psc=1">View Product</a></div><div class="product"><a href="https://www.amazon.com/dp/B0BN2PX8V3?tag=eloabder-20&linkCode=osi&th=1&psc=1"><img src="https://m.media-amazon.com/images/I/31vN6RNetML._SL500_.jpg" alt="Product Image"></a><p>ANUA Heartleaf Pore Control Cleansing Oil, Oil Cleanser for Face, Makeup Blackhead Remover, Korean Skin Care 6.76 fl oz(200ml) (original)</p><p>$17.69 ($2.64 / Fl Oz)</p><a href="https://www.amazon.com/dp/B0BN2PX8V3?tag=eloabder-20&linkCode=osi&th=1&psc=1">View Product</a></div><div class="product"><a href="https://www.amazon.com/dp/B07H2GP6VX?tag=eloabder-20&linkCode=osi&th=1&psc=1"><img src="https://m.media-amazon.com/images/I/41OxX+xF61L._SL500_.jpg" alt="Product Image"></a><p>Skin Glow Serum for Face Care - Gua Sha Oil for Glowing Skin with Turmeric Oil for Face Dark Spots Fine Lines & Wrinkles - Hydrating Face Oil for Women's Vegan Organic Skin Care (30mL)</p><p>$29.70 ($29.70 / Fl Oz)</p><a href="https://www.amazon.com/dp/B07H2GP6VX?tag=eloabder-20&linkCode=osi&th=1&psc=1">View Product</a></div><div class="product"><a href="https://www.amazon.com/dp/B098553XRB?tag=eloabder-20&linkCode=osi&th=1&psc=1"><img src="https://m.media-amazon.com/images/I/31jJT07RSqL._SL500_.jpg" alt="Product Image"></a><p>Derma E Vitamin C Glow Face Oil, Facial Oil Nourishes, Brightens and Illuminates for a Radiant Glow, Moisturizing Face Oil with Turmeric, Seabuckthorn and Red Raspberry, 1 Fl Oz</p><p>$13.05</p><a href="https://www.amazon.com/dp/B098553XRB?tag=eloabder-20&linkCode=osi&th=1&psc=1">View Product</a></div>
<div class="product"><a href="https://www.amazon.com/dp/B005IHT94S?tag=eloabder-20&linkCode=osi&th=1&psc=1"><img src="https://m.media-amazon.com/images/I/31YAXVCRMAL._SL500_.jpg" alt="Product Image"></a><p>Neutrogena Ultra Sheer Dry-Touch Water Resistant and Non-Greasy Sunscreen Lotion with Broad Spectrum SPF 70, 3 Fl Oz (Pack of 1)</p><p>$9.88 ($3.29 / Fl Oz)</p><a href="https://www.amazon.com/dp/B005IHT94S?tag=eloabder-20&linkCode=osi&th=1&psc=1">View Product</a></div><div class="product"><a href="https://www.amazon.com/dp/B078BC1NJ6?tag=eloabder-20&linkCode=osi&th=1&psc=1"><img src="https://m.media-amazon.com/images/I/51V4LMN2zEL._SL500_.jpg" alt="Product Image"></a><p>Coppertone Sport Sunscreen Spray SPF 50, Water Resistant Spray Sunscreen, Broad Spectrum SPF 50 Sunscreen, Bulk Sunscreen Pack, 5.5 Oz Bottle, Pack of 3</p><p>$20.63 ($1.25 / Ounce)</p><a href="https://www.amazon.com/dp/B078BC1NJ6?tag=eloabder-20&linkCode=osi&th=1&psc=1">View Product</a></div><div class="product"><a href="https://www.amazon.com/dp/B01MQXX9US?tag=eloabder-20&linkCode=osi&th=1&psc=1"><img src="https://m.media-amazon.com/images/I/41Zi7BP15NL._SL500_.jpg" alt="Product Image"></a><p>Banana Boat Sport Ultra SPF 50 Sunscreen Spray Twin Pack | Banana Boat Sunscreen Spray SPF 50, Spray On Sunscreen, Water Resistant Sunscreen, Oxybenzone Free Sunscreen Pack, 6oz each</p><p>$13.97 ($1.16 / Ounce)</p><a href="https://www.amazon.com/dp/B01MQXX9US?tag=eloabder-20&linkCode=osi&th=1&psc=1">View Product</a></div><div class="product"><a href="https://www.amazon.com/dp/B002MSN3QQ?tag=eloabder-20&linkCode=osi&th=1&psc=1"><img src="https://m.media-amazon.com/images/I/3100avaA74L._SL500_.jpg" alt="Product Image"></a><p>EltaMD UV Clear Face Sunscreen, Oil Free Sunscreen with Zinc Oxide, Dermatologist Recommended Sunscreen, 1.7 oz Pump</p><p>$43.00 ($25.29 / Ounce)</p><a href="https://www.amazon.com/dp/B002MSN3QQ?tag=eloabder-20&linkCode=osi&th=1&psc=1">View Product</a></div><div class="product"><a href="https://www.amazon.com/dp/B00AEN4QZ8?tag=eloabder-20&linkCode=osi&th=1&psc=1"><img src="https://m.media-amazon.com/images/I/31QMrCJPoeL._SL500_.jpg" alt="Product Image"></a><p>Neutrogena Beach Defense Water-Resistant Face & Body SPF 70 Sunscreen Lotion with Broad Spectrum UVA/UVB Protection, Oil-Free Fast-Absorbing Sunscreen Lotion, Oxybenzone-Free, 6.7 oz</p><p>$9.60 ($1.43 / Fl Oz)</p><a href="https://www.amazon.com/dp/B00AEN4QZ8?tag=eloabder-20&linkCode=osi&th=1&psc=1">View Product</a></div><div class="product"><a href="https://www.amazon.com/dp/B076GZX3KL?tag=eloabder-20&linkCode=osi&th=1&psc=1"><img src="https://m.media-amazon.com/images/I/41BQoEZMuTL._SL500_.jpg" alt="Product Image"></a><p>Neutrogena Sunscreen Spray, Ultra Sheer ® Body Mist, Broad Spectrum SPF 70, Non-Greasy Water Resistant Body Sunscreen Mist, Non-Comedogenic, 5 oz (Pack of 3)</p><p>$22.60 ($1.51 / Ounce)</p><a href="https://www.amazon.com/dp/B076GZX3KL?tag=eloabder-20&linkCode=osi&th=1&psc=1">View Product</a></div><div class="product"><a href="https://www.amazon.com/dp/B004D2DR0Q?tag=eloabder-20&linkCode=osi&th=1&psc=1"><img src="https://m.media-amazon.com/images/I/41QwzCWNnFL._SL500_.jpg" alt="Product Image"></a><p>Neutrogena Ultra Sheer Dry-Touch Water Resistant and Non-Greasy Sunscreen Lotion with Broad Spectrum SPF 45, TSA-Compliant travel Size, 3 Fl Oz, Pack of 2, 6 Fl Oz</p><p>$13.99 ($2.33 / Fl Oz)</p><a href="https://www.amazon.com/dp/B004D2DR0Q?tag=eloabder-20&linkCode=osi&th=1&psc=1">View Product</a></div><div class="product"><a href="https://www.amazon.com/dp/B07YGVSGMW?tag=eloabder-20&linkCode=osi&th=1&psc=1"><img src="https://m.media-amazon.com/images/I/416T611PGUL._SL500_.jpg" alt="Product Image"></a><p>La Roche-Posay Anthelios Melt-In Milk Sunscreen SPF 100 | Sunscreen For Body & Face | Broad Spectrum SPF + Antioxidants | Oil Free Sunscreen Lotion | For Sun Sensitive Skin | Oxybenzone Free</p><p>$26.99 ($9.00 / Fl Oz)</p><a href="https://www.amazon.com/dp/B07YGVSGMW?tag=eloabder-20&linkCode=osi&th=1&psc=1">View Product</a></div><div class="product"><a href="https://www.amazon.com/dp/B002CML1VG?tag=eloabder-20&linkCode=osi&th=1&psc=1"><img src="https://m.media-amazon.com/images/I/41ufC4L5QQL._SL500_.jpg" alt="Product Image"></a><p>La Roche-Posay Anthelios Melt-In Milk Sunscreen SPF 60 | Sunscreen For Body & Face | Broad Spectrum SPF + Antioxidants | Oil Free Sunscreen Lotion | Lightweight & Fast Absorbing | Oxybenzone Free</p><p>$37.99 ($7.60 / Fl Oz)</p><a href="https://www.amazon.com/dp/B002CML1VG?tag=eloabder-20&linkCode=osi&th=1&psc=1">View Product</a></div>
<div class="product"><a href="https://www.amazon.com/dp/B004CDV7EY?tag=eloabder-20&linkCode=osi&th=1&psc=1"><img src="https://m.media-amazon.com/images/I/41tTwTi8GdL._SL500_.jpg" alt="Product Image"></a><p>Banana Boat Sport Ultra SPF 50 Sunscreen Lotion, 12oz | Banana Boat Sunscreen SPF 50 Lotion, Oxybenzone Free Sunscreen, Sunblock Lotion Sunscreen, Family Size Sunscreen, 12oz</p><p>$10.97 ($0.91 / Fl Oz)</p><a href="https://www.amazon.com/dp/B004CDV7EY?tag=eloabder-20&linkCode=osi&th=1&psc=1">View Product</a></div><div class="product"><a href="https://www.amazon.com/dp/B001P92FMG?tag=eloabder-20&linkCode=osi&th=1&psc=1"><img src="https://m.media-amazon.com/images/I/41G20SiwQqL._SL500_.jpg" alt="Product Image"></a><p>Neutrogena Sport Face Sunscreen, Broad Spectrum Sunblock SPF 70+, Water Resistant Sunscreen For Face, Sweat Resistant Oil Free Sunscreen Lotion, 2.5 FL OZ</p><p>$10.30 ($4.12 / Fl Oz)</p><a href="https://www.amazon.com/dp/B001P92FMG?tag=eloabder-20&linkCode=osi&th=1&psc=1">View Product</a></div><div class="product"><a href="https://www.amazon.com/dp/B01MY051NZ?tag=eloabder-20&linkCode=osi&th=1&psc=1"><img src="https://m.media-amazon.com/images/I/316sFsnyZ6L._SL500_.jpg" alt="Product Image"></a><p>Hawaiian Tropic Everyday Active Lotion Sunscreen SPF 50, 8oz | Hawaiian Tropic Sunscreen SPF 50, Sunblock, Broad Spectrum Sunscreen, Oxybenzone Free Sunscreen, Water Resistant Sunscreen, 8oz</p><p>$10.97 ($1.37 / Fl Oz)</p><a href="https://www.amazon.com/dp/B01MY051NZ?tag=eloabder-20&linkCode=osi&th=1&psc=1">View Product</a></div><div class="product"><a href="https://www.amazon.com/dp/B074WBHHYY?tag=eloabder-20&linkCode=osi&th=1&psc=1"><img src="https://m.media-amazon.com/images/I/41uIcq6eNrL._SL500_.jpg" alt="Product Image"></a><p>Coppertone Sport Sunscreen Spray SPF 50, Water Resistant Spray Sunscreen, Broad Spectrum SPF 50 Sunscreen, Bulk Sunscreen Pack, 5.5 Oz Bottle, Pack of 2</p><p>$14.49 ($1.32 / Ounce)</p><a href="https://www.amazon.com/dp/B074WBHHYY?tag=eloabder-20&linkCode=osi&th=1&psc=1">View Product</a></div><div class="product"><a href="https://www.amazon.com/dp/B077D7L95C?tag=eloabder-20&linkCode=osi&th=1&psc=1"><img src="https://m.media-amazon.com/images/I/4124cUh+pGL._SL500_.jpg" alt="Product Image"></a><p>Banana Boat Kids Sport Sunscreen Spray SPF 50, Twin Pack | Kids Sunscreen Spray, Kids Sunblock Spray, Oxybenzone Free Sunscreen for Kids, Spray Sunscreen SPF 50, 6oz each</p><p>$13.97 ($1.16 / Ounce)</p><a href="https://www.amazon.com/dp/B077D7L95C?tag=eloabder-20&linkCode=osi&th=1&psc=1">View Product</a></div>
<div class="product"><a href="https://www.amazon.com/dp/B08Q2R18HH?tag=eloabder-20&linkCode=osi&th=1&psc=1"><img src="https://m.media-amazon.com/images/I/51uR35zoH+L._SL500_.jpg" alt="Product Image"></a><p>Hawaiian Tropic Lime Coolada After Sun Lotion, 16oz | After Sun Care, Daily Moisturizing Lotion, After Sun Aloe, Cocoa Butter Lotion, Shea Butter Lotion, After Sun Skin Care, 16oz each Twin Pack</p><p>$14.99 ($0.47 / Fl Oz)</p><a href="https://www.amazon.com/dp/B08Q2R18HH?tag=eloabder-20&linkCode=osi&th=1&psc=1">View Product</a></div><div class="product"><a href="https://www.amazon.com/dp/B08Q2QK7F1?tag=eloabder-20&linkCode=osi&th=1&psc=1"><img src="https://m.media-amazon.com/images/I/41I370DTitL._SL500_.jpg" alt="Product Image"></a><p>Hawaiian Tropic Silk Hydration After Sun Lotion 6 Fl Oz (Pack of 2)</p><p>$19.98 ($1.66 / Fl Oz)</p><a href="https://www.amazon.com/dp/B08Q2QK7F1?tag=eloabder-20&linkCode=osi&th=1&psc=1">View Product</a></div><div class="product"><a href="https://www.amazon.com/dp/B004YAUZKM?tag=eloabder-20&linkCode=osi&th=1&psc=1"><img src="https://m.media-amazon.com/images/I/31QrLmSRyrL._SL500_.jpg" alt="Product Image"></a><p>Sun Bum Cool Down Aloe Vera Lotion - Vegan After Sun Care with Cocoa Butter to Soothe and Hydrate Sunburn- 8 oz</p><p>$12.99 ($1.62 / Fl Oz)</p><a href="https://www.amazon.com/dp/B004YAUZKM?tag=eloabder-20&linkCode=osi&th=1&psc=1">View Product</a></div><div class="product"><a href="https://www.amazon.com/dp/B07BH4DD2M?tag=eloabder-20&linkCode=osi&th=1&psc=1"><img src="https://m.media-amazon.com/images/I/41+JG2VHifL._SL500_.jpg" alt="Product Image"></a><p>Hawaiian Tropic After Sun Body Butter with Coconut Oil, 8oz | After Sun Lotion, Moisturizing Body Lotion, After Sun Moisturizer, Coconut Body Butter, After Sun Care, After Sun Skin Care, 8oz</p><p>$12.49 ($1.56 / Fl Oz)</p><a href="https://www.amazon.com/dp/B07BH4DD2M?tag=eloabder-20&linkCode=osi&th=1&psc=1">View Product</a></div><div class="product"><a href="https://www.amazon.com/dp/B091YZ5L12?tag=eloabder-20&linkCode=osi&th=1&psc=1"><img src="https://m.media-amazon.com/images/I/31otykDIBaL._SL500_.jpg" alt="Product Image"></a><p>B.TAN After Sun Lotion | Ooooh Aftersun Delight - Aloe Vera & Hyaluronic Acid, Sun Burn Skin Relief, Moisturizing Body Cream, 16 Fl oz</p><p>$12.99 ($0.81 / Fl Oz)</p><a href="https://www.amazon.com/dp/B091YZ5L12?tag=eloabder-20&linkCode=osi&th=1&psc=1">View Product</a></div><div class="product"><a href="https://www.amazon.com/dp/B0013L55U0?tag=eloabder-20&linkCode=osi&th=1&psc=1"><img src="https://m.media-amazon.com/images/I/41BErPueiSL._SL500_.jpg" alt="Product Image"></a><p>Burt's Bees After Sun Lotion with Hydrating Aloe Vera & Coconut Oil - Summer Essentials, Sunburn Relief, Natural After Sun Soother, 6 oz</p><p>$12.96 ($2.16 / Fl Oz)</p><a href="https://www.amazon.com/dp/B0013L55U0?tag=eloabder-20&linkCode=osi&th=1&psc=1">View Product</a></div><div class="product"><a href="https://www.amazon.com/dp/B01N6SVTBN?tag=eloabder-20&linkCode=osi&th=1&psc=1"><img src="https://m.media-amazon.com/images/I/51sE2A31qgL._SL500_.jpg" alt="Product Image"></a><p>Sunburnt Advanced After-Sun Lotion, 6 Ounce</p><p>$9.79 ($1.63 / Ounce)</p><a href="https://www.amazon.com/dp/B01N6SVTBN?tag=eloabder-20&linkCode=osi&th=1&psc=1">View Product</a></div><div class="product"><a href="https://www.amazon.com/dp/B098CTZYJX?tag=eloabder-20&linkCode=osi&th=1&psc=1"><img src="https://m.media-amazon.com/images/I/31hNQRVEp2L._SL500_.jpg" alt="Product Image"></a><p>Coola Organic Radical Recovery After Sun Body Lotion, Includes Aloe Vera, Agave and Lavender Oil for Sunburn Relief, 5 Fl Oz</p><p>$32.00 ($6.40 / Fl Oz)</p><a href="https://www.amazon.com/dp/B098CTZYJX?tag=eloabder-20&linkCode=osi&th=1&psc=1">View Product</a></div>
<div class="product"><a href="https://www.amazon.com/dp/B0CTBF3WLS?tag=eloabder-20&linkCode=osi&th=1&psc=1"><img src="https://m.media-amazon.com/images/I/41nFaIDnL9L._SL500_.jpg" alt="Product Image"></a><p>b.tan UV Tanning Bed Lotion | I Want The Darkest Tan Possible - x4000 Tan Intensifiers, Indoor & Outdoor Tan Accelerator, Best Browning Lotion, 12 Fl Oz</p><p>$14.99 ($1.25 / Fl Oz)</p><a href="https://www.amazon.com/dp/B0CTBF3WLS?tag=eloabder-20&linkCode=osi&th=1&psc=1">View Product</a></div><div class="product"><a href="https://www.amazon.com/dp/B001UTK76C?tag=eloabder-20&linkCode=osi&th=1&psc=1"><img src="https://m.media-amazon.com/images/I/31JM3ZgxMjL._SL500_.jpg" alt="Product Image"></a><p>Jergens Natural Glow +FIRMING Self Tanner, Sunless Tanning Lotion for Fair to Medium Skin Tone, Anti Cellulite Firming Body Lotion for Natural-Looking Tan, 7.5 Ounce</p><p>$10.47 ($1.40 / Fl Oz)</p><a href="https://www.amazon.com/dp/B001UTK76C?tag=eloabder-20&linkCode=osi&th=1&psc=1">View Product</a></div><div class="product"><a href="https://www.amazon.com/dp/B07XGS1NW9?tag=eloabder-20&linkCode=osi&th=1&psc=1"><img src="https://m.media-amazon.com/images/I/411h-bfoKfL._SL500_.jpg" alt="Product Image"></a><p>European Gold Flash Black 4000X Indoor Tanning Lotion with Time-Release DHA Bronzers, 12 oz</p><p>$13.99 ($1.17 / Fl Oz)</p><a href="https://www.amazon.com/dp/B07XGS1NW9?tag=eloabder-20&linkCode=osi&th=1&psc=1">View Product</a></div><div class="product"><a href="https://www.amazon.com/dp/B0058E3XJI?tag=eloabder-20&linkCode=osi&th=1&psc=1"><img src="https://m.media-amazon.com/images/I/41KNj0nprcL._SL500_.jpg" alt="Product Image"></a><p>Millennium Tanning Solid Black 100X Indoor Tanning Lotion for Tanning Beds (13.5 Fluid Ounces)</p><p>$29.99 ($2.22 / Fl Oz)</p><a href="https://www.amazon.com/dp/B0058E3XJI?tag=eloabder-20&linkCode=osi&th=1&psc=1">View Product</a></div><div class="product"><a href="https://www.amazon.com/dp/B003GX5SSC?tag=eloabder-20&linkCode=osi&th=1&psc=1"><img src="https://m.media-amazon.com/images/I/314WWYZVTGL._SL500_.jpg" alt="Product Image"></a><p>Australian Gold Dark Tanning Accelerator Lotion With Bronzer, 8 Ounce, New Package Same Formula, B003GX5SSC</p><p>$8.99 ($1.12 / Fl Oz)</p><a href="https://www.amazon.com/dp/B003GX5SSC?tag=eloabder-20&linkCode=osi&th=1&psc=1">View Product</a></div><div class="product"><a href="https://www.amazon.com/dp/B009YKK78C?tag=eloabder-20&linkCode=osi&th=1&psc=1"><img src="https://m.media-amazon.com/images/I/51VhZauUFYS._SL500_.jpg" alt="Product Image"></a><p>Ed Hardy Coconut Kisses Golden Tanning Lotion Cruelty Free, Gluten Free, Mineral Oil Free, DHA Free for All skin type,13.5 oz</p><p>$25.95 ($1.92 / Fl Oz)</p><a href="https://www.amazon.com/dp/B009YKK78C?tag=eloabder-20&linkCode=osi&th=1&psc=1">View Product</a></div><div class="product"><a href="https://www.amazon.com/dp/B09J1LZCWH?tag=eloabder-20&linkCode=osi&th=1&psc=1"><img src="https://m.media-amazon.com/images/I/41RzUs3u55L._SL500_.jpg" alt="Product Image"></a><p>Tanning Lotion Self Tanner - With Natural and Organic Ingredients Non Toxic Sunless Browning Lotion - Best Gradual Tan Lotion for Men and Women, Fair to Medium</p><p>$35.99 ($4.80 / Fl Oz)</p><a href="https://www.amazon.com/dp/B09J1LZCWH?tag=eloabder-20&linkCode=osi&th=1&psc=1">View Product</a></div><div class="product"><a href="https://www.amazon.com/dp/B00T7MZQ3S?tag=eloabder-20&linkCode=osi&th=1&psc=1"><img src="https://m.media-amazon.com/images/I/41yGeo8I0IL._SL500_.jpg" alt="Product Image"></a><p>Australian Gold Rapid Tanning Intensifier Lotion, 8.5 Fl Oz | With Tea Tree Oil and Aloe Vera | Vitamin E</p><p>$7.37 ($0.87 / Fl Oz)</p><a href="https://www.amazon.com/dp/B00T7MZQ3S?tag=eloabder-20&linkCode=osi&th=1&psc=1">View Product</a></div><div class="product"><a href="https://www.amazon.com/dp/B08MVJ5Y8Y?tag=eloabder-20&linkCode=osi&th=1&psc=1"><img src="https://m.media-amazon.com/images/I/51Mugq3kI+L._SL500_.jpg" alt="Product Image"></a><p>Tanning Paradise Black Coconut Love Tanning Lotion | Coconut Oil | Age-Defying | Tattoo Protecting Formula | Ultra Hydrating Dark Tanning Lotion, 13.5oz</p><p>$27.99 ($2.07 / Fl Oz)</p><a href="https://www.amazon.com/dp/B08MVJ5Y8Y?tag=eloabder-20&linkCode=osi&th=1&psc=1">View Product</a></div>
<div class="product"><a href="https://www.amazon.com/dp/B08FZZ4HPM?tag=eloabder-20&linkCode=osi&th=1&psc=1"><img src="https://m.media-amazon.com/images/I/31mReI9Wc6L._SL500_.jpg" alt="Product Image"></a><p>b.tan Ultra Dark Self Tanner | Too Tan - Fast, 1 Hour Express Sunless Tanning Mousse, No Gimmicks, No Fake Tan Smell, No Added Nasties, Vegan, Cruelty & Paraben Free, 6.7 Fl Oz</p><p>$9.97 ($1.49 / Fl Oz)</p><a href="https://www.amazon.com/dp/B08FZZ4HPM?tag=eloabder-20&linkCode=osi&th=1&psc=1">View Product</a></div><div class="product"><a href="https://www.amazon.com/dp/B0888B6TBN?tag=eloabder-20&linkCode=osi&th=1&psc=1"><img src="https://m.media-amazon.com/images/I/41K4-e3Kj9L._SL500_.jpg" alt="Product Image"></a><p>b.tan Darker Self Tanner Kit | Fall In Love at First Tan Bundle - Darker Self Tan Mousse with Self Tanning Mitt Applicator, Violet Base, 1 Hour Sunless Fast Tanner, No Fake Tan Smell, No Added Nasties, Vegan, Cruelty Free, 6.7 Fl Oz</p><p>$14.99 ($2.24 / Fl Oz)</p><a href="https://www.amazon.com/dp/B0888B6TBN?tag=eloabder-20&linkCode=osi&th=1&psc=1">View Product</a></div><div class="product"><a href="https://www.amazon.com/dp/B013WVAHJ2?tag=eloabder-20&linkCode=osi&th=1&psc=1"><img src="https://m.media-amazon.com/images/I/21yYdk2vOnL._SL500_.jpg" alt="Product Image"></a><p>Bondi Sands Self Tanning Foam | Lightweight, Self-Tanner Foam Enriched with Aloe Vera and Coconut Provides an Even, Streak-Free Tan | 6.76 oz/200 mL</p><p>$24.00 ($3.55 / Fl Oz )</p><a href="https://www.amazon.com/dp/B013WVAHJ2?tag=eloabder-20&linkCode=osi&th=1&psc=1">View Product</a></div><div class="product"><a href="https://www.amazon.com/dp/B09551QSJ3?tag=eloabder-20&linkCode=osi&th=1&psc=1"><img src="https://m.media-amazon.com/images/I/41tFLINqKrL._SL500_.jpg" alt="Product Image"></a><p>Self Tanner Mousse - USA Made with Natural & Organic Ingredients, Self Tanning Mousse for Dark Fake Tan, Sunless Tanner, Clear & Non Toxic Tanning Foam for Streak Free Finish, No Nasty Smell</p><p>$34.99 ($4.67 / Fl Oz)</p><a href="https://www.amazon.com/dp/B09551QSJ3?tag=eloabder-20&linkCode=osi&th=1&psc=1">View Product</a></div><div class="product"><a href="https://www.amazon.com/dp/B07Z53DKH3?tag=eloabder-20&linkCode=osi&th=1&psc=1"><img src="https://m.media-amazon.com/images/I/31WXxRTQ9rL._SL500_.jpg" alt="Product Image"></a><p>Coco & Eve Sunny Honey Bali Bronzing Foam (Ultra Dark). Natural Sunless Self Tanner Mousse. Anti Cellulite, Anti Aging, Organic Sunless Self Tanning Lotion</p><p>$38.00 ($5.59 / Fl Oz)</p><a href="https://www.amazon.com/dp/B07Z53DKH3?tag=eloabder-20&linkCode=osi&th=1&psc=1">View Product</a></div><div class="product"><a href="https://www.amazon.com/dp/B00GLS5DHU?tag=eloabder-20&linkCode=osi&th=1&psc=1"><img src="https://m.media-amazon.com/images/I/31EOp3BgHcL._SL500_.jpg" alt="Product Image"></a><p>Jergens Natural Glow 3-Day Self Tanner for Fair to Medium Skin Tone, Sunless Tanning Daily Moisturizer, for Streak-free and Natural-Looking Color, 10 Ounce</p><p>$14.49 ($1.45 / Fl Oz)</p><a href="https://www.amazon.com/dp/B00GLS5DHU?tag=eloabder-20&linkCode=osi&th=1&psc=1">View Product</a></div><div class="product"><a href="https://www.amazon.com/dp/B08G1LQGLN?tag=eloabder-20&linkCode=osi&th=1&psc=1"><img src="https://m.media-amazon.com/images/I/411EXWnc3cS._SL500_.jpg" alt="Product Image"></a><p>Coco & Eve Self Tanner Mousse Kit - All Natural Sunless Tanning (Dark) | Instant Lotion with Bronzer Mitt Applicator Sunny Honey Bali Bronzing</p><p>$41.00 ($6.12 / Fl Oz)</p><a href="https://www.amazon.com/dp/B08G1LQGLN?tag=eloabder-20&linkCode=osi&th=1&psc=1">View Product</a></div><div class="product"><a href="https://www.amazon.com/dp/B00KSS3MJ0?tag=eloabder-20&linkCode=osi&th=1&psc=1"><img src="https://m.media-amazon.com/images/I/31pZi3ANSfL._SL500_.jpg" alt="Product Image"></a><p>St.Tropez Self Tan Express Mousse, Fast Acting Fake Tan, Develops in 1-3 Hours, Streak-Free Finish, Vegan, Natural & Cruelty Free, 6.7 Fl Oz</p><p>$46.00 ($6.87 / Fl Oz)</p><a href="https://www.amazon.com/dp/B00KSS3MJ0?tag=eloabder-20&linkCode=osi&th=1&psc=1">View Product</a></div>
<div class="product"><a href="https://www.amazon.com/dp/B08KT2Z93D?tag=eloabder-20&linkCode=osi&th=1&psc=1"><img src="https://m.media-amazon.com/images/I/31IObY4C0xL._SL500_.jpg" alt="Product Image"></a><p>eos Shea Better Body Lotion- Vanilla Cashmere, 24-Hour Moisture Skin Care, Lightweight & Non-Greasy, Made with Natural Shea, Vegan, 16 fl oz</p><p>$8.98 ($0.56 / Fl Oz)</p><a href="https://www.amazon.com/dp/B08KT2Z93D?tag=eloabder-20&linkCode=osi&th=1&psc=1">View Product</a></div><div class="product"><a href="https://www.amazon.com/dp/B076G2XGY3?tag=eloabder-20&linkCode=osi&th=1&psc=1"><img src="https://m.media-amazon.com/images/I/41jIXvha20L._SL500_.jpg" alt="Product Image"></a><p>NIVEA Essentially Enriched Body Lotion for Dry Skin, Pack of 2, 16.9 Fl Oz Pump Bottles</p><p>$10.98 ($0.32 / Fl Oz)</p><a href="https://www.amazon.com/dp/B076G2XGY3?tag=eloabder-20&linkCode=osi&th=1&psc=1">View Product</a></div><div class="product"><a href="https://www.amazon.com/dp/B00DG8EZKO?tag=eloabder-20&linkCode=osi&th=1&psc=1"><img src="https://m.media-amazon.com/images/I/31DT3ghuyXL._SL500_.jpg" alt="Product Image"></a><p>NIVEA Intense Healing Body Lotion for Dry Skin, 72-Hour Moisturizing Lotion with Deep Nourishing Serum and Provitamin B5, 16.9 Fl Oz Pump Bottle</p><p>$6.24 ($0.37 / Fl Oz)</p><a href="https://www.amazon.com/dp/B00DG8EZKO?tag=eloabder-20&linkCode=osi&th=1&psc=1">View Product</a></div><div class="product"><a href="https://www.amazon.com/dp/B07RK4HST7?tag=eloabder-20&linkCode=osi&th=1&psc=1"><img src="https://m.media-amazon.com/images/I/412DGoW35mL._SL500_.jpg" alt="Product Image"></a><p>CeraVe Daily Moisturizing Lotion for Dry Skin | Body Lotion & Face Moisturizer with Hyaluronic Acid and Ceramides | Daily Moisturizer | Fragrance Free | Oil-Free | 19 Ounce</p><p>$18.50 ($0.97 / Fl Oz)</p><a href="https://www.amazon.com/dp/B07RK4HST7?tag=eloabder-20&linkCode=osi&th=1&psc=1">View Product</a></div><div class="product"><a href="https://www.amazon.com/dp/B0034F9K36?tag=eloabder-20&linkCode=osi&th=1&psc=1"><img src="https://m.media-amazon.com/images/I/319i3EFVPvL._SL500_.jpg" alt="Product Image"></a><p>Jergens Ultra Healing Dry Skin Moisturizer, Body and Hand Lotion for Dry Skin, for Quick Absorption into Extra Dry Skin, with HYDRALUCENCE blend, Vitamins C, E, and B5, 32 Ounce</p><p>$10.47 ($0.33 / Fl Oz)</p><a href="https://www.amazon.com/dp/B0034F9K36?tag=eloabder-20&linkCode=osi&th=1&psc=1">View Product</a></div><div class="product"><a href="https://www.amazon.com/dp/B003JT8PKQ?tag=eloabder-20&linkCode=osi&th=1&psc=1"><img src="https://m.media-amazon.com/images/I/31TFisQDpKL._SL500_.jpg" alt="Product Image"></a><p>Lubriderm Daily Moisture Lotion + Pro-Ceramide with Shea Butter & Glycerin Helps Moisturize Dry Skin, Hydrating Face, Hand & Body Lotion is Lightly Scented & Non-Greasy, 24 fl. oz</p><p>$10.12 ($0.42 / Fl Oz)</p><a href="https://www.amazon.com/dp/B003JT8PKQ?tag=eloabder-20&linkCode=osi&th=1&psc=1">View Product</a></div><div class="product"><a href="https://www.amazon.com/dp/B0D484X4RL?tag=eloabder-20&linkCode=osi&th=1&psc=1"><img src="https://m.media-amazon.com/images/I/31rZLOx+KEL._SL500_.jpg" alt="Product Image"></a><p>Native Body Lotion Contains Naturally Derived Plant-Based Moisturizers for Women and Men | Restores Dry Skin, Coconut & Vanilla, 16.5 fl oz</p><p>$13.97 ($0.85 / Fl Oz)</p><a href="https://www.amazon.com/dp/B0D484X4RL?tag=eloabder-20&linkCode=osi&th=1&psc=1">View Product</a></div><div class="product"><a href="https://www.amazon.com/dp/B073CXZ8KR?tag=eloabder-20&linkCode=osi&th=1&psc=1"><img src="https://m.media-amazon.com/images/I/31r1ImnqoOL._SL500_.jpg" alt="Product Image"></a><p>Nivea Oil Infused Cherry Blossom and Jojoba Oil Body Lotion, Non-Greasy Cherry Blossom Scented Lotion Moisturizes for 24+ Hours, 16.9 Fl Oz Pump Bottle</p><p>$6.29 ($0.37 / Fl Oz)</p><a href="https://www.amazon.com/dp/B073CXZ8KR?tag=eloabder-20&linkCode=osi&th=1&psc=1">View Product</a></div><div class="product"><a href="https://www.amazon.com/dp/B00W4TWD7I?tag=eloabder-20&linkCode=osi&th=1&psc=1"><img src="https://m.media-amazon.com/images/I/31hhrMRSQBL._SL500_.jpg" alt="Product Image"></a><p>Jergens Skin Firming Body Lotion for Dry to Extra Dry Skin, Skin Tightening Cream with Collagen and Elastin, Hydralucence Blend Formula, 16.8 oz</p><p>$7.47 ($0.44 / Fl Oz)</p><a href="https://www.amazon.com/dp/B00W4TWD7I?tag=eloabder-20&linkCode=osi&th=1&psc=1">View Product</a></div>
<div class="product"><a href="https://www.amazon.com/dp/B07C23RCR8?tag=eloabder-20&linkCode=osi&th=1&psc=1"><img src="https://m.media-amazon.com/images/I/41RZuPGWrcL._SL500_.jpg" alt="Product Image"></a><p>Petal Fresh Restoring Body Butter with Honey, Coconut Oil and Shea - Intense Hydration, Cruelty Free</p><p>$7.67 ($7.67 / Count)</p><a href="https://www.amazon.com/dp/B07C23RCR8?tag=eloabder-20&linkCode=osi&th=1&psc=1">View Product</a></div><div class="product"><a href="https://www.amazon.com/dp/B0BKCN9WRX?tag=eloabder-20&linkCode=osi&th=1&psc=1"><img src="https://m.media-amazon.com/images/I/41Jk3XD9gtL._SL500_.jpg" alt="Product Image"></a><p>Tree Hut Moroccan Rose Whipped Shea Body Butter, 8.4oz, Lightweight, Long-lasting, Hydrating Moisturizer with Natural Shea Butter for Nourishing Essential Body Care</p><p>$8.49 ($1.01 / Ounce)</p><a href="https://www.amazon.com/dp/B0BKCN9WRX?tag=eloabder-20&linkCode=osi&th=1&psc=1">View Product</a></div><div class="product"><a href="https://www.amazon.com/dp/B01H6OYPU8?tag=eloabder-20&linkCode=osi&th=1&psc=1"><img src="https://m.media-amazon.com/images/I/41Vkhay5SBL._SL500_.jpg" alt="Product Image"></a><p>NIVEA Cocoa Butter Body Cream with Deep Nourishing Serum, 15.5 Ounce</p><p>$7.05 ($0.45 / Ounce)</p><a href="https://www.amazon.com/dp/B01H6OYPU8?tag=eloabder-20&linkCode=osi&th=1&psc=1">View Product</a></div><div class="product"><a href="https://www.amazon.com/dp/B089N6B4ST?tag=eloabder-20&linkCode=osi&th=1&psc=1"><img src="https://m.media-amazon.com/images/I/41ropAOpQNL._SL500_.jpg" alt="Product Image"></a><p>Vaseline Illuminate Me Shea Butter Whipped Body Butter for Melanin Rich Skin Provides 24 Hour Moisturization for Dry Skin 11 oz</p><p>$12.80 ($1.16 / Fl Oz)</p><a href="https://www.amazon.com/dp/B089N6B4ST?tag=eloabder-20&linkCode=osi&th=1&psc=1">View Product</a></div><div class="product"><a href="https://www.amazon.com/dp/B09QMT3CVT?tag=eloabder-20&linkCode=osi&th=1&psc=1"><img src="https://m.media-amazon.com/images/I/41eMy8c3dcL._SL500_.jpg" alt="Product Image"></a><p>MAJESTIC PURE Whipped Argan Oil Body Butter for Women & Men - With Ceramides, Vitamin E & A & Vegan Collagen - For Skin, Face, & Appearance of Wrinkles & Fine Lines - 8oz</p><p>$9.99 ($1.25 / Ounce)</p><a href="https://www.amazon.com/dp/B09QMT3CVT?tag=eloabder-20&linkCode=osi&th=1&psc=1">View Product</a></div><div class="product"><a href="https://www.amazon.com/dp/B00GBH8TBS?tag=eloabder-20&linkCode=osi&th=1&psc=1"><img src="https://m.media-amazon.com/images/I/31L5XHEF9qL._SL500_.jpg" alt="Product Image"></a><p>Bliss Lemon and Sage Body Butter - Maximum Moisture Cream - 6.7 Fl Oz Lotion for Dry Skin - Long-Lasting Moisturizer for Women & Men - Vegan and Cruelty-Free</p><p>$11.99 ($1.79 / Fl Oz)</p><a href="https://www.amazon.com/dp/B00GBH8TBS?tag=eloabder-20&linkCode=osi&th=1&psc=1">View Product</a></div><div class="product"><a href="https://www.amazon.com/dp/B0013UQQAE?tag=eloabder-20&linkCode=osi&th=1&psc=1"><img src="https://m.media-amazon.com/images/I/411EPzhuAHL._SL500_.jpg" alt="Product Image"></a><p>Palmer’s Shea Butter Formula Raw African Shea Butter Balm, Nourishing Body Moisturizer for Rough, Dry Skin, 7.25 Ounces</p><p>$7.68 ($1.06 / Ounce)</p><a href="https://www.amazon.com/dp/B0013UQQAE?tag=eloabder-20&linkCode=osi&th=1&psc=1">View Product</a></div><div class="product"><a href="https://www.amazon.com/dp/B09SRGSNZR?tag=eloabder-20&linkCode=osi&th=1&psc=1"><img src="https://m.media-amazon.com/images/I/31knGR24zJL._SL500_.jpg" alt="Product Image"></a><p>Kopari Ultra Restore Body Butter with Hyaluronic Acid and Vitamin B5 - Vegan Moisturizing Lotion for Dry Skin, 7.7 oz</p><p>$36.00 ($4.68 / Fl Oz)</p><a href="https://www.amazon.com/dp/B09SRGSNZR?tag=eloabder-20&linkCode=osi&th=1&psc=1">View Product</a></div><div class="product"><a href="https://www.amazon.com/dp/B0C4Q95W1T?tag=eloabder-20&linkCode=osi&th=1&psc=1"><img src="https://m.media-amazon.com/images/I/417J+mMnNXL._SL500_.jpg" alt="Product Image"></a><p>Vaseline Illuminate Me Body Butter & Body Oil - Shimmering Body Bronzer, Hydrating Whipped Organic Shea Butter with 24-Hour Moisture for Melanin-Rich Skin, Radiant Body Glow Oil (2 Piece Set)</p><p>$22.99 ($1.61 / Fl Oz)</p><a href="https://www.amazon.com/dp/B0C4Q95W1T?tag=eloabder-20&linkCode=osi&th=1&psc=1">View Product</a></div>
<div class="product"><a href="https://www.amazon.com/dp/B004L17FKC?tag=eloabder-20&linkCode=osi&th=1&psc=1"><img src="https://m.media-amazon.com/images/I/31nbXT8PueL._SL500_.jpg" alt="Product Image"></a><p>OSEA Undaria Algae Body Oil 5 oz - After Shower Body Oil - Non-Greasy Body Serum & Fast Absorbing Skincare - Clean Beauty & Vegan Seaweed Body Moisturizer for Dry Skin</p><p>$51.95 ($10.39 / Fl Oz)</p><a href="https://www.amazon.com/dp/B004L17FKC?tag=eloabder-20&linkCode=osi&th=1&psc=1">View Product</a></div><div class="product"><a href="https://www.amazon.com/dp/B00008BK7H?tag=eloabder-20&linkCode=osi&th=1&psc=1"><img src="https://m.media-amazon.com/images/I/31NaIvcVrtL._SL500_.jpg" alt="Product Image"></a><p>Neutrogena Body Oil Light Sesame Formula, Dry Skin Moisturizer and Hydrating Body Massage Oil for Radiant and Healthy Looking Glow, Nourishing Bath Oil for Sheer Moisture, 16 FL OZ</p><p>$23.41 ($1.46 / Fl Oz)</p><a href="https://www.amazon.com/dp/B00008BK7H?tag=eloabder-20&linkCode=osi&th=1&psc=1">View Product</a></div><div class="product"><a href="https://www.amazon.com/dp/B08D43LHYP?tag=eloabder-20&linkCode=osi&th=1&psc=1"><img src="https://m.media-amazon.com/images/I/315zlZLfRWL._SL500_.jpg" alt="Product Image"></a><p>Aveeno Daily Moisturizing Dry Body Oil Mist with Oat and Jojoba Oil for Dry, Rough Sensitive Skin, Nourishing & Hypoallergenic Body Spray, Paraben-, Silicone- & Phthalate-Free, 6.7 fl. oz</p><p>$9.58 ($1.43 / Fl Oz)</p><a href="https://www.amazon.com/dp/B08D43LHYP?tag=eloabder-20&linkCode=osi&th=1&psc=1">View Product</a></div><div class="product"><a href="https://www.amazon.com/dp/B00AREGVUM?tag=eloabder-20&linkCode=osi&th=1&psc=1"><img src="https://m.media-amazon.com/images/I/41qfuNZmKRL._SL500_.jpg" alt="Product Image"></a><p>Bio-Oil Skincare Body Oil, Vitamin E Serum for Scars & Stretchmarks, Dermatologist Recommended, All Skin Types, 6.7 oz</p><p>$28.99 ($4.33 / Fl Oz)</p><a href="https://www.amazon.com/dp/B00AREGVUM?tag=eloabder-20&linkCode=osi&th=1&psc=1">View Product</a></div><div class="product"><a href="https://www.amazon.com/dp/B000056W74?tag=eloabder-20&linkCode=osi&th=1&psc=1"><img src="https://m.media-amazon.com/images/I/51iuZeO24dL._SL500_.jpg" alt="Product Image"></a><p>Palmer's Cocoa Butter Moisturizing Body Oil with Vitamin E, Radiant Looking Glow and Skin Hydration, Instant Absorption, Bath, Body and Shower, 8.5 Ounces</p><p>$7.49 ($0.88 / Fl Oz)</p><a href="https://www.amazon.com/dp/B000056W74?tag=eloabder-20&linkCode=osi&th=1&psc=1">View Product</a></div><div class="product"><a href="https://www.amazon.com/dp/B001B0ZZFS?tag=eloabder-20&linkCode=osi&th=1&psc=1"><img src="https://m.media-amazon.com/images/I/31CraOP2i5L._SL500_.jpg" alt="Product Image"></a><p>Neutrogena Fragrance-Free Body Oil Light Sesame Formula, Dry Skin Moisturizer & Hydrating Body Massage Oil, for Radiant & Healthy Glow, Nourishing After Shower & Bath Oil, 8.5 fl. oz</p><p>$8.86 ($1.04 / Fl Oz)</p><a href="https://www.amazon.com/dp/B001B0ZZFS?tag=eloabder-20&linkCode=osi&th=1&psc=1">View Product</a></div><div class="product"><a href="https://www.amazon.com/dp/B0CFSVH4L7?tag=eloabder-20&linkCode=osi&th=1&psc=1"><img src="https://m.media-amazon.com/images/I/31VtRL8qSpL._SL500_.jpg" alt="Product Image"></a><p>Saltair - Santal Bloom Body Oil - Nourishing Body Moisturizer</p><p>$22.00 ($5.50 / Fl Oz)</p><a href="https://www.amazon.com/dp/B0CFSVH4L7?tag=eloabder-20&linkCode=osi&th=1&psc=1">View Product</a></div><div class="product"><a href="https://www.amazon.com/dp/B089NCFBQZ?tag=eloabder-20&linkCode=osi&th=1&psc=1"><img src="https://m.media-amazon.com/images/I/41WGBM4YipL._SL500_.jpg" alt="Product Image"></a><p>Vaseline Illuminate Me Shimmering Body Oil Created for Melanin Rich Skin, Illuminates Skin with Finishing Touch of Shimmer for Glowing Skin 3.3 oz</p><p>$8.75 ($2.65 / Fl Oz)</p><a href="https://www.amazon.com/dp/B089NCFBQZ?tag=eloabder-20&linkCode=osi&th=1&psc=1">View Product</a></div><div class="product"><a href="https://www.amazon.com/dp/B076MGQ5SW?tag=eloabder-20&linkCode=osi&th=1&psc=1"><img src="https://m.media-amazon.com/images/I/31i7GSTXsoL._SL500_.jpg" alt="Product Image"></a><p>SheaMoisture Daily Hydration Body Oil Virgin Coconut Oil For Dry Skin Paraben Free 8 oz</p><p>$8.93 ($1.12 / Fl Oz)</p><a href="https://www.amazon.com/dp/B076MGQ5SW?tag=eloabder-20&linkCode=osi&th=1&psc=1">View Product</a></div>
<div class="product"><a href="https://www.amazon.com/dp/B07GJR4KXM?tag=eloabder-20&linkCode=osi&th=1&psc=1"><img src="https://m.media-amazon.com/images/I/41Zl1DjrGpL._SL500_.jpg" alt="Product Image"></a><p>Brooklyn Botany Brown Sugar Body Scrub - Moisturizing and Exfoliating Body, Face, Hand, Foot Scrub - Fights Acne, Fine Lines & Wrinkles, Great Gifts For Women & Men - 10 oz</p><p>$9.99 ($1.00 / Ounce)</p><a href="https://www.amazon.com/dp/B07GJR4KXM?tag=eloabder-20&linkCode=osi&th=1&psc=1">View Product</a></div><div class="product"><a href="https://www.amazon.com/dp/B095Z7HQP3?tag=eloabder-20&linkCode=osi&th=1&psc=1"><img src="https://m.media-amazon.com/images/I/31oWHQkNovL._SL500_.jpg" alt="Product Image"></a><p>First Aid Beauty KP Bump Eraser Body Scrub Exfoliant for Keratosis Pilaris with 10% AHA 4 oz.</p><p>$20.00 ($5.00 / Ounce)</p><a href="https://www.amazon.com/dp/B095Z7HQP3?tag=eloabder-20&linkCode=osi&th=1&psc=1">View Product</a></div><div class="product"><a href="https://www.amazon.com/dp/B0CQLTP6JM?tag=eloabder-20&linkCode=osi&th=1&psc=1"><img src="https://m.media-amazon.com/images/I/41oU0wGhtHL._SL500_.jpg" alt="Product Image"></a><p>Elvira KP Bump Eraser Body Scrub, Exfoliating Body Scrub for Keratosis Pilaris, Smooth Skin with 10% AHA/BHA & Niacinamide, Moisturizing and Brightening, Body Skin Care Products, Deep Cleansing - 7 oz</p><p>$16.99 ($2.43 / Fl Oz)</p><a href="https://www.amazon.com/dp/B0CQLTP6JM?tag=eloabder-20&linkCode=osi&th=1&psc=1">View Product</a></div><div class="product"><a href="https://www.amazon.com/dp/B09VH79Z17?tag=eloabder-20&linkCode=osi&th=1&psc=1"><img src="https://m.media-amazon.com/images/I/41VgTZ12TwL._SL500_.jpg" alt="Product Image"></a><p>Dr Teal's Shea Sugar Body Scrub, Shea Butter with Almond Oil & Essential Oils, 19 oz (Pack of 3) (Packaging May Vary)</p><p>$20.94 ($0.37 / Ounce)</p><a href="https://www.amazon.com/dp/B09VH79Z17?tag=eloabder-20&linkCode=osi&th=1&psc=1">View Product</a></div>
<div class="product"><a href="https://www.amazon.com/dp/B0BVBZPX9B?tag=eloabder-20&linkCode=osi&th=1&psc=1"><img src="https://m.media-amazon.com/images/I/61Y09jlKZkL._SL500_.jpg" alt="Product Image"></a><p>Dove Deep Moisture Body Wash 30.6 Fl Oz Pack of 3 with Pump, Luxurious Hydration for Dry Skin, Cleanser with 24hr Renewing MicroMoisture</p><p>$23.22 ($0.25 / Fl Oz)</p><a href="https://www.amazon.com/dp/B0BVBZPX9B?tag=eloabder-20&linkCode=osi&th=1&psc=1">View Product</a></div><div class="product"><a href="https://www.amazon.com/dp/B0BT1VXDGD?tag=eloabder-20&linkCode=osi&th=1&psc=1"><img src="https://m.media-amazon.com/images/I/217eAv7yKyL._SL500_.jpg" alt="Product Image"></a><p>Method Body Wash, Pure Peace, Paraben and Phthalate Free, Biodegradable Formula, 28 oz (Pack of 1)</p><p>$11.48 ($0.41 / Fl Oz)</p><a href="https://www.amazon.com/dp/B0BT1VXDGD?tag=eloabder-20&linkCode=osi&th=1&psc=1">View Product</a></div><div class="product"><a href="https://www.amazon.com/dp/B0BVBYQGTW?tag=eloabder-20&linkCode=osi&th=1&psc=1"><img src="https://m.media-amazon.com/images/I/61En44WjwPL._SL500_.jpg" alt="Product Image"></a><p>Dove Body Wash with Pump Sensitive Skin 3 Count Hypoallergenic, Paraben-Free, Sulfate-Free, Cruelty-Free, Moisturizing Skin Cleanser Effectively Washes Away Bacteria While Nourishing Skin 30.6 oz</p><p>$23.22 ($0.25 / Fl Oz)</p><a href="https://www.amazon.com/dp/B0BVBYQGTW?tag=eloabder-20&linkCode=osi&th=1&psc=1">View Product</a></div><div class="product"><a href="https://www.amazon.com/dp/B0CGY5BLBW?tag=eloabder-20&linkCode=osi&th=1&psc=1"><img src="https://m.media-amazon.com/images/I/61X7MjVU6uL._SL500_.jpg" alt="Product Image"></a><p>Dove Exfoliating Body Wash Glow Recharge Energizes & illuminates skin 3% brightening serum with vitamin C 18.5 oz</p><p>$9.79 ($0.53 / Fl Oz)</p><a href="https://www.amazon.com/dp/B0CGY5BLBW?tag=eloabder-20&linkCode=osi&th=1&psc=1">View Product</a></div><div class="product"><a href="https://www.amazon.com/dp/B082QB23YG?tag=eloabder-20&linkCode=osi&th=1&psc=1"><img src="https://m.media-amazon.com/images/I/31QPAuuaLwL._SL500_.jpg" alt="Product Image"></a><p>NIVEA Refreshing White Peach and Jasmine Body Wash, Scented Body Wash with Nourishing Serum, Plant-Derived Oils, Essential Skin Lipids and Vitamins, 20 Fl Oz Bottle</p><p>$4.89 ($0.24 / Fl Oz)</p><a href="https://www.amazon.com/dp/B082QB23YG?tag=eloabder-20&linkCode=osi&th=1&psc=1">View Product</a></div><div class="product"><a href="https://www.amazon.com/dp/B0BHH1LBX2?tag=eloabder-20&linkCode=osi&th=1&psc=1"><img src="https://m.media-amazon.com/images/I/41aG-jLyOqL._SL500_.jpg" alt="Product Image"></a><p>Olay Ultra Rich Moisture Body Wash for Women, Deeply Nourishes, Vitamin B3 Complex, Clinically Proven, Shea Butter Scent, 22 fl oz (Pack of 4)</p><p>$26.95 ($0.31 / Fl Oz)</p><a href="https://www.amazon.com/dp/B0BHH1LBX2?tag=eloabder-20&linkCode=osi&th=1&psc=1">View Product</a></div><div class="product"><a href="https://www.amazon.com/dp/B0BVBYDTZ6?tag=eloabder-20&linkCode=osi&th=1&psc=1"><img src="https://m.media-amazon.com/images/I/61UbJzK8yIL._SL500_.jpg" alt="Product Image"></a><p>Dove Body Wash with Pump Refreshing Cucumber and Green Tea 3 Count Refreshes Skin Cleanser That Effectively Washes Away Bacteria While Nourishing Your Skin 30.6 oz</p><p>$29.91 ($0.33 / Fl Oz)</p><a href="https://www.amazon.com/dp/B0BVBYDTZ6?tag=eloabder-20&linkCode=osi&th=1&psc=1">View Product</a></div><div class="product"><a href="https://www.amazon.com/dp/B082QC2MCX?tag=eloabder-20&linkCode=osi&th=1&psc=1"><img src="https://m.media-amazon.com/images/I/31ohT5XH1TS._SL500_.jpg" alt="Product Image"></a><p>NIVEA Shea Butter Nourishing Body Wash, Moisturizing Body Wash with Nourishing Serum, Plant-Derived Oils, Essential Skin Lipids and Vitamins, 20 Fl Oz Bottle</p><p>$5.29 ($0.26 / Fl Oz)</p><a href="https://www.amazon.com/dp/B082QC2MCX?tag=eloabder-20&linkCode=osi&th=1&psc=1">View Product</a></div><div class="product"><a href="https://www.amazon.com/dp/B07FD24RTR?tag=eloabder-20&linkCode=osi&th=1&psc=1"><img src="https://m.media-amazon.com/images/I/31klAgInvXL._SL500_.jpg" alt="Product Image"></a><p>Aveeno Stress Relief Body Wash with Soothing Oat for Sensitive Skin, Lavender Body Wash to help you feel Calm and Relaxed, Sulfate-Free, 33 FL OZ</p><p>$13.48 ($0.41 / Fl Oz)</p><a href="https://www.amazon.com/dp/B07FD24RTR?tag=eloabder-20&linkCode=osi&th=1&psc=1">View Product</a></div><div class="product"><a href="https://www.amazon.com/dp/B082QBPDJC?tag=eloabder-20&linkCode=osi&th=1&psc=1"><img src="https://m.media-amazon.com/images/I/31tC4JDwHQL._SL500_.jpg" alt="Product Image"></a><p>NIVEA Coconut and Almond Milk Pampering Body Wash, Moisturizing Body Wash with Nourishing Serum, Plant-Derived Oils, Essential Skin Lipids and Vitamins, 20 Fl Oz Bottle</p><p>$4.99 ($0.25 / Fl Oz)</p><a href="https://www.amazon.com/dp/B082QBPDJC?tag=eloabder-20&linkCode=osi&th=1&psc=1">View Product</a></div>
<div class="product"><a href="https://www.amazon.com/dp/B0BNQWFWLF?tag=eloabder-20&linkCode=osi&th=1&psc=1"><img src="https://m.media-amazon.com/images/I/41trFLlJ04L._SL500_.jpg" alt="Product Image"></a><p>Neutrogena Rainbath Body Wash, Refreshing, Moisturizing Daily Body Cleanser and Shaving Gel with Clean Rinsing Lather, Original Scent, 32 fl. Oz</p><p>$15.98 ($0.50 / Fl Oz)</p><a href="https://www.amazon.com/dp/B0BNQWFWLF?tag=eloabder-20&linkCode=osi&th=1&psc=1">View Product</a></div><div class="product"><a href="https://www.amazon.com/dp/B0BT1WN3ZD?tag=eloabder-20&linkCode=osi&th=1&psc=1"><img src="https://m.media-amazon.com/images/I/21GMn0pFzCL._SL500_.jpg" alt="Product Image"></a><p>Method Body Wash, Sea + Surf, Paraben and Phthalate Free, Biodegradable Formula, 28 oz, (Pack of 1)</p><p>$11.48 ($0.41 / Fl Oz)</p><a href="https://www.amazon.com/dp/B0BT1WN3ZD?tag=eloabder-20&linkCode=osi&th=1&psc=1">View Product</a></div><div class="product"><a href="https://www.amazon.com/dp/B09M7SPFSJ?tag=eloabder-20&linkCode=osi&th=1&psc=1"><img src="https://m.media-amazon.com/images/I/31bOOl+IL6L._SL500_.jpg" alt="Product Image"></a><p>Ivory Mild & Gentle Body Wash, Original Scent, 35oz</p><p>$5.97 ($0.17 / Ounce)</p><a href="https://www.amazon.com/dp/B09M7SPFSJ?tag=eloabder-20&linkCode=osi&th=1&psc=1">View Product</a></div><div class="product"><a href="https://www.amazon.com/dp/B0CK4YS1SV?tag=eloabder-20&linkCode=osi&th=1&psc=1"><img src="https://m.media-amazon.com/images/I/518js3kBNfL._SL500_.jpg" alt="Product Image"></a><p>Dr Teal's Body Wash with Pure Epsom Salt, Relax & Relief with Eucalyptus & Spearmint, 24 fl oz (Pack of 2) (Packaging May Vary)</p><p>$11.74 ($0.24 / Fl Oz)</p><a href="https://www.amazon.com/dp/B0CK4YS1SV?tag=eloabder-20&linkCode=osi&th=1&psc=1">View Product</a></div><div class="product"><a href="https://www.amazon.com/dp/B0CNL19TQG?tag=eloabder-20&linkCode=osi&th=1&psc=1"><img src="https://m.media-amazon.com/images/I/61kqkkFXOkL._SL500_.jpg" alt="Product Image"></a><p>Dove Men+Care Body Wash Eucalyptus + Cedar Oil to Rebuild Skin in the Shower with Plant-Based Cleansers and Moisturizers 26 oz</p><p>$9.99 ($0.38 / Fl Oz)</p><a href="https://www.amazon.com/dp/B0CNL19TQG?tag=eloabder-20&linkCode=osi&th=1&psc=1">View Product</a></div><div class="product"><a href="https://www.amazon.com/dp/B01IMEJV5U?tag=eloabder-20&linkCode=osi&th=1&psc=1"><img src="https://m.media-amazon.com/images/I/41q8gXtf06S._SL500_.jpg" alt="Product Image"></a><p>OGX Extra Creamy + Coconut Miracle Oil Ultra Moisture Body Wash, 19.5 Fl Oz</p><p>$6.57 ($0.34 / Fl Oz)</p><a href="https://www.amazon.com/dp/B01IMEJV5U?tag=eloabder-20&linkCode=osi&th=1&psc=1">View Product</a></div>
<div class="product"><a href="https://www.amazon.com/dp/B00A8S6HM4?tag=eloabder-20&linkCode=osi&th=1&psc=1"><img src="https://m.media-amazon.com/images/I/31tIssP5CQL._SL500_.jpg" alt="Product Image"></a><p>Gold Bond Healing Hand Cream, 3 oz., With Aloe, Moisture That Lasts Through Handwashing</p><p>$3.97 ($1.32 / Ounce)</p><a href="https://www.amazon.com/dp/B00A8S6HM4?tag=eloabder-20&linkCode=osi&th=1&psc=1">View Product</a></div><div class="product"><a href="https://www.amazon.com/dp/B006UEOQ5K?tag=eloabder-20&linkCode=osi&th=1&psc=1"><img src="https://m.media-amazon.com/images/I/316StCvRHcL._SL500_.jpg" alt="Product Image"></a><p>L’Occitane Shea Butter Hand Cream 5.1 Oz: Nourishes Very Dry Hands, Protects Skin, With 20% Organic Shea Butter, Vegan, 1 Sold Every 3 Seconds*</p><p>$27.00</p><a href="https://www.amazon.com/dp/B006UEOQ5K?tag=eloabder-20&linkCode=osi&th=1&psc=1">View Product</a></div><div class="product"><a href="https://www.amazon.com/dp/B00EYOSA9G?tag=eloabder-20&linkCode=osi&th=1&psc=1"><img src="https://m.media-amazon.com/images/I/41bhc+gcG0L._SL500_.jpg" alt="Product Image"></a><p>La Roche-Posay Cicaplast Hand Cream, Instant Relief Moisturizing Dry Hands Shea Butter Lotion for Dry Cracked Hands, Non Greasy, Fragrance Free, 1.69 Fl Oz (Pack of 1)</p><p>$11.99 ($7.05 / Fl Oz)</p><a href="https://www.amazon.com/dp/B00EYOSA9G?tag=eloabder-20&linkCode=osi&th=1&psc=1">View Product</a></div><div class="product"><a href="https://www.amazon.com/dp/B00BN2UF54?tag=eloabder-20&linkCode=osi&th=1&psc=1"><img src="https://m.media-amazon.com/images/I/41JdUlyNn5L._SL500_.jpg" alt="Product Image"></a><p>CeraVe Therapeutic Hand Cream for Dry Cracked Hands With Hyaluronic Acid and Niacinamide | Fragrance Free 3 Ounce</p><p>$10.47 ($3.49 / Ounce)</p><a href="https://www.amazon.com/dp/B00BN2UF54?tag=eloabder-20&linkCode=osi&th=1&psc=1">View Product</a></div><div class="product"><a href="https://www.amazon.com/dp/B09QP658PT?tag=eloabder-20&linkCode=osi&th=1&psc=1"><img src="https://m.media-amazon.com/images/I/31W-klVFPhL._SL500_.jpg" alt="Product Image"></a><p>eos Shea Better Hand Cream - Vanilla Cashmere | Instant Hydration + Lasting Protection | 2.5 oz</p><p>$3.97 ($1.59 / Fl Oz)</p><a href="https://www.amazon.com/dp/B09QP658PT?tag=eloabder-20&linkCode=osi&th=1&psc=1">View Product</a></div><div class="product"><a href="https://www.amazon.com/dp/B00121UVU0?tag=eloabder-20&linkCode=osi&th=1&psc=1"><img src="https://m.media-amazon.com/images/I/41eeed+P5BL._SL500_.jpg" alt="Product Image"></a><p>O'Keeffe's Working Hands Hand Cream for Extremely Dry, Cracked Hands, 3.4 Ounce Jar, (Pack 1)</p><p>$8.48 ($2.49 / Ounce)</p><a href="https://www.amazon.com/dp/B00121UVU0?tag=eloabder-20&linkCode=osi&th=1&psc=1">View Product</a></div><div class="product"><a href="https://www.amazon.com/dp/B0148PKYXU?tag=eloabder-20&linkCode=osi&th=1&psc=1"><img src="https://m.media-amazon.com/images/I/41cwut0DGKL._SL500_.jpg" alt="Product Image"></a><p>O'Keeffe's Working Hands Hand Cream, Relieves and Repairs Extremely Dry Hands, 3 oz Tube, (Pack of 2)</p><p>$15.17 ($2.53 / Ounce)</p><a href="https://www.amazon.com/dp/B0148PKYXU?tag=eloabder-20&linkCode=osi&th=1&psc=1">View Product</a></div><div class="product"><a href="https://www.amazon.com/dp/B08Q1B7DVZ?tag=eloabder-20&linkCode=osi&th=1&psc=1"><img src="https://m.media-amazon.com/images/I/41KbVXj2k4L._SL500_.jpg" alt="Product Image"></a><p>Neutrogena Norwegian Formula Moisturizing Hand Cream Formulated with Glycerin for Dry, Rough Hands, Fragrance-Free Intensive Hand Lotion, 2 oz, Pack of 6</p><p>$32.94 ($2.74 / Ounce)</p><a href="https://www.amazon.com/dp/B08Q1B7DVZ?tag=eloabder-20&linkCode=osi&th=1&psc=1">View Product</a></div><div class="product"><a href="https://www.amazon.com/dp/B002PK0ROM?tag=eloabder-20&linkCode=osi&th=1&psc=1"><img src="https://m.media-amazon.com/images/I/51ACxQvzcbL._SL500_.jpg" alt="Product Image"></a><p>Burt's Bees Almond & Milk Hand Cream, 2 Oz (Package May Vary)</p><p>$8.84 ($4.42 / Ounce)</p><a href="https://www.amazon.com/dp/B002PK0ROM?tag=eloabder-20&linkCode=osi&th=1&psc=1">View Product</a></div><div class="product"><a href="https://www.amazon.com/dp/B09YYZWSSY?tag=eloabder-20&linkCode=osi&th=1&psc=1"><img src="https://m.media-amazon.com/images/I/31iud1lgyFL._SL500_.jpg" alt="Product Image"></a><p>Gold Bond Age Renew Crepe Corrector Hand Cream, Replenishing & Smoothing Formula, 3 oz.</p><p>$5.98 ($1.99 / Ounce)</p><a href="https://www.amazon.com/dp/B09YYZWSSY?tag=eloabder-20&linkCode=osi&th=1&psc=1">View Product</a></div>
<div class="product"><a href="https://www.amazon.com/dp/B0002QB9NE?tag=eloabder-20&linkCode=osi&th=1&psc=1"><img src="https://m.media-amazon.com/images/I/416vf0q0uqL._SL500_.jpg" alt="Product Image"></a><p>O'Keeffe's for Healthy Feet Foot Cream, Guaranteed Relief for Extremely Dry, Cracked Feet, Instantly Boosts Moisture Levels, 3.2 Ounce Jar, (Pack of 1)</p><p>$9.01 ($2.82 / Ounce)</p><a href="https://www.amazon.com/dp/B0002QB9NE?tag=eloabder-20&linkCode=osi&th=1&psc=1">View Product</a></div><div class="product"><a href="https://www.amazon.com/dp/B082TSRP9J?tag=eloabder-20&linkCode=osi&th=1&psc=1"><img src="https://m.media-amazon.com/images/I/51coMhCd1ML._SL500_.jpg" alt="Product Image"></a><p>Ebanel Urea Cream 40% plus Salicylic Acid 2%, Foot Cream for Dry Cracked Heels Feet Knees Elbows Hands, Foot Dead Skin Cuticle Callus Remover Toenail Softener, Keratolytic Skin Barrier Repair Cream</p><p>$15.95 ($3.47 / Ounce)</p><a href="https://www.amazon.com/dp/B082TSRP9J?tag=eloabder-20&linkCode=osi&th=1&psc=1">View Product</a></div><div class="product"><a href="https://www.amazon.com/dp/B08YZBKZPB?tag=eloabder-20&linkCode=osi&th=1&psc=1"><img src="https://m.media-amazon.com/images/I/41ktbxpRfPL._SL500_.jpg" alt="Product Image"></a><p>Dr. Scholl's Dry, Cracked Foot Repair Ultra-Hydrating Foot Cream Moisturizer, 3.5 oz, Skin Care Foot Lotion with 25% Urea for Dry Cracked Feet, Heals and Moisturizes for Healthy Feet</p><p>$5.89 ($1.68 / Ounce)</p><a href="https://www.amazon.com/dp/B08YZBKZPB?tag=eloabder-20&linkCode=osi&th=1&psc=1">View Product</a></div><div class="product"><a href="https://www.amazon.com/dp/B0859JFWDT?tag=eloabder-20&linkCode=osi&th=1&psc=1"><img src="https://m.media-amazon.com/images/I/51JZjw73KSL._SL500_.jpg" alt="Product Image"></a><p>New York Biology Tea Tree Oil Foot Cream for Dry Cracked Feet, Athletes Foot, Nail Fungus, Jock Itch, Ringworm, Cracked Heels and Itchy Skin - Foot Cream - 8 oz</p><p>$9.99 ($1.25 / Ounce)</p><a href="https://www.amazon.com/dp/B0859JFWDT?tag=eloabder-20&linkCode=osi&th=1&psc=1">View Product</a></div><div class="product"><a href="https://www.amazon.com/dp/B09854CPGD?tag=eloabder-20&linkCode=osi&th=1&psc=1"><img src="https://m.media-amazon.com/images/I/31CmRbfOBBL._SL500_.jpg" alt="Product Image"></a><p>OUKEYA Urea Cream 40 Percent, Urea Foot & Hand Cream for Dry Cracked, 40 per Urea Lotion for Feet Maximum Strength</p><p>$9.59 ($1.81 / Ounce)</p><a href="https://www.amazon.com/dp/B09854CPGD?tag=eloabder-20&linkCode=osi&th=1&psc=1">View Product</a></div><div class="product"><a href="https://www.amazon.com/dp/B0081C2I22?tag=eloabder-20&linkCode=osi&th=1&psc=1"><img src="https://m.media-amazon.com/images/I/41f3N9+RSFL._SL500_.jpg" alt="Product Image"></a><p>Palmer's Cocoa Butter Formula Foot Magic Moisturizing Foot Cream for Dry, Cracked Heels, Feet Moisturizer with Peppermint Oil & Vitamin E, 2.1 Ounces</p><p>$4.22 ($2.01 / Ounce)</p><a href="https://www.amazon.com/dp/B0081C2I22?tag=eloabder-20&linkCode=osi&th=1&psc=1">View Product</a></div><div class="product"><a href="https://www.amazon.com/dp/B072VSYFNY?tag=eloabder-20&linkCode=osi&th=1&psc=1"><img src="https://m.media-amazon.com/images/I/41mzQGUdFmL._SL500_.jpg" alt="Product Image"></a><p>O'Keeffe's Healthy Feet Intense Renewal Cream with Alpha Hydroxy Acid, Softens and Exfoliates Extremely Dry, Callused Feet, 3oz Tube (Pack of 1)</p><p>$8.77 ($2.92 / Ounce)</p><a href="https://www.amazon.com/dp/B072VSYFNY?tag=eloabder-20&linkCode=osi&th=1&psc=1">View Product</a></div><div class="product"><a href="https://www.amazon.com/dp/B087N7QYN1?tag=eloabder-20&linkCode=osi&th=1&psc=1"><img src="https://m.media-amazon.com/images/I/41AOHWv5UaL._SL500_.jpg" alt="Product Image"></a><p>O'Keeffe's for Healthy Feet Foot Cream, Guaranteed Relief for Extremely Dry, Cracked Feet, Instantly Boosts Moisture Levels, 6.4 Ounce Jar, Value Size, (Pack of 1)</p><p>$15.09 ($2.36 / Ounce)</p><a href="https://www.amazon.com/dp/B087N7QYN1?tag=eloabder-20&linkCode=osi&th=1&psc=1">View Product</a></div><div class="product"><a href="https://www.amazon.com/dp/B07CKKQWSN?tag=eloabder-20&linkCode=osi&th=1&psc=1"><img src="https://m.media-amazon.com/images/I/513WcwplzkL._SL500_.jpg" alt="Product Image"></a><p>Profoot Heel Rescue Foot Cream 16 Ounce Bottle, 2 Pack, for Cracked, Calloused or Chapped Skin</p><p>$13.92 ($0.44 / Ounce)</p><a href="https://www.amazon.com/dp/B07CKKQWSN?tag=eloabder-20&linkCode=osi&th=1&psc=1">View Product</a></div>
<div class="product"><a href="https://www.amazon.com/dp/B0CS2XBMG5?tag=eloabder-20&linkCode=osi&th=1&psc=1"><img src="https://m.media-amazon.com/images/I/41SVGjvtkXL._SL500_.jpg" alt="Product Image"></a><p>SAVILAND Natural Cuticle Oil Pen: 12PCS Revitalizing Cuticle Oil for Nails with Vitamin E For Repair Cuticles Overnight Cuticle Softener Nail Strengthener Protector for Damaged Skin Thin Nail</p><p>$9.99 ($9.99 / Fl Oz)</p><a href="https://www.amazon.com/dp/B0CS2XBMG5?tag=eloabder-20&linkCode=osi&th=1&psc=1">View Product</a></div><div class="product"><a href="https://www.amazon.com/dp/B0037MIMLW?tag=eloabder-20&linkCode=osi&th=1&psc=1"><img src="https://m.media-amazon.com/images/I/41M3z8vrUzL._SL500_.jpg" alt="Product Image"></a><p>CND SolarOil Cuticle Oil, Natural Blend Of Jojoba, Vitamin E, Rice Bran and Sweet Almond Oils, Moisturizes and Conditions Skin, Pack Of 1, 0.25 oz.</p><p>$9.90 ($49.50 / Fl Oz)</p><a href="https://www.amazon.com/dp/B0037MIMLW?tag=eloabder-20&linkCode=osi&th=1&psc=1">View Product</a></div><div class="product"><a href="https://www.amazon.com/dp/B09K3VX6XB?tag=eloabder-20&linkCode=osi&th=1&psc=1"><img src="https://m.media-amazon.com/images/I/41KQk0SauIL._SL500_.jpg" alt="Product Image"></a><p>modelones Cuticle Oil for Nails 15ml Natural Nail Oil for Growth and Strength Damaged Nails Vitamin E Revitalizing Essential Oils Cuticle Care</p><p>$8.99 ($17.63 / Fl Oz)</p><a href="https://www.amazon.com/dp/B09K3VX6XB?tag=eloabder-20&linkCode=osi&th=1&psc=1">View Product</a></div><div class="product"><a href="https://www.amazon.com/dp/B072C4GT6P?tag=eloabder-20&linkCode=osi&th=1&psc=1"><img src="https://m.media-amazon.com/images/I/31AcTRIcNCL._SL500_.jpg" alt="Product Image"></a><p>OPI ProSpa Nail and Cuticle Oil To Go, 0.25 fl oz</p><p>$11.49 ($45.96 / Fl Oz)</p><a href="https://www.amazon.com/dp/B072C4GT6P?tag=eloabder-20&linkCode=osi&th=1&psc=1">View Product</a></div><div class="product"><a href="https://www.amazon.com/dp/B0725XWF6R?tag=eloabder-20&linkCode=osi&th=1&psc=1"><img src="https://m.media-amazon.com/images/I/3167QE6enxL._SL500_.jpg" alt="Product Image"></a><p>OPI ProSpa Nail and Cuticle Oil, 0.29 fl oz</p><p>$10.82 ($37.31 / Fl Oz)</p><a href="https://www.amazon.com/dp/B0725XWF6R?tag=eloabder-20&linkCode=osi&th=1&psc=1">View Product</a></div><div class="product"><a href="https://www.amazon.com/dp/B0CN65Q5LD?tag=eloabder-20&linkCode=osi&th=1&psc=1"><img src="https://m.media-amazon.com/images/I/41ixcyjMHNL._SL500_.jpg" alt="Product Image"></a><p>NXJ INFILILA Cuticle Oil Bulk 3.3 Fl Oz, 100Pcs Mini Cuticle Oil for Nails, Hydrating Cuticle Care Product Ttravel Size for Repaired Cuticles Overnight, Cuticle Repair and Nail Care (Milk & Honey)</p><p>$9.99 ($0.10 / Count)</p><a href="https://www.amazon.com/dp/B0CN65Q5LD?tag=eloabder-20&linkCode=osi&th=1&psc=1">View Product</a></div><div class="product"><a href="https://www.amazon.com/dp/B0B29JZ5KL?tag=eloabder-20&linkCode=osi&th=1&psc=1"><img src="https://m.media-amazon.com/images/I/41c+VvEUnZL._SL500_.jpg" alt="Product Image"></a><p>C CARE Lavender and chamomile Cuticle Oil For Nails - Repairs Cuticles Overnight - Moisturizes and Strengthens Nails and Cuticles - Dropper & Brush included - 2.5oz</p><p>$9.99 ($4.00 / Fl Oz)</p><a href="https://www.amazon.com/dp/B0B29JZ5KL?tag=eloabder-20&linkCode=osi&th=1&psc=1">View Product</a></div>
<div class="product"><a href="https://www.amazon.com/dp/B0CMHSNYG8?tag=eloabder-20&linkCode=osi&th=1&psc=1"><img src="https://m.media-amazon.com/images/I/51iVcKQ6eIL._SL500_.jpg" alt="Product Image"></a><p>JODSONE Gel Nail Set 20 Colors High Shine Gorgeous Gel Polish Base Top Matte Coat Nice Gifts Show Charm</p><p>$19.99</p><a href="https://www.amazon.com/dp/B0CMHSNYG8?tag=eloabder-20&linkCode=osi&th=1&psc=1">View Product</a></div><div class="product"><a href="https://www.amazon.com/dp/B09KC56289?tag=eloabder-20&linkCode=osi&th=1&psc=1"><img src="https://m.media-amazon.com/images/I/51M-P1nM7QL._SL500_.jpg" alt="Product Image"></a><p>JODSONE 36 PCS Gel Nail Polish Set-32 Colors Gel Polish Kit Base Coat Glossy Matte and Glitter Top Coat Nail Polish Set Green Blue Red Pink Collection Gifts for Women</p><p>$25.99</p><a href="https://www.amazon.com/dp/B09KC56289?tag=eloabder-20&linkCode=osi&th=1&psc=1">View Product</a></div><div class="product"><a href="https://www.amazon.com/dp/B0987JZSP8?tag=eloabder-20&linkCode=osi&th=1&psc=1"><img src="https://m.media-amazon.com/images/I/31VZYZfCKbL._SL500_.jpg" alt="Product Image"></a><p>OPI Nature Strong Vegan Nail Polish, Knowledge is Flower, Pink Nail Polish, Natural Origin, Cruelty-Free Nail Lacquer, 0.5 fl oz.</p><p>$12.99 ($25.98 / Fl Oz)</p><a href="https://www.amazon.com/dp/B0987JZSP8?tag=eloabder-20&linkCode=osi&th=1&psc=1">View Product</a></div><div class="product"><a href="https://www.amazon.com/dp/B00GXVVDG0?tag=eloabder-20&linkCode=osi&th=1&psc=1"><img src="https://m.media-amazon.com/images/I/21vF-y2FfJL._SL500_.jpg" alt="Product Image"></a><p>Essie Nail Polish, Salon-Quality, 8-free Vegan, Finish, Mademoiselle, 0.46 Ounces (Packaging May Vary) Sheer Pink</p><p>$8.97</p><a href="https://www.amazon.com/dp/B00GXVVDG0?tag=eloabder-20&linkCode=osi&th=1&psc=1">View Product</a></div><div class="product"><a href="https://www.amazon.com/dp/B00149RO2S?tag=eloabder-20&linkCode=osi&th=1&psc=1"><img src="https://m.media-amazon.com/images/I/411K8WtBjML._SL500_.jpg" alt="Product Image"></a><p>OPI Nail Lacquer, Black Cherry Chutney, Red Nail Polish, 0.5 fl oz</p><p>$11.99 ($23.98 / Fl Oz)</p><a href="https://www.amazon.com/dp/B00149RO2S?tag=eloabder-20&linkCode=osi&th=1&psc=1">View Product</a></div>
<div class="product"><a href="https://www.amazon.com/dp/B07TLZDSWR?tag=eloabder-20&linkCode=osi&th=1&psc=1"><img src="https://m.media-amazon.com/images/I/31lsbbYkXFL._SL500_.jpg" alt="Product Image"></a><p>Pronto 100% Pure Acetone - Quick, Professional Nail Polish Remover - For Natural, Gel, Acrylic, Sculptured Nails (8 FL. OZ.)</p><p>$9.99 ($1.25 / Fl Oz)</p><a href="https://www.amazon.com/dp/B07TLZDSWR?tag=eloabder-20&linkCode=osi&th=1&psc=1">View Product</a></div><div class="product"><a href="https://www.amazon.com/dp/B08N2XBP1D?tag=eloabder-20&linkCode=osi&th=1&psc=1"><img src="https://m.media-amazon.com/images/I/41SDa89WDxL._SL500_.jpg" alt="Product Image"></a><p>Mineral Fusion Nail Polish Remover, 6 fl oz, 2 count</p><p>$16.50</p><a href="https://www.amazon.com/dp/B08N2XBP1D?tag=eloabder-20&linkCode=osi&th=1&psc=1">View Product</a></div><div class="product"><a href="https://www.amazon.com/dp/B004KJ7AGE?tag=eloabder-20&linkCode=osi&th=1&psc=1"><img src="https://m.media-amazon.com/images/I/41jL3jJJEEL._SL500_.jpg" alt="Product Image"></a><p>Super Nail Pure Acetone Polish Remover, 8 Fl Oz</p><p>$6.25</p><a href="https://www.amazon.com/dp/B004KJ7AGE?tag=eloabder-20&linkCode=osi&th=1&psc=1">View Product</a></div><div class="product"><a href="https://www.amazon.com/dp/B0CQLWZGQC?tag=eloabder-20&linkCode=osi&th=1&psc=1"><img src="https://m.media-amazon.com/images/I/51RNLfN+X4L._SL500_.jpg" alt="Product Image"></a><p>Morovan Gel Nail Polish Remover Kit: Gel Polish Remover for Nails with Liquid Latex Tape Peel off Nail Strengthener Cuticle Pusher Quick & Easy Gel Remover for Nails in 3-5 mins No Soaking Or Wrapping</p><p>$9.99</p><a href="https://www.amazon.com/dp/B0CQLWZGQC?tag=eloabder-20&linkCode=osi&th=1&psc=1">View Product</a></div><div class="product"><a href="https://www.amazon.com/dp/B09Z2V94LY?tag=eloabder-20&linkCode=osi&th=1&psc=1"><img src="https://m.media-amazon.com/images/I/41aI3wwnE3L._SL500_.jpg" alt="Product Image"></a><p>Gel Nail Polish Remover 1pcs, Professional Gel Polish Remover for Nails, No Need for Foil, Quick & Easy Polish Remover In 2-3 Minutes, No Need Soaking Or Wrapping-15ml</p><p>$9.99</p><a href="https://www.amazon.com/dp/B09Z2V94LY?tag=eloabder-20&linkCode=osi&th=1&psc=1">View Product</a></div><div class="product"><a href="https://www.amazon.com/dp/B07STW4VR3?tag=eloabder-20&linkCode=osi&th=1&psc=1"><img src="https://m.media-amazon.com/images/I/41H-8Xsu7OL._SL500_.jpg" alt="Product Image"></a><p>Butter LONDON Nail Polish Remover Pads, Nail Scrubbers (10 Count) - 2-in-1 Prep & Lacquer Remover Nail Wipes - Travel-Friendly Gel Fingernail Polish Remover - Cruelty-Free, Paraben-Free & Gluten-Free</p><p>$10.00 ($1.00 / Count)</p><a href="https://www.amazon.com/dp/B07STW4VR3?tag=eloabder-20&linkCode=osi&th=1&psc=1">View Product</a></div><div class="product"><a href="https://www.amazon.com/dp/B001DTZK0C?tag=eloabder-20&linkCode=osi&th=1&psc=1"><img src="https://m.media-amazon.com/images/I/31H2xmoYh2L._SL500_.jpg" alt="Product Image"></a><p>ZOYA Remove Plus 3 in 1 Formula - Liquid Polish Remover, Nail Cleaner, Nail Prep, 8 Fl Oz</p><p>$12.00 ($1.50 / Fl Oz)</p><a href="https://www.amazon.com/dp/B001DTZK0C?tag=eloabder-20&linkCode=osi&th=1&psc=1">View Product</a></div>
<div class="product"><a href="https://www.amazon.com/dp/B07F12SZDS?tag=eloabder-20&linkCode=osi&th=1&psc=1"><img src="https://m.media-amazon.com/images/I/415-o2OwWqL._SL500_.jpg" alt="Product Image"></a><p>Beetles 2 Pcs 15ml No Wipe Gel Top Coat and Base Coat Set - Shine Finish and Long Lasting, Soak Off LED Nail Lamp Gel Base Top Coat Finish Nail Art Design Manicure Gifts for Women</p><p>$7.99</p><a href="https://www.amazon.com/dp/B07F12SZDS?tag=eloabder-20&linkCode=osi&th=1&psc=1">View Product</a></div><div class="product"><a href="https://www.amazon.com/dp/B004220C6E?tag=eloabder-20&linkCode=osi&th=1&psc=1"><img src="https://m.media-amazon.com/images/I/41UDx4gfvEL._SL500_.jpg" alt="Product Image"></a><p>OPI Natural Nail Base Coat, Nail Polish Base Coat, 0.5 fl oz</p><p>$11.99 ($23.98 / Fl Oz)</p><a href="https://www.amazon.com/dp/B004220C6E?tag=eloabder-20&linkCode=osi&th=1&psc=1">View Product</a></div><div class="product"><a href="https://www.amazon.com/dp/B07KYNY7C4?tag=eloabder-20&linkCode=osi&th=1&psc=1"><img src="https://m.media-amazon.com/images/I/41nRG35oupL._SL500_.jpg" alt="Product Image"></a><p>essie nail care, vegan, clear base coat, strengthener, Strong Start, 0.46 fl oz</p><p>$9.28</p><a href="https://www.amazon.com/dp/B07KYNY7C4?tag=eloabder-20&linkCode=osi&th=1&psc=1">View Product</a></div><div class="product"><a href="https://www.amazon.com/dp/B0BX77172B?tag=eloabder-20&linkCode=osi&th=1&psc=1"><img src="https://m.media-amazon.com/images/I/41NS6hYFFYL._SL500_.jpg" alt="Product Image"></a><p>beetles Gel Polish Gel No Wipe Base Coat,15ml for Gel Nail Polish Soak Off LED Nail Lamp Gel Base Coat Upgraded Formula Long-Lasting DIY Home and Nail Salon</p><p>$6.99 ($13.71 / Fl Oz)</p><a href="https://www.amazon.com/dp/B0BX77172B?tag=eloabder-20&linkCode=osi&th=1&psc=1">View Product</a></div><div class="product"><a href="https://www.amazon.com/dp/B0BD4MMFVM?tag=eloabder-20&linkCode=osi&th=1&psc=1"><img src="https://m.media-amazon.com/images/I/414wIShbm+L._SL500_.jpg" alt="Product Image"></a><p>GAOY 16ml 2 Pcs Glassy Gel Top Coat and Base Coat Set,No Wipe Foundation Combination for UV Light Cure Nail Polish</p><p>$6.99</p><a href="https://www.amazon.com/dp/B0BD4MMFVM?tag=eloabder-20&linkCode=osi&th=1&psc=1">View Product</a></div><div class="product"><a href="https://www.amazon.com/dp/B08Z7JSXQ1?tag=eloabder-20&linkCode=osi&th=1&psc=1"><img src="https://m.media-amazon.com/images/I/41+02CKnU7L._SL500_.jpg" alt="Product Image"></a><p>modelones 2024 Upgrade Super Shiny Gel Top Coat, 15ml No Wipe Clear Glossy Gel Base and Top Coat Set, Soak Off Nail Lamp Acid Free Base Top Gel Nail Polish Starter Kit</p><p>$6.35</p><a href="https://www.amazon.com/dp/B08Z7JSXQ1?tag=eloabder-20&linkCode=osi&th=1&psc=1">View Product</a></div><div class="product"><a href="https://www.amazon.com/dp/B00770JW9Q?tag=eloabder-20&linkCode=osi&th=1&psc=1"><img src="https://m.media-amazon.com/images/I/41l5O38NktL._SL500_.jpg" alt="Product Image"></a><p>Seche Clear and Seche Vite, Base Coat and Top Coat for Nail Polish</p><p>$9.99</p><a href="https://www.amazon.com/dp/B00770JW9Q?tag=eloabder-20&linkCode=osi&th=1&psc=1">View Product</a></div><div class="product"><a href="https://www.amazon.com/dp/B07FXR67KP?tag=eloabder-20&linkCode=osi&th=1&psc=1"><img src="https://m.media-amazon.com/images/I/41TDlHtLVPL._SL500_.jpg" alt="Product Image"></a><p>Vishine 15ml No Wipe Top Coat Base Coat Soak off UV LED Drying Long Lasting Shiny Nail Varnish Set</p><p>$8.99</p><a href="https://www.amazon.com/dp/B07FXR67KP?tag=eloabder-20&linkCode=osi&th=1&psc=1">View Product</a></div><div class="product"><a href="https://www.amazon.com/dp/B000VUT39S?tag=eloabder-20&linkCode=osi&th=1&psc=1"><img src="https://m.media-amazon.com/images/I/31XB8+yUKnL._SL500_.jpg" alt="Product Image"></a><p>Orly Base Nail Coat, Bonder, 0.6 Ounce</p><p>$8.00 ($13.33 / Fl Oz)</p><a href="https://www.amazon.com/dp/B000VUT39S?tag=eloabder-20&linkCode=osi&th=1&psc=1">View Product</a></div>
<div class="product"><a href="https://www.amazon.com/dp/B08VZ6VSJ5?tag=eloabder-20&linkCode=osi&th=1&psc=1"><img src="https://m.media-amazon.com/images/I/317piUMa1pL._SL500_.jpg" alt="Product Image"></a><p>KUPA GelFinity - Soak Off Gel - Top Coat Glossy Finish (No-Wipe) 0.5 Fl Oz</p><p>$7.79 ($15.58 / Fl Oz)</p><a href="https://www.amazon.com/dp/B08VZ6VSJ5?tag=eloabder-20&linkCode=osi&th=1&psc=1">View Product</a></div><div class="product"><a href="https://www.amazon.com/dp/B0CHBB9S4J?tag=eloabder-20&linkCode=osi&th=1&psc=1"><img src="https://m.media-amazon.com/images/I/41qRu1votRL._SL500_.jpg" alt="Product Image"></a><p>beetles Gel Polish 2Pcs 15ml No Wipe Top Coat High Gloss Shiny Long-Lasting Clear Gel Top Coat, Soak Off Nail Lamp Nail Gel, Home DIY Professional Manicure and Nail Salon</p><p>$9.98 ($9.78 / Fl Oz)</p><a href="https://www.amazon.com/dp/B0CHBB9S4J?tag=eloabder-20&linkCode=osi&th=1&psc=1">View Product</a></div><div class="product"><a href="https://www.amazon.com/dp/B07FG7ZVFF?tag=eloabder-20&linkCode=osi&th=1&psc=1"><img src="https://m.media-amazon.com/images/I/41zWBPeG5RL._SL500_.jpg" alt="Product Image"></a><p>beetles Gel Polish No Wipe Gel Top Coat - Clear Color Gel Shine Finish and Long Lasting, Soak Off Nail Lamp Gel, 15ml Gift for Girls</p><p>$6.99 ($13.71 / Fl Oz)</p><a href="https://www.amazon.com/dp/B07FG7ZVFF?tag=eloabder-20&linkCode=osi&th=1&psc=1">View Product</a></div><div class="product"><a href="https://www.amazon.com/dp/B08J9WZB29?tag=eloabder-20&linkCode=osi&th=1&psc=1"><img src="https://m.media-amazon.com/images/I/31WQqYx1BLL._SL500_.jpg" alt="Product Image"></a><p>Vishine Top Coat- 15ML No Wipe Top Coat Gel Nail Polish High Gloss Shine Finish Long Lasting Home DIY Professional Manicure</p><p>$6.99 ($13.98 / Fl Oz)</p><a href="https://www.amazon.com/dp/B08J9WZB29?tag=eloabder-20&linkCode=osi&th=1&psc=1">View Product</a></div><div class="product"><a href="https://www.amazon.com/dp/B00178VX50?tag=eloabder-20&linkCode=osi&th=1&psc=1"><img src="https://m.media-amazon.com/images/I/31MWdGSTydL._SL500_.jpg" alt="Product Image"></a><p>OPI Top Coat, Protective High Gloss Shine Nail Polish Top Coat, 0.5 fl oz</p><p>$11.99 ($0.80 / millilitre)</p><a href="https://www.amazon.com/dp/B00178VX50?tag=eloabder-20&linkCode=osi&th=1&psc=1">View Product</a></div><div class="product"><a href="https://www.amazon.com/dp/B00150LT40?tag=eloabder-20&linkCode=osi&th=1&psc=1"><img src="https://m.media-amazon.com/images/I/410pKBFvS9L._SL500_.jpg" alt="Product Image"></a><p>Seche Vite Dry Fast Top Coat - .5 fl oz</p><p>$7.05</p><a href="https://www.amazon.com/dp/B00150LT40?tag=eloabder-20&linkCode=osi&th=1&psc=1">View Product</a></div>
<div class="product"><a href="https://www.amazon.com/dp/B000052WZD?tag=eloabder-20&linkCode=osi&th=1&psc=1"><img src="https://m.media-amazon.com/images/I/31neIP1eUnL._SL500_.jpg" alt="Product Image"></a><p>Trim Nail Files, 2 Count – Dual-Sided Nail Board with 280/320 Grit – Cushioned, Easy Grip for Comfortable Use – Emery Boards for Smoothing & Finishing Nails</p><p>$1.89 ($0.94 / Count)</p><a href="https://www.amazon.com/dp/B000052WZD?tag=eloabder-20&linkCode=osi&th=1&psc=1">View Product</a></div><div class="product"><a href="https://www.amazon.com/dp/B007242LWC?tag=eloabder-20&linkCode=osi&th=1&psc=1"><img src="https://m.media-amazon.com/images/I/41+E1EwskpS._SL500_.jpg" alt="Product Image"></a><p>3 Swords Germany - Brand Quality Double Sided (fine & coarse) Sapphire Metal Pocket Nail File (1 Piece), Made in Solingen Germany</p><p>$9.95</p><a href="https://www.amazon.com/dp/B007242LWC?tag=eloabder-20&linkCode=osi&th=1&psc=1">View Product</a></div><div class="product"><a href="https://www.amazon.com/dp/B0017KCQ2W?tag=eloabder-20&linkCode=osi&th=1&psc=1"><img src="https://m.media-amazon.com/images/I/21bzfUjSMwL._SL500_.jpg" alt="Product Image"></a><p>Revlon Nail Buffer, Gifts for Women, Stocking Stuffers, Shape 'N' Buff Nail File & Buffer, Nail Care Tool, All-in-One Shaping & Buffing, Easy to Use (Pack of 1)</p><p>$3.76</p><a href="https://www.amazon.com/dp/B0017KCQ2W?tag=eloabder-20&linkCode=osi&th=1&psc=1">View Product</a></div>
<div class="product"><a href="https://www.amazon.com/dp/B07M5RNH4Z?tag=eloabder-20&linkCode=osi&th=1&psc=1"><img src="https://m.media-amazon.com/images/I/41VsLZvsbKL._SL500_.jpg" alt="Product Image"></a><p>HAWATOUR Nail Clippers Set, Ultra Sharp Sturdy Fingernail and Toenail Clipper Cutters with Visibly Tin Case, Black</p><p>$9.97</p><a href="https://www.amazon.com/dp/B07M5RNH4Z?tag=eloabder-20&linkCode=osi&th=1&psc=1">View Product</a></div><div class="product"><a href="https://www.amazon.com/dp/B0015HKN3G?tag=eloabder-20&linkCode=osi&th=1&psc=1"><img src="https://m.media-amazon.com/images/I/31Y23jebqxL._SL500_.jpg" alt="Product Image"></a><p>Revlon Nail Clipper, Gifts for Men & Women, Stocking Stuffers, Nail Care Tools, Curved Blade & Foldaway Nail File for Trimming & Grooming, Easy to Use (Pack of 1)</p><p>$2.98</p><a href="https://www.amazon.com/dp/B0015HKN3G?tag=eloabder-20&linkCode=osi&th=1&psc=1">View Product</a></div><div class="product"><a href="https://www.amazon.com/dp/B00CRMHEJE?tag=eloabder-20&linkCode=osi&th=1&psc=1"><img src="https://m.media-amazon.com/images/I/41UM1wHFbiL._SL500_.jpg" alt="Product Image"></a><p>Tweezerman Stainless Steel Nail Combo Set with Fingernail and Toenail Clippers</p><p>$11.98</p><a href="https://www.amazon.com/dp/B00CRMHEJE?tag=eloabder-20&linkCode=osi&th=1&psc=1">View Product</a></div><div class="product"><a href="https://www.amazon.com/dp/B09VPM99J8?tag=eloabder-20&linkCode=osi&th=1&psc=1"><img src="https://m.media-amazon.com/images/I/31t5pEdSClL._SL500_.jpg" alt="Product Image"></a><p>Amazon Basics Nail Clippers 2-Pack, Black</p><p>$5.18</p><a href="https://www.amazon.com/dp/B09VPM99J8?tag=eloabder-20&linkCode=osi&th=1&psc=1">View Product</a></div><div class="product"><a href="https://www.amazon.com/dp/B004NZDY42?tag=eloabder-20&linkCode=osi&th=1&psc=1"><img src="https://m.media-amazon.com/images/I/31ehL-AtFBL._SL500_.jpg" alt="Product Image"></a><p>Revlon Mini Nail Clipper, Nail Care Tools, Curved Blade for Trimming & Grooming, Easy to Use (Pack of 1)</p><p>$2.98</p><a href="https://www.amazon.com/dp/B004NZDY42?tag=eloabder-20&linkCode=osi&th=1&psc=1">View Product</a></div>

<div class="product"><a href="https://www.amazon.com/dp/B0037O2J7I?tag=eloabder-20&linkCode=osi&th=1&psc=1"><img src="https://m.media-amazon.com/images/I/31fwHgXkJ7L._SL500_.jpg" alt="Product Image"></a><p>4 Way Shiny Block / 4 Step Buffing Block Shine Nail Buffer</p><p>$3.99 ($3.99 / Count)</p><a href="https://www.amazon.com/dp/B0037O2J7I?tag=eloabder-20&linkCode=osi&th=1&psc=1">View Product</a></div>

<div class="product"><a href="https://www.amazon.com/dp/B0BRRLF5N6?tag=eloabder-20&linkCode=osi&th=1&psc=1"><img src="https://m.media-amazon.com/images/I/51YW58bcDsL._SL500_.jpg" alt="Product Image"></a><p>Foot Soak Set Pedicure Kit Foot Spa Callus Remover for Feet Cuticle Remover Foot File for Dead Skin Pink Salt Urea Cream for Feet Aloe Lavender Pedicure Supplies Dry Cracked Feet for Women Men</p><p>$15.99</p><a href="https://www.amazon.com/dp/B0BRRLF5N6?tag=eloabder-20&linkCode=osi&th=1&psc=1">View Product</a></div><div class="product"><a href="https://www.amazon.com/dp/B09JWMBYJN?tag=eloabder-20&linkCode=osi&th=1&psc=1"><img src="https://m.media-amazon.com/images/I/51FgTeeSJKL._SL500_.jpg" alt="Product Image"></a><p>nbc BeautiLab Pedicure Kit Foot Soak Set: Bubble Salt, Sugar Scrub, Massage Mask, Massage Lotion in a Box, 4 Step Foot Spa Kit for Dry Feet, Softens Calluses, Tired Feet（3 Set Lavender)</p><p>$16.99 ($1.42 / Ounce)</p><a href="https://www.amazon.com/dp/B09JWMBYJN?tag=eloabder-20&linkCode=osi&th=1&psc=1">View Product</a></div>
<div class="product"><a href="https://www.amazon.com/dp/B07BHCB9Y2?tag=eloabder-20&linkCode=osi&th=1&psc=1"><img src="https://m.media-amazon.com/images/I/51V47D7WZ1L._SL500_.jpg" alt="Product Image"></a><p>PURA D'OR Anti-Thinning Biotin Shampoo & Deep Moisturizing Conditioner Original Gold Label Set (16Oz x2) Natural Earthy Scent, Clinically Tested Proven Results, DHT Blocker Thickening, For Women & Men</p><p>$39.99 ($1.25 / Fl Oz)</p><a href="https://www.amazon.com/dp/B07BHCB9Y2?tag=eloabder-20&linkCode=osi&th=1&psc=1">View Product</a></div><div class="product"><a href="https://www.amazon.com/dp/B07N7MWX72?tag=eloabder-20&linkCode=osi&th=1&psc=1"><img src="https://m.media-amazon.com/images/I/414aNTDFuRL._SL500_.jpg" alt="Product Image"></a><p>Mielle Organics Rosemary Mint Strengthening Shampoo Infused with Biotin, Cleanses and Helps Strengthen Weak and Brittle Hair, 12 Ounces</p><p>$9.97 ($0.83 / Fl Oz)</p><a href="https://www.amazon.com/dp/B07N7MWX72?tag=eloabder-20&linkCode=osi&th=1&psc=1">View Product</a></div><div class="product"><a href="https://www.amazon.com/dp/B08SSM21R4?tag=eloabder-20&linkCode=osi&th=1&psc=1"><img src="https://m.media-amazon.com/images/I/31WbRm+ZKEL._SL500_.jpg" alt="Product Image"></a><p>Redken All Soft Shampoo | Deeply Moisturizes and Hydrates | Softens, Smooths, and Adds Shine | Safe for Color-Treated Hair | Nourishing Shampoo for Dry Hair | With Argan Oil</p><p>$26.00 ($2.57 / Fl Oz)</p><a href="https://www.amazon.com/dp/B08SSM21R4?tag=eloabder-20&linkCode=osi&th=1&psc=1">View Product</a></div><div class="product"><a href="https://www.amazon.com/dp/B00ADRH2OM?tag=eloabder-20&linkCode=osi&th=1&psc=1"><img src="https://m.media-amazon.com/images/I/413WPcPNDbL._SL500_.jpg" alt="Product Image"></a><p>OGX Thick & Full + Biotin & Collagen Volumizing Shampoo, Nutrient-Infused Hair Shampoo with Vitamin B7 Biotin Gives Hair Volume & Body for 72+ Hours, Sulfate-Free Surfactants, 13 fl. oz</p><p>$6.97 ($0.54 / Fl Oz)</p><a href="https://www.amazon.com/dp/B00ADRH2OM?tag=eloabder-20&linkCode=osi&th=1&psc=1">View Product</a></div><div class="product"><a href="https://www.amazon.com/dp/B01ENCBOA0?tag=eloabder-20&linkCode=osi&th=1&psc=1"><img src="https://m.media-amazon.com/images/I/41wcbs9bSAL._SL500_.jpg" alt="Product Image"></a><p>Rosemary and Biotin Shampoo for Thinning Hair - Vegan Volumizing Shampoo for Fine Hair with Argan and Tea Tree Oil - Paraben Silicone and Sulfate Free Shampoo for Dry Damaged Weak and Thin Hair Care</p><p>$12.95 ($1.62 / Fl Oz)</p><a href="https://www.amazon.com/dp/B01ENCBOA0?tag=eloabder-20&linkCode=osi&th=1&psc=1">View Product</a></div><div class="product"><a href="https://www.amazon.com/dp/B00FH692PQ?tag=eloabder-20&linkCode=osi&th=1&psc=1"><img src="https://m.media-amazon.com/images/I/41Sqc25WpzL._SL500_.jpg" alt="Product Image"></a><p>PURA D'OR Original Gold Label Anti-Thinning Biotin Shampoo Natural Earthy Scent, Clinically Tested Proven Results, Herbal DHT Blocker Hair Thickening Products For Women & Men, Color Treated Hair, 16oz</p><p>$29.99 ($1.87 / Fl Oz)</p><a href="https://www.amazon.com/dp/B00FH692PQ?tag=eloabder-20&linkCode=osi&th=1&psc=1">View Product</a></div><div class="product"><a href="https://www.amazon.com/dp/B07D37PQGL?tag=eloabder-20&linkCode=osi&th=1&psc=1"><img src="https://m.media-amazon.com/images/I/31+tZhs5TNL._SL500_.jpg" alt="Product Image"></a><p>Olaplex No. 4 Bond Maintenance Shampoo, Repairs, Strengthens, & Nourishes All Hair Types, Adds Shine & Leaves Hair Feeling Soft, 8.5 fl oz</p><p>$30.00 ($3.53 / Fl Oz)</p><a href="https://www.amazon.com/dp/B07D37PQGL?tag=eloabder-20&linkCode=osi&th=1&psc=1">View Product</a></div><div class="product"><a href="https://www.amazon.com/dp/B07525QJC8?tag=eloabder-20&linkCode=osi&th=1&psc=1"><img src="https://m.media-amazon.com/images/I/31Zl6Upjq4S._SL500_.jpg" alt="Product Image"></a><p>L'Oreal Paris Elvive Total Repair 5 Repairing Shampoo for Damaged Hair Shampoo with Protein and Ceramide for Strong Silky Shiny Healthy Renewed Hair 28 Fl Oz</p><p>$7.68 ($0.27 / Fl Oz)</p><a href="https://www.amazon.com/dp/B07525QJC8?tag=eloabder-20&linkCode=osi&th=1&psc=1">View Product</a></div><div class="product"><a href="https://www.amazon.com/dp/B0098QPV3I?tag=eloabder-20&linkCode=osi&th=1&psc=1"><img src="https://m.media-amazon.com/images/I/31OzU+ogltL._SL500_.jpg" alt="Product Image"></a><p>Moroccanoil Hydrating Shampoo, 8.5 Fl. Oz.</p><p>$26.00 ($3.06 / Fl Oz)</p><a href="https://www.amazon.com/dp/B0098QPV3I?tag=eloabder-20&linkCode=osi&th=1&psc=1">View Product</a></div><div class="product"><a href="https://www.amazon.com/dp/B07HMK15G9?tag=eloabder-20&linkCode=osi&th=1&psc=1"><img src="https://m.media-amazon.com/images/I/31Tdk9qdj7L._SL500_.jpg" alt="Product Image"></a><p>Aveeno Fresh Greens Blend Natural Volumizing Shampoo, Cucumber, Rosemary, for Fine Hair, 12 fl oz</p><p>$8.12 ($0.68 / Ounce)</p><a href="https://www.amazon.com/dp/B07HMK15G9?tag=eloabder-20&linkCode=osi&th=1&psc=1">View Product</a></div>
<div class="product"><a href="https://www.amazon.com/dp/B0752CBW5T?tag=eloabder-20&linkCode=osi&th=1&psc=1"><img src="https://m.media-amazon.com/images/I/31-KMa7LAlS._SL500_.jpg" alt="Product Image"></a><p>L'Oreal Paris Elvive Total Repair 5 Repairing Conditioner for Damaged Hair Conditioner with Protein and Ceramide for Strong Silky Shiny Healthy Renewed Hair 28 Fl Oz</p><p>$8.49 ($0.30 / Fl Oz)</p><a href="https://www.amazon.com/dp/B0752CBW5T?tag=eloabder-20&linkCode=osi&th=1&psc=1">View Product</a></div><div class="product"><a href="https://www.amazon.com/dp/B07CLD17F5?tag=eloabder-20&linkCode=osi&th=1&psc=1"><img src="https://m.media-amazon.com/images/I/61hTHQjDOkL._SL500_.jpg" alt="Product Image"></a><p>Dove Ultra Care Conditioner Coconut & Hydration for Dry Hair Conditioner with Coconut Oil, Jojoba Oil & Sweet Almond Oil 25.4 oz</p><p>$7.49 ($0.29 / Fl Oz)</p><a href="https://www.amazon.com/dp/B07CLD17F5?tag=eloabder-20&linkCode=osi&th=1&psc=1">View Product</a></div><div class="product"><a href="https://www.amazon.com/dp/B0098QQ88U?tag=eloabder-20&linkCode=osi&th=1&psc=1"><img src="https://m.media-amazon.com/images/I/31kA4N9VngL._SL500_.jpg" alt="Product Image"></a><p>Moroccanoil Hydrating Conditioner, 8.5 Fl Oz</p><p>$26.00 ($3.10 / Fl Oz)</p><a href="https://www.amazon.com/dp/B0098QQ88U?tag=eloabder-20&linkCode=osi&th=1&psc=1">View Product</a></div><div class="product"><a href="https://www.amazon.com/dp/B07D37SBHF?tag=eloabder-20&linkCode=osi&th=1&psc=1"><img src="https://m.media-amazon.com/images/I/31ivDW-ouZL._SL500_.jpg" alt="Product Image"></a><p>Olaplex No. 5 Bond Maintenance Conditioner, Repairs, Strengthens, & Nourishes All Hair Types, Leaving Hair Feeling Soft & Adds Shine, 8.5 fl oz"</p><p>$30.00 ($3.53 / Fl Oz)</p><a href="https://www.amazon.com/dp/B07D37SBHF?tag=eloabder-20&linkCode=osi&th=1&psc=1">View Product</a></div><div class="product"><a href="https://www.amazon.com/dp/B07NR2B9HS?tag=eloabder-20&linkCode=osi&th=1&psc=1"><img src="https://m.media-amazon.com/images/I/51pWHfe9iNL._SL500_.jpg" alt="Product Image"></a><p>Aussie 3 Minute Miracle Moist Deep Conditioner for Dry Hair, Avocado & Jojoba Oil, Safe for Color Treated Hair, Nourishing Hydration, Silky Shine, Paraben-Free, 16 Fl Oz Each, Triple Pack</p><p>$20.97 ($0.44 / Fl Oz)</p><a href="https://www.amazon.com/dp/B07NR2B9HS?tag=eloabder-20&linkCode=osi&th=1&psc=1">View Product</a></div><div class="product"><a href="https://www.amazon.com/dp/B0891BBRHW?tag=eloabder-20&linkCode=osi&th=1&psc=1"><img src="https://m.media-amazon.com/images/I/31ndDwe7VSL._SL500_.jpg" alt="Product Image"></a><p>Pureology Hydrate Moisturizing Conditioner | Softens and Deeply Hydrates Dry Hair | For Medium to Thick Color Treated or Natural Hair | Sulfate Free Conditioner | Vegan</p><p>$37.00 ($4.11 / Fl Oz)</p><a href="https://www.amazon.com/dp/B0891BBRHW?tag=eloabder-20&linkCode=osi&th=1&psc=1">View Product</a></div><div class="product"><a href="https://www.amazon.com/dp/B00I32AN4K?tag=eloabder-20&linkCode=osi&th=1&psc=1"><img src="https://m.media-amazon.com/images/I/51KpmxinYYL._SL500_.jpg" alt="Product Image"></a><p>Arvazallia Hydrating Argan Oil Hair Mask and Deep Conditioner for Dry or Damaged Hair - 8.45 Oz</p><p>$12.95 ($1.53 / Fl Oz)</p><a href="https://www.amazon.com/dp/B00I32AN4K?tag=eloabder-20&linkCode=osi&th=1&psc=1">View Product</a></div><div class="product"><a href="https://www.amazon.com/dp/B092PVHFL3?tag=eloabder-20&linkCode=osi&th=1&psc=1"><img src="https://m.media-amazon.com/images/I/31v45qQhKOL._SL500_.jpg" alt="Product Image"></a><p>MONDAY HAIRCARE Moisture Conditioner 12oz for Dry, Coarse, Stressed, Coily and Curly Hair, Made from Coconut Oil, Rice Protein, Shea Butter, & Vitamin E, 100% Recyclable Bottles (350ml) (10434)</p><p>$6.97 ($0.58 / Fl Oz)</p><a href="https://www.amazon.com/dp/B092PVHFL3?tag=eloabder-20&linkCode=osi&th=1&psc=1">View Product</a></div><div class="product"><a href="https://www.amazon.com/dp/B00OVQO66S?tag=eloabder-20&linkCode=osi&th=1&psc=1"><img src="https://m.media-amazon.com/images/I/61S7x6GUaFL._SL500_.jpg" alt="Product Image"></a><p>SheaMoisture Conditioner Intensive Hydration for Dry, Damaged Hair Manuka Honey and Mafura Oil to Nourish and Soften Hair 13 oz</p><p>$9.68 ($0.74 / Fl Oz)</p><a href="https://www.amazon.com/dp/B00OVQO66S?tag=eloabder-20&linkCode=osi&th=1&psc=1">View Product</a></div><div class="product"><a href="https://www.amazon.com/dp/B08BTKN3P9?tag=eloabder-20&linkCode=osi&th=1&psc=1"><img src="https://m.media-amazon.com/images/I/41sjzOJHhiL._SL500_.jpg" alt="Product Image"></a><p>TRESemmé Conditioner Moisture Rich 3 Count for Dry Hair Professional Quality Salon-Healthy Look and Shine Moisture Rich Formulated with Vitamin E and Biotin 28 oz</p><p>$16.80 ($0.20 / Fl Oz)</p><a href="https://www.amazon.com/dp/B08BTKN3P9?tag=eloabder-20&linkCode=osi&th=1&psc=1">View Product</a></div>
<div class="product"><a href="https://www.amazon.com/dp/B01I2ZQJSG?tag=eloabder-20&linkCode=osi&th=1&psc=1"><img src="https://m.media-amazon.com/images/I/41ctrFUeQAL._SL500_.jpg" alt="Product Image"></a><p>Elizavecca cer-100 collagen coating hair protein treatment 100ml</p><p>$7.40 ($2.19 / Fl Oz)</p><a href="https://www.amazon.com/dp/B01I2ZQJSG?tag=eloabder-20&linkCode=osi&th=1&psc=1">View Product</a></div><div class="product"><a href="https://www.amazon.com/dp/B07H3GBSC3?tag=eloabder-20&linkCode=osi&th=1&psc=1"><img src="https://m.media-amazon.com/images/I/41I862UzKRL._SL500_.jpg" alt="Product Image"></a><p>amika soulfood nourishing Mask, 8 Fl oz</p><p>$34.00 ($4.25 / Fl Oz)</p><a href="https://www.amazon.com/dp/B07H3GBSC3?tag=eloabder-20&linkCode=osi&th=1&psc=1">View Product</a></div><div class="product"><a href="https://www.amazon.com/dp/B075L6BL61?tag=eloabder-20&linkCode=osi&th=1&psc=1"><img src="https://m.media-amazon.com/images/I/41zCFV7oGTL._SL500_.jpg" alt="Product Image"></a><p>Karseell Collagen Hair Treatment Deep Repair Conditioning Argan Oil Collagen Hair Mask Essence for Dry Damaged Hair All Hair Types 16.90 oz 500ml</p><p>$23.00 ($1.36 / Fl Oz)</p><a href="https://www.amazon.com/dp/B075L6BL61?tag=eloabder-20&linkCode=osi&th=1&psc=1">View Product</a></div><div class="product"><a href="https://www.amazon.com/dp/B07N7NBYSP?tag=eloabder-20&linkCode=osi&th=1&psc=1"><img src="https://m.media-amazon.com/images/I/515lD0OXQ+L._SL500_.jpg" alt="Product Image"></a><p>Mielle Organics Rosemary Mint Strengthening Hair Masque, Essential Oil & Biotin Deep Treatment, Miracle Repair for Dry, Damaged, & Frizzy Hair, 12 Ounces</p><p>$9.97 ($0.83 / Ounce)</p><a href="https://www.amazon.com/dp/B07N7NBYSP?tag=eloabder-20&linkCode=osi&th=1&psc=1">View Product</a></div><div class="product"><a href="https://www.amazon.com/dp/B0BQ54DQNM?tag=eloabder-20&linkCode=osi&th=1&psc=1"><img src="https://m.media-amazon.com/images/I/41uhtWPJeuL._SL500_.jpg" alt="Product Image"></a><p>Eva NYC Therapy Session Hair Mask, Deep Conditioning Hair Mask Infused with Argan Oil and Plant Protein, 16.9 fl oz</p><p>$19.00 ($1.12 / Fl Oz)</p><a href="https://www.amazon.com/dp/B0BQ54DQNM?tag=eloabder-20&linkCode=osi&th=1&psc=1">View Product</a></div><div class="product"><a href="https://www.amazon.com/dp/B09HR5KSR8?tag=eloabder-20&linkCode=osi&th=1&psc=1"><img src="https://m.media-amazon.com/images/I/51aIw6AhsXL._SL500_.jpg" alt="Product Image"></a><p>K18 Mini Leave-In Molecular Hair Mask, Repairs Dry or Damaged Hair, Reverse Hair Damage from Bleach, Color, Chemical Services & Heat, 0.51 Fl Oz</p><p>$29.00 ($56.86 / Fl Oz)</p><a href="https://www.amazon.com/dp/B09HR5KSR8?tag=eloabder-20&linkCode=osi&th=1&psc=1">View Product</a></div><div class="product"><a href="https://www.amazon.com/dp/B07M7PP9KX?tag=eloabder-20&linkCode=osi&th=1&psc=1"><img src="https://m.media-amazon.com/images/I/41Mpv3wIxEL._SL500_.jpg" alt="Product Image"></a><p>Marc Anthony Grow Long Hair Anti-Breakage Mask, 10.4 OZ</p><p>$8.99 ($0.90 / Fl Oz)</p><a href="https://www.amazon.com/dp/B07M7PP9KX?tag=eloabder-20&linkCode=osi&th=1&psc=1">View Product</a></div>
<div class="product"><a href="https://www.amazon.com/dp/B00BC3YL2W?tag=eloabder-20&linkCode=osi&th=1&psc=1"><img src="https://m.media-amazon.com/images/I/31OKo9u6V4L._SL500_.jpg" alt="Product Image"></a><p>HerStyler Hair Repair Serum - Argan Oil, Vitamin E and Aloe Vera Hair Serum for Frizz Control, Shine and Straightening - Coz Love is in the Hair - 2 Fl. Oz., 60 Ml</p><p>$9.99 ($5.00 / Fl Oz)</p><a href="https://www.amazon.com/dp/B00BC3YL2W?tag=eloabder-20&linkCode=osi&th=1&psc=1">View Product</a></div><div class="product"><a href="https://www.amazon.com/dp/B08N9L6C93?tag=eloabder-20&linkCode=osi&th=1&psc=1"><img src="https://m.media-amazon.com/images/I/3184fIylDmL._SL500_.jpg" alt="Product Image"></a><p>Paul Mitchell Super Skinny Serum, Speeds Up Drying Time, Humidity Resistant, For Frizzy Hair, 5.1 fl. oz.</p><p>$28.50 ($5.59 / Fl Oz)</p><a href="https://www.amazon.com/dp/B08N9L6C93?tag=eloabder-20&linkCode=osi&th=1&psc=1">View Product</a></div><div class="product"><a href="https://www.amazon.com/dp/B081JHTPKP?tag=eloabder-20&linkCode=osi&th=1&psc=1"><img src="https://m.media-amazon.com/images/I/31+F0Qz4RUL._SL500_.jpg" alt="Product Image"></a><p>Mise En Scene Perfect Serum Original - Hair Oil for Frizzy & Dry Hair, Hydration and Nutrition Hair Essence for Damage Care, Floral Fragrance, Korean Hair Care Product, Korean Hair Serum 2.71 Fl. Oz.</p><p>$11.20 ($4.15 / Fl Oz)</p><a href="https://www.amazon.com/dp/B081JHTPKP?tag=eloabder-20&linkCode=osi&th=1&psc=1">View Product</a></div><div class="product"><a href="https://www.amazon.com/dp/B09WMT8HYB?tag=eloabder-20&linkCode=osi&th=1&psc=1"><img src="https://m.media-amazon.com/images/I/31poyY3nFGL._SL500_.jpg" alt="Product Image"></a><p>Hair Growth Serum for Men and Women- Vegan Hair Growth Serum Designed for Thinning Hair & Hair Loss- 1 Month-60ml</p><p>$23.40 ($11.70 / Fl Oz)</p><a href="https://www.amazon.com/dp/B09WMT8HYB?tag=eloabder-20&linkCode=osi&th=1&psc=1">View Product</a></div><div class="product"><a href="https://www.amazon.com/dp/B0CJ7ZVDZR?tag=eloabder-20&linkCode=osi&th=1&psc=1"><img src="https://m.media-amazon.com/images/I/51bMtBk0LHL._SL500_.jpg" alt="Product Image"></a><p>MAREE Hair Styling Serum for Frizzy & Dry Hair - Keratin Styling & Moisturizing Oil Capsules with Avocado, Jojoba & Argan Oil - Leave-in Anti Frizz Conditioner with Vitamins A, C, E & B5-30 Capsules</p><p>$17.95 ($5.61 / Fl Oz)</p><a href="https://www.amazon.com/dp/B0CJ7ZVDZR?tag=eloabder-20&linkCode=osi&th=1&psc=1">View Product</a></div><div class="product"><a href="https://www.amazon.com/dp/B07GSZYLGJ?tag=eloabder-20&linkCode=osi&th=1&psc=1"><img src="https://m.media-amazon.com/images/I/41e6dzzvKtL._SL500_.jpg" alt="Product Image"></a><p>HUSSELL Bali Secret Hair Treatment Serum - no Rinse with Argan Macadamia & Avocado Oils - Vitamins A, E, Pro B5 - Conditioner for Women & Men</p><p>$24.75 ($0.62 / Fl Oz)</p><a href="https://www.amazon.com/dp/B07GSZYLGJ?tag=eloabder-20&linkCode=osi&th=1&psc=1">View Product</a></div><div class="product"><a href="https://www.amazon.com/dp/B000P9DS4Q?tag=eloabder-20&linkCode=osi&th=1&psc=1"><img src="https://m.media-amazon.com/images/I/31m7be8mSHL._SL500_.jpg" alt="Product Image"></a><p>John Frieda Anti Frizz, Frizz Ease Extra Strength Hair Serum with Argan Oil, Anti-Humidity Spray for Hair, Nourishing Treatment for Thick, Coarse Hair, 1.69 Oz</p><p>$10.05 ($5.95 / Fl Oz)</p><a href="https://www.amazon.com/dp/B000P9DS4Q?tag=eloabder-20&linkCode=osi&th=1&psc=1">View Product</a></div><div class="product"><a href="https://www.amazon.com/dp/B01456DJ66?tag=eloabder-20&linkCode=osi&th=1&psc=1"><img src="https://m.media-amazon.com/images/I/41hciQXaA0L._SL500_.jpg" alt="Product Image"></a><p>Vitamins Keratin Protein Hair Serum - Anti Frizz Control Hair Oil Repair Treatment - Hair Gloss Shine & Heat Protectant for Frizzy Dry Damaged Hair</p><p>$21.98 ($5.17 / Fl Oz)</p><a href="https://www.amazon.com/dp/B01456DJ66?tag=eloabder-20&linkCode=osi&th=1&psc=1">View Product</a></div>
<div class="product"><a href="https://www.amazon.com/dp/B07VR1NDSQ?tag=eloabder-20&linkCode=osi&th=1&psc=1"><img src="https://m.media-amazon.com/images/I/41z5MLqbvaL._SL500_.jpg" alt="Product Image"></a><p>Olaplex No. 7 Bonding Oil, Concentrated High Shine Oil, Heat Protectant, Visibly Smooths & Softens Hair, Added Color Vibrancy, Up to 72 Hour Frizz Control, For All Hair Types, 1 fl oz</p><p>$30.00 ($29.70 / Fl Oz)</p><a href="https://www.amazon.com/dp/B07VR1NDSQ?tag=eloabder-20&linkCode=osi&th=1&psc=1">View Product</a></div><div class="product"><a href="https://www.amazon.com/dp/B07N7PK9QK?tag=eloabder-20&linkCode=osi&th=1&psc=1"><img src="https://m.media-amazon.com/images/I/416K3ahcJsL._SL500_.jpg" alt="Product Image"></a><p>Mielle Organics Rosemary Mint Scalp & Hair Strengthening Oil for All Hair Types, 2 Ounce</p><p>$9.50 ($4.75 / Fl Oz)</p><a href="https://www.amazon.com/dp/B07N7PK9QK?tag=eloabder-20&linkCode=osi&th=1&psc=1">View Product</a></div><div class="product"><a href="https://www.amazon.com/dp/B0048EZNR4?tag=eloabder-20&linkCode=osi&th=1&psc=1"><img src="https://m.media-amazon.com/images/I/41TwEUHYLCL._SL500_.jpg" alt="Product Image"></a><p>OGX Renewing + Argan Oil of Morocco Penetrating Hair Oil Treatment, Moisturizing & Strengthening Silky Oil for All Hair Types, Paraben-Free, Sulfated-Surfactants Free, 3.3 fl oz</p><p>$7.97 ($2.42 / Fl Oz)</p><a href="https://www.amazon.com/dp/B0048EZNR4?tag=eloabder-20&linkCode=osi&th=1&psc=1">View Product</a></div><div class="product"><a href="https://www.amazon.com/dp/B01MFXDAL8?tag=eloabder-20&linkCode=osi&th=1&psc=1"><img src="https://m.media-amazon.com/images/I/314VC8Iug2L._SL500_.jpg" alt="Product Image"></a><p>OUAI Hair Oil - Hair Heat Protectant Oil for Frizz Control - Adds Hair Shine and Smooths Split Ends - Color Safe Formula - Paraben, Phthalate and Sulfate Free (1.5 oz)</p><p>$30.00 ($20.00 / Fl Oz)</p><a href="https://www.amazon.com/dp/B01MFXDAL8?tag=eloabder-20&linkCode=osi&th=1&psc=1">View Product</a></div><div class="product"><a href="https://www.amazon.com/dp/B005DYJZ7M?tag=eloabder-20&linkCode=osi&th=1&psc=1"><img src="https://m.media-amazon.com/images/I/51NE8LO8FaL._SL500_.jpg" alt="Product Image"></a><p>OGX Extra Strength Argan Oil Hair Treatment, 3.3 fl oz - Deep Moisturizing Serum for Dry, Damaged & Coarse Hair, Paraben & Sulfate-Free</p><p>$7.97 ($2.42 / Fl Oz)</p><a href="https://www.amazon.com/dp/B005DYJZ7M?tag=eloabder-20&linkCode=osi&th=1&psc=1">View Product</a></div><div class="product"><a href="https://www.amazon.com/dp/B000V8MTIC?tag=eloabder-20&linkCode=osi&th=1&psc=1"><img src="https://m.media-amazon.com/images/I/41Y-cvRBYHL._SL500_.jpg" alt="Product Image"></a><p>Wild Growth Hair Oil 4 Oz</p><p>$9.44 ($2.36 / Fl Oz)</p><a href="https://www.amazon.com/dp/B000V8MTIC?tag=eloabder-20&linkCode=osi&th=1&psc=1">View Product</a></div><div class="product"><a href="https://www.amazon.com/dp/B0CNFF26B4?tag=eloabder-20&linkCode=osi&th=1&psc=1"><img src="https://m.media-amazon.com/images/I/61IXl4BycFL._SL500_.jpg" alt="Product Image"></a><p>Nexxus Ultra Lightweight Hair Oil Repair & Nourish for Intense Nourishment with StyleProtect Technology & Rose of Jericho Oil 4 oz</p><p>$13.18 ($3.99 / Fl Oz)</p><a href="https://www.amazon.com/dp/B0CNFF26B4?tag=eloabder-20&linkCode=osi&th=1&psc=1">View Product</a></div><div class="product"><a href="https://www.amazon.com/dp/B0D2RSCZBD?tag=eloabder-20&linkCode=osi&th=1&psc=1"><img src="https://m.media-amazon.com/images/I/41YHvQncEYL._SL500_.jpg" alt="Product Image"></a><p>Botanic Hearth 100% Pure Rosemary Oil For Hair Growth Infused With Biotin | Hair strengthening Treatment | Nourishing & Volumizing | With Jojoba Oil & Castor Oil | Non GMO Verified | 2 fl oz</p><p>$8.49 ($4.24 / Fl Oz)</p><a href="https://www.amazon.com/dp/B0D2RSCZBD?tag=eloabder-20&linkCode=osi&th=1&psc=1">View Product</a></div>
<div class="product"><a href="https://www.amazon.com/dp/B076FHJ3K5?tag=eloabder-20&linkCode=osi&th=1&psc=1"><img src="https://m.media-amazon.com/images/I/31QAqxeYpoL._SL500_.jpg" alt="Product Image"></a><p>Marc Anthony Leave-In Conditioner Spray & Detangler, Grow Long Biotin - Anti-Frizz Deep Conditioner For Split Ends & Breakage - Vitamin E, Caffeine & Ginseng for Curly, Dry & Damaged Hair</p><p>$7.67 ($0.91 / Fl Oz)</p><a href="https://www.amazon.com/dp/B076FHJ3K5?tag=eloabder-20&linkCode=osi&th=1&psc=1">View Product</a></div><div class="product"><a href="https://www.amazon.com/dp/B078PJCVSQ?tag=eloabder-20&linkCode=osi&th=1&psc=1"><img src="https://m.media-amazon.com/images/I/41emTjMLCbL._SL500_.jpg" alt="Product Image"></a><p>Garnier Fructis Sleek & Shine Leave-In Conditioning Cream for Frizzy, Dry Hair, Plant Keratin + Argan Oil, 10.2 Fl Oz, 2 Count (Packaging May Vary)</p><p>$8.69 ($4.34 / Count)</p><a href="https://www.amazon.com/dp/B078PJCVSQ?tag=eloabder-20&linkCode=osi&th=1&psc=1">View Product</a></div><div class="product"><a href="https://www.amazon.com/dp/B075PTHVKN?tag=eloabder-20&linkCode=osi&th=1&psc=1"><img src="https://m.media-amazon.com/images/I/41er29CRVVL._SL500_.jpg" alt="Product Image"></a><p>Mielle Organics Pomegranate & Honey Leave-In Conditioner, Moisturizing Curl Primer and Detangler, Repair Damage and Prevent Frizz, Treatment For Thick Curly Hair Type 4 Hair, 12-Fluid Ounces</p><p>$12.95 ($1.08 / Fl Oz)</p><a href="https://www.amazon.com/dp/B075PTHVKN?tag=eloabder-20&linkCode=osi&th=1&psc=1">View Product</a></div><div class="product"><a href="https://www.amazon.com/dp/B0BPR45NX4?tag=eloabder-20&linkCode=osi&th=1&psc=1"><img src="https://m.media-amazon.com/images/I/41ZvxMh2+ML._SL500_.jpg" alt="Product Image"></a><p>Mielle Organics Rosemary Mint Strengthening Leave-In Conditioner, Supports Hair Strength, Smooth Conditioner for Dry and Crinkled Hair, Weightless Hair Treatment</p><p>$9.97 ($0.83 / Fl Oz)</p><a href="https://www.amazon.com/dp/B0BPR45NX4?tag=eloabder-20&linkCode=osi&th=1&psc=1">View Product</a></div><div class="product"><a href="https://www.amazon.com/dp/B0899C98ZD?tag=eloabder-20&linkCode=osi&th=1&psc=1"><img src="https://m.media-amazon.com/images/I/3140FuOEnHL._SL500_.jpg" alt="Product Image"></a><p>Pureology Color Fanatic Leave-in Conditioner Hair Treatment Detangler Spray | Protects Hair Color From Fading | Heat Protectant | Vegan | 6.7 Fl Oz</p><p>$35.00 ($5.22 / Fl Oz)</p><a href="https://www.amazon.com/dp/B0899C98ZD?tag=eloabder-20&linkCode=osi&th=1&psc=1">View Product</a></div><div class="product"><a href="https://www.amazon.com/dp/B002FJ11UW?tag=eloabder-20&linkCode=osi&th=1&psc=1"><img src="https://m.media-amazon.com/images/I/31-cZPtTWFL._SL500_.jpg" alt="Product Image"></a><p>Tea Tree Hair and Body Moisturizer Leave-In Conditioner, Body Lotion, After-Shave Cream, For All Hair + Skin Types, 10.14 fl. oz.</p><p>$22.00 ($2.17 / Fl Oz)</p><a href="https://www.amazon.com/dp/B002FJ11UW?tag=eloabder-20&linkCode=osi&th=1&psc=1">View Product</a></div><div class="product"><a href="https://www.amazon.com/dp/B07B895KND?tag=eloabder-20&linkCode=osi&th=1&psc=1"><img src="https://m.media-amazon.com/images/I/21VKaJcT2wL._SL500_.jpg" alt="Product Image"></a><p>OUAI Leave In Conditioner & Heat Protectant Spray - Prime Hair for Style, Smooth Flyaways, Add Shine and Use as Detangling Spray - No Parabens, Sulfates or Phthalates (4.7 oz)</p><p>$29.99 ($6.38 / Ounce)</p><a href="https://www.amazon.com/dp/B07B895KND?tag=eloabder-20&linkCode=osi&th=1&psc=1">View Product</a></div><div class="product"><a href="https://www.amazon.com/dp/B09HN5ZF8C?tag=eloabder-20&linkCode=osi&th=1&psc=1"><img src="https://m.media-amazon.com/images/I/31p+j7QXuqL._SL500_.jpg" alt="Product Image"></a><p>L’Oréal Paris Sulfate Free Moisture 21-in-1 Leave-In Conditioner for Dry Hair, EverPure, 6.8 fl oz (Packaging May Vary)</p><p>$9.97 ($1.47 / Fl Oz)</p><a href="https://www.amazon.com/dp/B09HN5ZF8C?tag=eloabder-20&linkCode=osi&th=1&psc=1">View Product</a></div><div class="product"><a href="https://www.amazon.com/dp/B07NQLWYXW?tag=eloabder-20&linkCode=osi&th=1&psc=1"><img src="https://m.media-amazon.com/images/I/61gQFsuQ1DL._SL500_.jpg" alt="Product Image"></a><p>SheaMoisture Jamaican Black Castor Oil Leave In Conditioner For Damaged Hair 100% Pure Jamaican Black Castor Oil To Soften And Detangle Hair 11.5oz</p><p>$10.97 ($0.95 / Ounce)</p><a href="https://www.amazon.com/dp/B07NQLWYXW?tag=eloabder-20&linkCode=osi&th=1&psc=1">View Product</a></div><div class="product"><a href="https://www.amazon.com/dp/B01LTIAUAG?tag=eloabder-20&linkCode=osi&th=1&psc=1"><img src="https://m.media-amazon.com/images/I/414cIBskUjL._SL500_.jpg" alt="Product Image"></a><p>Cantu Leave-In Conditioning Repair Cream with Argan Oil, 16 oz (Packaging May Vary)</p><p>$6.48 ($0.40 / Ounce)</p><a href="https://www.amazon.com/dp/B01LTIAUAG?tag=eloabder-20&linkCode=osi&th=1&psc=1">View Product</a></div>
<div class="product"><a href="https://www.amazon.com/dp/B00ID1A5TO?tag=eloabder-20&linkCode=osi&th=1&psc=1"><img src="https://m.media-amazon.com/images/I/31QKv7QMILL._SL500_.jpg" alt="Product Image"></a><p>L'Oréal Paris Advanced Hairstyle Sleek It Iron Straight Heat Spray, 5.7 Ounce</p><p>$6.97 ($1.22 / Fl Oz)</p><a href="https://www.amazon.com/dp/B00ID1A5TO?tag=eloabder-20&linkCode=osi&th=1&psc=1">View Product</a></div><div class="product"><a href="https://www.amazon.com/dp/B075FBD7CM?tag=eloabder-20&linkCode=osi&th=1&psc=1"><img src="https://m.media-amazon.com/images/I/31DT9mg1TBL._SL500_.jpg" alt="Product Image"></a><p>Moroccanoil Perfect Defense Heat Protectant, 6 Fl. Oz.</p><p>$30.00 ($5.00 / Ounce)</p><a href="https://www.amazon.com/dp/B075FBD7CM?tag=eloabder-20&linkCode=osi&th=1&psc=1">View Product</a></div><div class="product"><a href="https://www.amazon.com/dp/B004452DPM?tag=eloabder-20&linkCode=osi&th=1&psc=1"><img src="https://m.media-amazon.com/images/I/31+Syj8lOHL._SL500_.jpg" alt="Product Image"></a><p>CHI 44 Iron Guard Thermal Protection Spray, Nourishing Formula Helps Resist Heat Damage to Hair & Tame Frizz, 2 Oz</p><p>$6.99 ($3.50 / Fl Oz)</p><a href="https://www.amazon.com/dp/B004452DPM?tag=eloabder-20&linkCode=osi&th=1&psc=1">View Product</a></div><div class="product"><a href="https://www.amazon.com/dp/B0752KMDQB?tag=eloabder-20&linkCode=osi&th=1&psc=1"><img src="https://m.media-amazon.com/images/I/31kygOyDdnL._SL500_.jpg" alt="Product Image"></a><p>Mielle Mongongo Oil Thermal & Heat Protectant Spray, Protects Hair from Heat Damage, Intense Heat Defense, Curl Pattern Protection, Safe for All Hair Types, 4 Ounce</p><p>$9.97 ($2.49 / Fl Oz)</p><a href="https://www.amazon.com/dp/B0752KMDQB?tag=eloabder-20&linkCode=osi&th=1&psc=1">View Product</a></div><div class="product"><a href="https://www.amazon.com/dp/B06XFVBVQ5?tag=eloabder-20&linkCode=osi&th=1&psc=1"><img src="https://m.media-amazon.com/images/I/31kIW3-nG0L._SL500_.jpg" alt="Product Image"></a><p>Eva NYC Mane Magic 10-in-1 Primer, Heat Protectant for Hair, Infused with Sunflower Seed and Argan Oil for Hair, Sulfate, Paraben & Phthalate Free, 5.4 fl oz</p><p>$12.57 ($2.33 / Fl Oz)</p><a href="https://www.amazon.com/dp/B06XFVBVQ5?tag=eloabder-20&linkCode=osi&th=1&psc=1">View Product</a></div><div class="product"><a href="https://www.amazon.com/dp/B08HDS8GW1?tag=eloabder-20&linkCode=osi&th=1&psc=1"><img src="https://m.media-amazon.com/images/I/317MYEuzMbS._SL500_.jpg" alt="Product Image"></a><p>L'Oreal Paris Elvive Dream Lengths Heat Slayer Pre-Iron Spray Leave-In, 4.4 Ounce</p><p>$7.97 ($1.81 / Fl Oz)</p><a href="https://www.amazon.com/dp/B08HDS8GW1?tag=eloabder-20&linkCode=osi&th=1&psc=1">View Product</a></div><div class="product"><a href="https://www.amazon.com/dp/B0CX6M8B71?tag=eloabder-20&linkCode=osi&th=1&psc=1"><img src="https://m.media-amazon.com/images/I/21VMI5jkDHL._SL500_.jpg" alt="Product Image"></a><p>Hairitage Heat Protectant Spray - Up to 450 Degree Protection + Hydrates + Strengthens Hair - For All Hair Types</p><p>$8.94 ($1.49 / Fl Oz)</p><a href="https://www.amazon.com/dp/B0CX6M8B71?tag=eloabder-20&linkCode=osi&th=1&psc=1">View Product</a></div><div class="product"><a href="https://www.amazon.com/dp/B07H3GCMFG?tag=eloabder-20&linkCode=osi&th=1&psc=1"><img src="https://m.media-amazon.com/images/I/41OXeqapQaL._SL500_.jpg" alt="Product Image"></a><p>amika blockade heat defense serum , 1.69 Fl Oz (Pack of 1)</p><p>$28.00 ($16.47 / Ounce)</p><a href="https://www.amazon.com/dp/B07H3GCMFG?tag=eloabder-20&linkCode=osi&th=1&psc=1">View Product</a></div><div class="product"><a href="https://www.amazon.com/dp/B07HCMHVCW?tag=eloabder-20&linkCode=osi&th=1&psc=1"><img src="https://m.media-amazon.com/images/I/315xZEjPlJS._SL500_.jpg" alt="Product Image"></a><p>Drybar Hot Toddy Heat Protectant Mist Blanc Scent - Full Size| Lightweight Heat Protectant for Hair protects from Heat & Styling with Curling, Straightening and Styling Irons</p><p>$29.00 ($6.30 / Ounce)</p><a href="https://www.amazon.com/dp/B07HCMHVCW?tag=eloabder-20&linkCode=osi&th=1&psc=1">View Product</a></div><div class="product"><a href="https://www.amazon.com/dp/B0CN9N41R2?tag=eloabder-20&linkCode=osi&th=1&psc=1"><img src="https://m.media-amazon.com/images/I/61Y+AIRsnNL._SL500_.jpg" alt="Product Image"></a><p>Nexxus Heat Defense Spray Prep & Protect for 450 degree heat protection, with StyleProtect Technology 6 oz</p><p>$13.64 ($2.27 / Fl Oz)</p><a href="https://www.amazon.com/dp/B0CN9N41R2?tag=eloabder-20&linkCode=osi&th=1&psc=1">View Product</a></div>

<div class="product"><a href="https://www.amazon.com/dp/B08GSTPT8Y?tag=eloabder-20&linkCode=osi&th=1&psc=1"><img src="https://m.media-amazon.com/images/I/41sX+hKcbML._SL500_.jpg" alt="Product Image"></a><p>AOA Studio Collection makeup Sponge Set Latex Free and High-definition Set of 6 makeup Wonder blender For Powder Cream and Liquid, Super Soft Wonder Beauty Cosmetic</p><p>$9.95 ($1.66 / Count)</p><a href="https://www.amazon.com/dp/B08GSTPT8Y?tag=eloabder-20&linkCode=osi&th=1&psc=1">View Product</a></div><div class="product"><a href="https://www.amazon.com/dp/B0CJFFR574?tag=eloabder-20&linkCode=osi&th=1&psc=1"><img src="https://m.media-amazon.com/images/I/41nkQ05yLcL._SL500_.jpg" alt="Product Image"></a><p>SUNGBOON EDITOR Deep Collagen Overnight Mask 37gx4ea | The real collagen 2,160,000ppb | Facial Hydrogel Masks with low molecular weight collagen for elasticity, firming, and moisturizing</p><p>$19.00 ($4.75 / Count)</p><a href="https://www.amazon.com/dp/B0CJFFR574?tag=eloabder-20&linkCode=osi&th=1&psc=1">View Product</a></div><div class="product"><a href="https://www.amazon.com/dp/B0C4H1GPG1?tag=eloabder-20&linkCode=osi&th=1&psc=1"><img src="https://m.media-amazon.com/images/I/41jyzyKyY2L._SL500_.jpg" alt="Product Image"></a><p>BEAKEY Latex Free Blender Makeup Sponge for Blending, Pink Makeup Sponge Set, Soft Beauty Sponge, for Flawless Application of Liquid, Cream, and Powder Cosmetics, Pink Makeup Gifts</p><p>$6.99 ($1.40 / Count)</p><a href="https://www.amazon.com/dp/B0C4H1GPG1?tag=eloabder-20&linkCode=osi&th=1&psc=1">View Product</a></div><div class="product"><a href="https://www.amazon.com/dp/B0B45LL4DD?tag=eloabder-20&linkCode=osi&th=1&psc=1"><img src="https://m.media-amazon.com/images/I/31ZNIWikbtL._SL500_.jpg" alt="Product Image"></a><p>Beauty of Joseon Revive Eye Serum with Retinal Niacinamide Correction for Puffy Eye Bags Fine Lines Dark Circles Wrinkles, Korean Skin Care 30ml, 1 fl.oz</p><p>$14.93 ($14.93 / Fl Oz)</p><a href="https://www.amazon.com/dp/B0B45LL4DD?tag=eloabder-20&linkCode=osi&th=1&psc=1">View Product</a></div><div class="product"><a href="https://www.amazon.com/dp/B00PBX3L7K?tag=eloabder-20&linkCode=osi&th=1&psc=1"><img src="https://m.media-amazon.com/images/I/31OiAm-FA8L._SL500_.jpg" alt="Product Image"></a><p>COSRX Snail Mucin 96% Power Repairing Essence 3.38 fl.oz 100ml, Hydrating Serum for Face with Snail Secretion Filtrate for Dull Skin & Fine Lines, Korean Skincare</p><p>$14.50 ($4.29 / Fl Oz)</p><a href="https://www.amazon.com/dp/B00PBX3L7K?tag=eloabder-20&linkCode=osi&th=1&psc=1">View Product</a></div><div class="product"><a href="https://www.amazon.com/dp/B00QPNVC0I?tag=eloabder-20&linkCode=osi&th=1&psc=1"><img src="https://m.media-amazon.com/images/I/31wV3gYUEpL._SL500_.jpg" alt="Product Image"></a><p>Real Techniques Miracle Complexion Sponge Set Duo, 2 Makeup Sponges For Liquid & Cream Makeup, Makeup Blender Sponge For Buildable Coverage, Foundation Sponge For Natural, Dewy Base, Latex-Free Foam</p><p>$7.69 ($3.84 / Count)</p><a href="https://www.amazon.com/dp/B00QPNVC0I?tag=eloabder-20&linkCode=osi&th=1&psc=1">View Product</a></div><div class="product"><a href="https://www.amazon.com/dp/B0CZYJYX4Q?tag=eloabder-20&linkCode=osi&th=1&psc=1"><img src="https://m.media-amazon.com/images/I/31hNatkE-9L._SL500_.jpg" alt="Product Image"></a><p>LANEIGE Lip Glowy Balm Mango: Hydrate, Glossy, Lightweight, Moisturize & Tint with Shea Butter</p><p>$19.00 ($54.29 / Ounce)</p><a href="https://www.amazon.com/dp/B0CZYJYX4Q?tag=eloabder-20&linkCode=osi&th=1&psc=1">View Product</a></div><div class="product"><a href="https://www.amazon.com/dp/B0CXQR14J3?tag=eloabder-20&linkCode=osi&th=1&psc=1"><img src="https://m.media-amazon.com/images/I/31RRaB6c+JL._SL500_.jpg" alt="Product Image"></a><p>e.l.f. Power Grip Dewy Setting Spray, Ultra Fine Mist Made With Hyaluronic Acid, Grips Makeup For A Hydrated, Dewy Finish, Vegan & Cruelty-Free</p><p>$10.00 ($3.70 / Fl Oz)</p><a href="https://www.amazon.com/dp/B0CXQR14J3?tag=eloabder-20&linkCode=osi&th=1&psc=1">View Product</a></div><div class="product"><a href="https://www.amazon.com/dp/B0CZF2T7CK?tag=eloabder-20&linkCode=osi&th=1&psc=1"><img src="https://m.media-amazon.com/images/I/41nBLpIw8wL._SL500_.jpg" alt="Product Image"></a><p>L'Oreal Paris Infallible 3-Second Setting Spray Mist, Microfine Mist for up to 36HR Wear, Clear, 1.76 Fl Oz</p><p>$10.98</p><a href="https://www.amazon.com/dp/B0CZF2T7CK?tag=eloabder-20&linkCode=osi&th=1&psc=1">View Product</a></div>
<div class="product"><a href="https://www.amazon.com/dp/B0D3JDYWZ6?tag=eloabder-20&linkCode=osi&th=1&psc=1"><img src="https://m.media-amazon.com/images/I/41c+v1LLXzL._SL500_.jpg" alt="Product Image"></a><p>e.l.f. Soft Glam Foundation, Medium Coverage, Long-Lasting & Buildable Foundation For A Smooth, Satin Finish, Vegan & Cruelty-Free, 31 Medium Neutral</p><p>$7.99</p><a href="https://www.amazon.com/dp/B0D3JDYWZ6?tag=eloabder-20&linkCode=osi&th=1&psc=1">View Product</a></div><div class="product"><a href="https://www.amazon.com/dp/B00PFCSURS?tag=eloabder-20&linkCode=osi&th=1&psc=1"><img src="https://m.media-amazon.com/images/I/41v54YdLHSL._SL500_.jpg" alt="Product Image"></a><p>Maybelline Fit Me Matte + Poreless Liquid Oil-Free Foundation Makeup, Natural Beige, 1 Count (Packaging May Vary)</p><p>$9.99</p><a href="https://www.amazon.com/dp/B00PFCSURS?tag=eloabder-20&linkCode=osi&th=1&psc=1">View Product</a></div><div class="product"><a href="https://www.amazon.com/dp/B07DFK238H?tag=eloabder-20&linkCode=osi&th=1&psc=1"><img src="https://m.media-amazon.com/images/I/31mAhNJ+4hL._SL500_.jpg" alt="Product Image"></a><p>e.l.f. Flawless Finish Foundation, Lightweight & Medium Coverage, Semi-Matte Finish, Light Ivory, 0.68 Fl Oz (20mL)</p><p>$6.00</p><a href="https://www.amazon.com/dp/B07DFK238H?tag=eloabder-20&linkCode=osi&th=1&psc=1">View Product</a></div><div class="product"><a href="https://www.amazon.com/dp/B01ACPW1SG?tag=eloabder-20&linkCode=osi&th=1&psc=1"><img src="https://m.media-amazon.com/images/I/41aIRzbHxNL._SL500_.jpg" alt="Product Image"></a><p>CoverGirl & Olay Simply Ageless 3-in-1 Liquid Foundation, Matte Finish, Hyaluronic & Vitamin C Formula, Cruelty Free, Classic Ivory, 1 Count</p><p>$10.49</p><a href="https://www.amazon.com/dp/B01ACPW1SG?tag=eloabder-20&linkCode=osi&th=1&psc=1">View Product</a></div><div class="product"><a href="https://www.amazon.com/dp/B000IEMGGE?tag=eloabder-20&linkCode=osi&th=1&psc=1"><img src="https://m.media-amazon.com/images/I/41RtSkNmHSL._SL500_.jpg" alt="Product Image"></a><p>LAURA GELLER NEW YORK Award-Winning Baked Balance-n-Brighten Color Correcting Powder Foundation - Fair - Buildable Light to Medium Coverage - Demi-Matte Natural Finish</p><p>$22.13</p><a href="https://www.amazon.com/dp/B000IEMGGE?tag=eloabder-20&linkCode=osi&th=1&psc=1">View Product</a></div><div class="product"><a href="https://www.amazon.com/dp/B0BCH5WVW6?tag=eloabder-20&linkCode=osi&th=1&psc=1"><img src="https://m.media-amazon.com/images/I/31wajekqpGL._SL500_.jpg" alt="Product Image"></a><p>L'Oreal Paris True Match Super-Blendable Foundation, Medium Coverage Liquid Foundation Makeup, N4, Light Medium, 1 Fl Oz</p><p>$9.97</p><a href="https://www.amazon.com/dp/B0BCH5WVW6?tag=eloabder-20&linkCode=osi&th=1&psc=1">View Product</a></div><div class="product"><a href="https://www.amazon.com/dp/B07MWSP8SG?tag=eloabder-20&linkCode=osi&th=1&psc=1"><img src="https://m.media-amazon.com/images/I/31B37fmqI7L._SL500_.jpg" alt="Product Image"></a><p>e.l.f. Flawless Finish Foundation, Improves Uneven Skin Tone, Lightweight, Medium Coverage & Semi-Matte, Vegan & Cruelty-Free, Beige 0.67 Fl Oz</p><p>$6.00</p><a href="https://www.amazon.com/dp/B07MWSP8SG?tag=eloabder-20&linkCode=osi&th=1&psc=1">View Product</a></div><div class="product"><a href="https://www.amazon.com/dp/B091D8BXSQ?tag=eloabder-20&linkCode=osi&th=1&psc=1"><img src="https://m.media-amazon.com/images/I/31ktknDTqTL._SL500_.jpg" alt="Product Image"></a><p>L'Oreal Paris True Match Nude Hyaluronic Tinted Serum Foundation with 1% Hyaluronic acid, Light 2-3, 1 fl. oz.</p><p>$15.18</p><a href="https://www.amazon.com/dp/B091D8BXSQ?tag=eloabder-20&linkCode=osi&th=1&psc=1">View Product</a></div><div class="product"><a href="https://www.amazon.com/dp/B07Z9WBHXK?tag=eloabder-20&linkCode=osi&th=1&psc=1"><img src="https://m.media-amazon.com/images/I/31c2z97BuBL._SL500_.jpg" alt="Product Image"></a><p>L'Oreal Paris Age Perfect Radiant Serum Foundation with SPF 50, Ivory, 1 fl. oz.</p><p>$14.17</p><a href="https://www.amazon.com/dp/B07Z9WBHXK?tag=eloabder-20&linkCode=osi&th=1&psc=1">View Product</a></div><div class="product"><a href="https://www.amazon.com/dp/B09LCGN136?tag=eloabder-20&linkCode=osi&th=1&psc=1"><img src="https://m.media-amazon.com/images/I/4107EiwloYL._SL500_.jpg" alt="Product Image"></a><p>TIRTIR Mask Fit Red Cushion Foundation | Japan's No.1 Choice for Glass skin, Long-Lasting, Lightweight, Buildable Coverage, Semi-Matte (17C Porcelain, 0.63 Fl Oz (Pack of 1))</p><p>$25.00 ($39.68 / Fl Oz)</p><a href="https://www.amazon.com/dp/B09LCGN136?tag=eloabder-20&linkCode=osi&th=1&psc=1">View Product</a></div>
<div class="product"><a href="https://www.amazon.com/dp/B07Q9V4KMJ?tag=eloabder-20&linkCode=osi&th=1&psc=1"><img src="https://m.media-amazon.com/images/I/31pro1JWTCL._SL500_.jpg" alt="Product Image"></a><p>Maybelline Instant Age Rewind Eraser Dark Circles Treatment Multi-Use Concealer, 115, 1 Count (Packaging May Vary)</p><p>$8.42</p><a href="https://www.amazon.com/dp/B07Q9V4KMJ?tag=eloabder-20&linkCode=osi&th=1&psc=1">View Product</a></div><div class="product"><a href="https://www.amazon.com/dp/B07ZR14WBZ?tag=eloabder-20&linkCode=osi&th=1&psc=1"><img src="https://m.media-amazon.com/images/I/313ljymBVaL._SL500_.jpg" alt="Product Image"></a><p>e.l.f. Hydrating Camo Concealer, Lightweight, Full Coverage, Long Lasting, Conceals, Corrects, Covers, Hydrates, Highlights, Light Sand, Satin Finish, 25 Shades, All-Day Wear, 0.20 Fl Oz</p><p>$7.00</p><a href="https://www.amazon.com/dp/B07ZR14WBZ?tag=eloabder-20&linkCode=osi&th=1&psc=1">View Product</a></div><div class="product"><a href="https://www.amazon.com/dp/B0046VJV36?tag=eloabder-20&linkCode=osi&th=1&psc=1"><img src="https://m.media-amazon.com/images/I/31-ZFCLgLcL._SL500_.jpg" alt="Product Image"></a><p>Maybelline New York Fit Me Liquid Concealer Makeup, Natural Coverage, Lightweight, Conceals, Covers Oil-Free, Fair, 1 Count (Packaging May Vary)</p><p>$6.31</p><a href="https://www.amazon.com/dp/B0046VJV36?tag=eloabder-20&linkCode=osi&th=1&psc=1">View Product</a></div><div class="product"><a href="https://www.amazon.com/dp/B07ZR1CQHS?tag=eloabder-20&linkCode=osi&th=1&psc=1"><img src="https://m.media-amazon.com/images/I/31s0zWRX+4L._SL500_.jpg" alt="Product Image"></a><p>e.l.f. 16HR Camo Concealer, Full Coverage, Highly Pigmented Concealer With Matte Finish, Crease-proof, Vegan & Cruelty-Free, Light Ivory, 0.203 Fl Oz</p><p>$7.00</p><a href="https://www.amazon.com/dp/B07ZR1CQHS?tag=eloabder-20&linkCode=osi&th=1&psc=1">View Product</a></div><div class="product"><a href="https://www.amazon.com/dp/B0814SLHQH?tag=eloabder-20&linkCode=osi&th=1&psc=1"><img src="https://m.media-amazon.com/images/I/312GW4aGnRL._SL500_.jpg" alt="Product Image"></a><p>Neutrogena Healthy Skin Radiant Brightening Cream Concealer with Peptides & Vitamin E Antioxidant,Lightweight Perfecting Concealer,Non-Comedogenic,Bisque Light/Medium 02 neutral undertones,0.24 oz</p><p>$5.62</p><a href="https://www.amazon.com/dp/B0814SLHQH?tag=eloabder-20&linkCode=osi&th=1&psc=1">View Product</a></div><div class="product"><a href="https://www.amazon.com/dp/B007MJKHPA?tag=eloabder-20&linkCode=osi&th=1&psc=1"><img src="https://m.media-amazon.com/images/I/31ljSDY5P1L._SL500_.jpg" alt="Product Image"></a><p>L.A. Girl Pro Conceal HD Concealer, Creamy Beige, 0.28 Ounce</p><p>$4.97 ($17.75 / Ounce)</p><a href="https://www.amazon.com/dp/B007MJKHPA?tag=eloabder-20&linkCode=osi&th=1&psc=1">View Product</a></div><div class="product"><a href="https://www.amazon.com/dp/B09HNMRQN2?tag=eloabder-20&linkCode=osi&th=1&psc=1"><img src="https://m.media-amazon.com/images/I/31vIe0FIEML._SL500_.jpg" alt="Product Image"></a><p>NYX PROFESSIONAL MAKEUP Bare With Me Concealer Serum, Up To 24Hr Hydration - Vanilla</p><p>$9.00</p><a href="https://www.amazon.com/dp/B09HNMRQN2?tag=eloabder-20&linkCode=osi&th=1&psc=1">View Product</a></div><div class="product"><a href="https://www.amazon.com/dp/B06XQWS1N9?tag=eloabder-20&linkCode=osi&th=1&psc=1"><img src="https://m.media-amazon.com/images/I/31rKumTg1GL._SL500_.jpg" alt="Product Image"></a><p>COVERGIRL Smoothers Concealer, Medium 715, 0.14 ounce (packaging may vary)</p><p>$7.28</p><a href="https://www.amazon.com/dp/B06XQWS1N9?tag=eloabder-20&linkCode=osi&th=1&psc=1">View Product</a></div><div class="product"><a href="https://www.amazon.com/dp/B07H67H5LH?tag=eloabder-20&linkCode=osi&th=1&psc=1"><img src="https://m.media-amazon.com/images/I/31bWoYCj-nL._SL500_.jpg" alt="Product Image"></a><p>L'Oreal Paris Makeup Infallible Full Wear Waterproof Matte Concealer, Full Coverage, Ivory, 0.33 fl. oz.</p><p>$11.45</p><a href="https://www.amazon.com/dp/B07H67H5LH?tag=eloabder-20&linkCode=osi&th=1&psc=1">View Product</a></div><div class="product"><a href="https://www.amazon.com/dp/B0B51NLJWQ?tag=eloabder-20&linkCode=osi&th=1&psc=1"><img src="https://m.media-amazon.com/images/I/31GXqccxM0L._SL500_.jpg" alt="Product Image"></a><p>Fièra Luxury Concealer with Anti-Aging - All Day Coverage for Dark Circles, Fine Lines, Wrinkles & Spots - Neutral Beige, 0.5 Ounce</p><p>$27.00</p><a href="https://www.amazon.com/dp/B0B51NLJWQ?tag=eloabder-20&linkCode=osi&th=1&psc=1">View Product</a></div>
<div class="product"><a href="https://www.amazon.com/dp/B01IM0LVFC?tag=eloabder-20&linkCode=osi&th=1&psc=1"><img src="https://m.media-amazon.com/images/I/31r47BdfjGL._SL500_.jpg" alt="Product Image"></a><p>e.l.f. Prime & Stay Finishing Powder, Sets Makeup, Controls Shine & Smooths Complexion, Sheer, 0.18 Oz (5g)</p><p>$4.00</p><a href="https://www.amazon.com/dp/B01IM0LVFC?tag=eloabder-20&linkCode=osi&th=1&psc=1">View Product</a></div><div class="product"><a href="https://www.amazon.com/dp/B004GC74GG?tag=eloabder-20&linkCode=osi&th=1&psc=1"><img src="https://m.media-amazon.com/images/I/41kZTeBUCSL._SL500_.jpg" alt="Product Image"></a><p>Revlon Face Powder, ColorStay 16 Hour Face Makeup, Longwear Medium- Full Coverage with Flawless Finish, Shine & Oil Free, 880 Translucent, 0.3 Oz</p><p>$9.62</p><a href="https://www.amazon.com/dp/B004GC74GG?tag=eloabder-20&linkCode=osi&th=1&psc=1">View Product</a></div><div class="product"><a href="https://www.amazon.com/dp/B0CPFY5F7P?tag=eloabder-20&linkCode=osi&th=1&psc=1"><img src="https://m.media-amazon.com/images/I/41rYvHbKJ0L._SL500_.jpg" alt="Product Image"></a><p>e.l.f. Primer-Infused Bronzer, Long-Lasting, Lightweight & Buildable Powder Bronzer, Delivers A Matte Finish, Vegan & Cruelty-Free, Catching Rays</p><p>$7.00</p><a href="https://www.amazon.com/dp/B0CPFY5F7P?tag=eloabder-20&linkCode=osi&th=1&psc=1">View Product</a></div><div class="product"><a href="https://www.amazon.com/dp/B0B2VXZRHH?tag=eloabder-20&linkCode=osi&th=1&psc=1"><img src="https://m.media-amazon.com/images/I/41p6UtnQJWL._SL500_.jpg" alt="Product Image"></a><p>bareMinerals Barepro 16HR Skin-Perfecting Powder Foundation, Matte Pressed Powder Foundation Full Coverage with Plant-Based Squalene, Oil Control, Vegan</p><p>$42.00 ($150.00 / Ounce)</p><a href="https://www.amazon.com/dp/B0B2VXZRHH?tag=eloabder-20&linkCode=osi&th=1&psc=1">View Product</a></div><div class="product"><a href="https://www.amazon.com/dp/B0D4752RVV?tag=eloabder-20&linkCode=osi&th=1&psc=1"><img src="https://m.media-amazon.com/images/I/31WKVfT2bML._SL500_.jpg" alt="Product Image"></a><p>Revolution Beauty, Loose Baking Powder, Makeup Setting Powder, Long Lasting Coverage, Mattifies & Reduces Shine, Rose, 1.13 Oz</p><p>$8.00</p><a href="https://www.amazon.com/dp/B0D4752RVV?tag=eloabder-20&linkCode=osi&th=1&psc=1">View Product</a></div><div class="product"><a href="https://www.amazon.com/dp/B0C9LPPJ26?tag=eloabder-20&linkCode=osi&th=1&psc=1"><img src="https://m.media-amazon.com/images/I/51iWoZ-wkuL._SL500_.jpg" alt="Product Image"></a><p>AZUREBEAUTY 42 Pcs Dip Nails Powder Starter Kit, 32 Hot Pink Blue Purple Color Changing Spring Dipping Powder Liquid Set with Base Coat/Top Coat/Activator for French Manicure Salon DIY.</p><p>$19.99 ($19.99 / Count)</p><a href="https://www.amazon.com/dp/B0C9LPPJ26?tag=eloabder-20&linkCode=osi&th=1&psc=1">View Product</a></div><div class="product"><a href="https://www.amazon.com/dp/B0D2N1SZ9V?tag=eloabder-20&linkCode=osi&th=1&psc=1"><img src="https://m.media-amazon.com/images/I/41Ogu3bO7hL._SL500_.jpg" alt="Product Image"></a><p>Artdone Chrome Nail Powder Magic White Pearl Kit Mirror Effect Silver Metallic Holographic Dip Nail Powder For Resin Craft & Nail Art Decoration Iridescent Aurora Mermaid Pigment</p><p>$3.99 ($28.28 / Ounce)</p><a href="https://www.amazon.com/dp/B0D2N1SZ9V?tag=eloabder-20&linkCode=osi&th=1&psc=1">View Product</a></div><div class="product"><a href="https://www.amazon.com/dp/B0D19YQWSX?tag=eloabder-20&linkCode=osi&th=1&psc=1"><img src="https://m.media-amazon.com/images/I/21GbGbhBFWL._SL500_.jpg" alt="Product Image"></a><p>NYX PROFESSIONAL MAKEUP Brow Powder Louder Eyebrow Pencil, Brow Pencil with Buildable Volume For Up To 12HR Wear, Vegan Formula - Ash Brown</p><p>$6.00</p><a href="https://www.amazon.com/dp/B0D19YQWSX?tag=eloabder-20&linkCode=osi&th=1&psc=1">View Product</a></div><div class="product"><a href="https://www.amazon.com/dp/B00AOU5NVC?tag=eloabder-20&linkCode=osi&th=1&psc=1"><img src="https://m.media-amazon.com/images/I/31eI9oALZzL._SL500_.jpg" alt="Product Image"></a><p>Neutrogena Mineral Sheers Lightweight Loose Powder Makeup Foundation with Vitamins A, C, & E, Sheer to Medium Buildable Coverage, Skin Tone Enhancer, Face Redness Reducer, Nude 40,.19 oz</p><p>$5.72</p><a href="https://www.amazon.com/dp/B00AOU5NVC?tag=eloabder-20&linkCode=osi&th=1&psc=1">View Product</a></div>
<div class="product"><a href="https://www.amazon.com/dp/B07PNCB73M?tag=eloabder-20&linkCode=osi&th=1&psc=1"><img src="https://m.media-amazon.com/images/I/41+KYSFOLML._SL500_.jpg" alt="Product Image"></a><p>Milani Baked Blush - Petal Primavera (0.12 Ounce) Cruelty-Free Powder Blush - Shape, Contour & Highlight Face for a Shimmery or Matte Finish</p><p>$8.97</p><a href="https://www.amazon.com/dp/B07PNCB73M?tag=eloabder-20&linkCode=osi&th=1&psc=1">View Product</a></div><div class="product"><a href="https://www.amazon.com/dp/B0CPFYGNR7?tag=eloabder-20&linkCode=osi&th=1&psc=1"><img src="https://m.media-amazon.com/images/I/31EJvMa7jyL._SL500_.jpg" alt="Product Image"></a><p>e.l.f. Camo Liquid Blush, Long-lasting Liquid Blush For High-pigment Color, Creates A Soft, Dewy Finish, Vegan & Cruelty-free, Dusty Rosé</p><p>$7.00</p><a href="https://www.amazon.com/dp/B0CPFYGNR7?tag=eloabder-20&linkCode=osi&th=1&psc=1">View Product</a></div><div class="product"><a href="https://www.amazon.com/dp/B0CZ5HLDK9?tag=eloabder-20&linkCode=osi&th=1&psc=1"><img src="https://m.media-amazon.com/images/I/41rZu1cS8QL._SL500_.jpg" alt="Product Image"></a><p>NYX PROFESSIONAL MAKEUP Buttermelt Powder Blush, Fade and Transfer-Resistant Blush, Up to 12HR Make Up Wear, Vegan Formula - For The Butta</p><p>$9.97</p><a href="https://www.amazon.com/dp/B0CZ5HLDK9?tag=eloabder-20&linkCode=osi&th=1&psc=1">View Product</a></div><div class="product"><a href="https://www.amazon.com/dp/B06XDNPXD1?tag=eloabder-20&linkCode=osi&th=1&psc=1"><img src="https://m.media-amazon.com/images/I/41IryPTf51L._SL500_.jpg" alt="Product Image"></a><p>Maybelline Fit Me Powder Blush, Lightweight, Smooth, Blendable, Long-lasting All-Day Face Enhancing Makeup Color, Mauve, 1 Count</p><p>$4.62</p><a href="https://www.amazon.com/dp/B06XDNPXD1?tag=eloabder-20&linkCode=osi&th=1&psc=1">View Product</a></div><div class="product"><a href="https://www.amazon.com/dp/B082YPNTZ4?tag=eloabder-20&linkCode=osi&th=1&psc=1"><img src="https://m.media-amazon.com/images/I/41vtXkWXs8L._SL500_.jpg" alt="Product Image"></a><p>wet n wild Color Icon Blush, Effortless Glow & Seamless Blend infused with Luxuriously Smooth Jojoba Oil, Sheer Finish with a Matte Natural Glow, Cruelty-Free & Vegan - Pinch Me Pink</p><p>$3.28</p><a href="https://www.amazon.com/dp/B082YPNTZ4?tag=eloabder-20&linkCode=osi&th=1&psc=1">View Product</a></div><div class="product"><a href="https://www.amazon.com/dp/B0CPFWJJQJ?tag=eloabder-20&linkCode=osi&th=1&psc=1"><img src="https://m.media-amazon.com/images/I/41+GdEwyGqL._SL500_.jpg" alt="Product Image"></a><p>e.l.f. Primer-Infused Matte Blush, Long-Lasting, Lightweight & Buildable Powder Blush, Delivers A Matte Finish, Vegan & Cruelty-Free, Always Crushing</p><p>$7.00</p><a href="https://www.amazon.com/dp/B0CPFWJJQJ?tag=eloabder-20&linkCode=osi&th=1&psc=1">View Product</a></div><div class="product"><a href="https://www.amazon.com/dp/B0B64GX5LN?tag=eloabder-20&linkCode=osi&th=1&psc=1"><img src="https://m.media-amazon.com/images/I/31aZBeyUSsL._SL500_.jpg" alt="Product Image"></a><p>LAURA GELLER NEW YORK Serum Blush Tint, Lightweight Liquid Blush for Cheeks, Weightless Watercolor Sheer Finish, Practical Pink</p><p>$15.74</p><a href="https://www.amazon.com/dp/B0B64GX5LN?tag=eloabder-20&linkCode=osi&th=1&psc=1">View Product</a></div><div class="product"><a href="https://www.amazon.com/dp/B0BHFBBH25?tag=eloabder-20&linkCode=osi&th=1&psc=1"><img src="https://m.media-amazon.com/images/I/31uqOuPPf5L._SL500_.jpg" alt="Product Image"></a><p>SHEGLAM Color Bloom Liquid Blush Makeup for Cheeks Matte Finish - Love Cake</p><p>$6.99</p><a href="https://www.amazon.com/dp/B0BHFBBH25?tag=eloabder-20&linkCode=osi&th=1&psc=1">View Product</a></div><div class="product"><a href="https://www.amazon.com/dp/B00J56D0G6?tag=eloabder-20&linkCode=osi&th=1&psc=1"><img src="https://m.media-amazon.com/images/I/31MVN0QAhfL._SL500_.jpg" alt="Product Image"></a><p>e.l.f. Cosmetics Powder Blush Palette, Four Blush Shades for Beautiful, Long-Lasting Pigment, Light</p><p>$6.00</p><a href="https://www.amazon.com/dp/B00J56D0G6?tag=eloabder-20&linkCode=osi&th=1&psc=1">View Product</a></div><div class="product"><a href="https://www.amazon.com/dp/B07J47FHR1?tag=eloabder-20&linkCode=osi&th=1&psc=1"><img src="https://m.media-amazon.com/images/I/41Xyor9x2SL._SL500_.jpg" alt="Product Image"></a><p>Nars Blush in ORGASM Full Size 0.16 oz. / 4.8 g in Retail Box New Edition</p><p>$22.00</p><a href="https://www.amazon.com/dp/B07J47FHR1?tag=eloabder-20&linkCode=osi&th=1&psc=1">View Product</a></div>
<div class="product"><a href="https://www.amazon.com/dp/B018B8Q5Z6?tag=eloabder-20&linkCode=osi&th=1&psc=1"><img src="https://m.media-amazon.com/images/I/41D9ZHQRaSL._SL500_.jpg" alt="Product Image"></a><p>Physicians Formula Murumuru Butter Bronzer, Moisturizing, Nourishing Murumuru Butter Blend for Silky All-Day Luminous Glow, Dermatologist Tested, Hypoallergenic, Vegan & Cruelty-Free -Bronzer</p><p>$12.15</p><a href="https://www.amazon.com/dp/B018B8Q5Z6?tag=eloabder-20&linkCode=osi&th=1&psc=1">View Product</a></div><div class="product"><a href="https://www.amazon.com/dp/B001B0H82Q?tag=eloabder-20&linkCode=osi&th=1&psc=1"><img src="https://m.media-amazon.com/images/I/41I3B-YoLkL._SL500_.jpg" alt="Product Image"></a><p>Rimmel London Natural - 022 Sun Bronze - Bronzer, Matte Finish, 0.49oz</p><p>$4.49</p><a href="https://www.amazon.com/dp/B001B0H82Q?tag=eloabder-20&linkCode=osi&th=1&psc=1">View Product</a></div><div class="product"><a href="https://www.amazon.com/dp/B0BM5HX7DN?tag=eloabder-20&linkCode=osi&th=1&psc=1"><img src="https://m.media-amazon.com/images/I/41DwoHQgzsL._SL500_.jpg" alt="Product Image"></a><p>Benefit Hoola Matte Bronzer Mini 0.08 Ounce</p><p>$17.85</p><a href="https://www.amazon.com/dp/B0BM5HX7DN?tag=eloabder-20&linkCode=osi&th=1&psc=1">View Product</a></div><div class="product"><a href="https://www.amazon.com/dp/B07M7NGVW7?tag=eloabder-20&linkCode=osi&th=1&psc=1"><img src="https://m.media-amazon.com/images/I/51dvod9PjTL._SL500_.jpg" alt="Product Image"></a><p>wet n wild Color Icon Bronzer What Shady Beaches</p><p>$2.96</p><a href="https://www.amazon.com/dp/B07M7NGVW7?tag=eloabder-20&linkCode=osi&th=1&psc=1">View Product</a></div><div class="product"><a href="https://www.amazon.com/dp/B07ZR187P5?tag=eloabder-20&linkCode=osi&th=1&psc=1"><img src="https://m.media-amazon.com/images/I/410nkMFZLYL._SL500_.jpg" alt="Product Image"></a><p>e.l.f. Primer-infused Bronzer, Long-Wear, Matte, Bold, Lightweight, Blends Easily, Contours Cheeks, Forever Sun Kissed, All-Day Wear, 0.35 Oz</p><p>$7.00 ($20.00 / Ounce)</p><a href="https://www.amazon.com/dp/B07ZR187P5?tag=eloabder-20&linkCode=osi&th=1&psc=1">View Product</a></div><div class="product"><a href="https://www.amazon.com/dp/B0CPFVTY7M?tag=eloabder-20&linkCode=osi&th=1&psc=1"><img src="https://m.media-amazon.com/images/I/41rO68Q0mlL._SL500_.jpg" alt="Product Image"></a><p>e.l.f. Primer-Infused Bronzer, Long-Lasting, Lightweight & Buildable Powder Bronzer, Delivers A Matte Finish, Vegan & Cruelty-Free, Fresh Tan</p><p>$7.00</p><a href="https://www.amazon.com/dp/B0CPFVTY7M?tag=eloabder-20&linkCode=osi&th=1&psc=1">View Product</a></div><div class="product"><a href="https://www.amazon.com/dp/B00518N3VE?tag=eloabder-20&linkCode=osi&th=1&psc=1"><img src="https://m.media-amazon.com/images/I/41SzIseWK6L._SL500_.jpg" alt="Product Image"></a><p>Milani Baked Bronzer - Glow, Cruelty-Free Shimmer Bronzing Powder to Use For Contour Makeup, Highlighters Makeup, Bronzer Makeup, 0.25 Ounce</p><p>$9.97 ($39.88 / Ounce)</p><a href="https://www.amazon.com/dp/B00518N3VE?tag=eloabder-20&linkCode=osi&th=1&psc=1">View Product</a></div><div class="product"><a href="https://www.amazon.com/dp/B006WZ9O72?tag=eloabder-20&linkCode=osi&th=1&psc=1"><img src="https://m.media-amazon.com/images/I/51rDNo9JnqL._SL500_.jpg" alt="Product Image"></a><p>Physicians Formula Bronze Booster Glow-Boosting Season-to-Season, Customizable Seasonal Glow Glow, Lasting Tan Boost, Hypoallergenic Powder, Cruelty-Free & Hypoallergenic- Light-to-Medium</p><p>$12.98</p><a href="https://www.amazon.com/dp/B006WZ9O72?tag=eloabder-20&linkCode=osi&th=1&psc=1">View Product</a></div><div class="product"><a href="https://www.amazon.com/dp/B0CNTYPSSZ?tag=eloabder-20&linkCode=osi&th=1&psc=1"><img src="https://m.media-amazon.com/images/I/416D4Z7hQ8L._SL500_.jpg" alt="Product Image"></a><p>Milani Cheek Kiss Cream Bronzer-110 Hey Honey</p><p>$9.97</p><a href="https://www.amazon.com/dp/B0CNTYPSSZ?tag=eloabder-20&linkCode=osi&th=1&psc=1">View Product</a></div><div class="product"><a href="https://www.amazon.com/dp/B0CVNKP1FM?tag=eloabder-20&linkCode=osi&th=1&psc=1"><img src="https://m.media-amazon.com/images/I/41v4UlIsUOL._SL500_.jpg" alt="Product Image"></a><p>NYX PROFESSIONAL MAKEUP Matte Buttermelt Bronzer, Longwear Face Makeup with Up to 12 Hours of Wear, Vegan Formula - Butta Than U</p><p>$7.70</p><a href="https://www.amazon.com/dp/B0CVNKP1FM?tag=eloabder-20&linkCode=osi&th=1&psc=1">View Product</a></div>
<div class="product"><a href="https://www.amazon.com/dp/B09288DSSX?tag=eloabder-20&linkCode=osi&th=1&psc=1"><img src="https://m.media-amazon.com/images/I/417z6evbmhL._SL500_.jpg" alt="Product Image"></a><p>KYDA Face Highlighter Palette, High Glossy Face Illuminator Palette, Narutal Glow Finish, Pearl Shimmer Smooth Baked Powder, Lasting Sparkling Highlighter Makeup-SUN GLOW</p><p>$9.99</p><a href="https://www.amazon.com/dp/B09288DSSX?tag=eloabder-20&linkCode=osi&th=1&psc=1">View Product</a></div><div class="product"><a href="https://www.amazon.com/dp/B0C41PSDZF?tag=eloabder-20&linkCode=osi&th=1&psc=1"><img src="https://m.media-amazon.com/images/I/41FLNU-tL-L._SL500_.jpg" alt="Product Image"></a><p>NYX PROFESSIONAL MAKEUP, Jumbo Multi-Use Face Highlighter Stick - Vanilla Ice Cream</p><p>$6.00</p><a href="https://www.amazon.com/dp/B0C41PSDZF?tag=eloabder-20&linkCode=osi&th=1&psc=1">View Product</a></div><div class="product"><a href="https://www.amazon.com/dp/B082YPL2SV?tag=eloabder-20&linkCode=osi&th=1&psc=1"><img src="https://m.media-amazon.com/images/I/51Y+MCkwArL._SL500_.jpg" alt="Product Image"></a><p>Wet n Wild MegaGlo Blushlighter, Blendable Blush & Highlighter Set, Shimmery Metallic Finish, Highlight Bling</p><p>$5.47</p><a href="https://www.amazon.com/dp/B082YPL2SV?tag=eloabder-20&linkCode=osi&th=1&psc=1">View Product</a></div><div class="product"><a href="https://www.amazon.com/dp/B07QPY11KY?tag=eloabder-20&linkCode=osi&th=1&psc=1"><img src="https://m.media-amazon.com/images/I/312T7p8cW6L._SL500_.jpg" alt="Product Image"></a><p>Revolution Beauty, Reloaded Pressed Powder Highlighter, Intensely Pigmented for a High Impact Dewy Finish, Dare To Divulge, 0.22 Oz.</p><p>$6.98</p><a href="https://www.amazon.com/dp/B07QPY11KY?tag=eloabder-20&linkCode=osi&th=1&psc=1">View Product</a></div><div class="product"><a href="https://www.amazon.com/dp/B0C6V67KJW?tag=eloabder-20&linkCode=osi&th=1&psc=1"><img src="https://m.media-amazon.com/images/I/31Yh8b8JEjL._SL500_.jpg" alt="Product Image"></a><p>e.l.f. Halo Glow Highlight Beauty Wand, Liquid Highlighter Wand For Luminous, Glowing Skin, Buildable Formula, Vegan & Cruelty-free,Champagne Campaign</p><p>$9.00</p><a href="https://www.amazon.com/dp/B0C6V67KJW?tag=eloabder-20&linkCode=osi&th=1&psc=1">View Product</a></div><div class="product"><a href="https://www.amazon.com/dp/B073WMG59J?tag=eloabder-20&linkCode=osi&th=1&psc=1"><img src="https://m.media-amazon.com/images/I/51fz8bpJNNL._SL500_.jpg" alt="Product Image"></a><p>wet n wild MegaGlo Highlighting Powder, Highlighter Makeup, Shimmer Glow, Pink Rose Gold Blossom Glow</p><p>$5.47</p><a href="https://www.amazon.com/dp/B073WMG59J?tag=eloabder-20&linkCode=osi&th=1&psc=1">View Product</a></div><div class="product"><a href="https://www.amazon.com/dp/B074PTZCNW?tag=eloabder-20&linkCode=osi&th=1&psc=1"><img src="https://m.media-amazon.com/images/I/31btEAGukiL._SL500_.jpg" alt="Product Image"></a><p>L'Oreal Paris Makeup True Match Lumi Glotion, Natural Glow Enhancer, Illuminator Highlighter Skin Tint, for an All Day Radiant Glow, Light, 1.35 Ounces</p><p>$12.74</p><a href="https://www.amazon.com/dp/B074PTZCNW?tag=eloabder-20&linkCode=osi&th=1&psc=1">View Product</a></div><div class="product"><a href="https://www.amazon.com/dp/B0BD9HYBKD?tag=eloabder-20&linkCode=osi&th=1&psc=1"><img src="https://m.media-amazon.com/images/I/319tXl8nMUL._SL500_.jpg" alt="Product Image"></a><p>LAURA GELLER NEW YORK Baked Natural Glow Highlighter Radiance Enhancing Makeup, French Vanilla</p><p>$18.99</p><a href="https://www.amazon.com/dp/B0BD9HYBKD?tag=eloabder-20&linkCode=osi&th=1&psc=1">View Product</a></div><div class="product"><a href="https://www.amazon.com/dp/B075K784FK?tag=eloabder-20&linkCode=osi&th=1&psc=1"><img src="https://m.media-amazon.com/images/I/51q6Nf009iL._SL500_.jpg" alt="Product Image"></a><p>Physicians Formula Murumuru Butter Highlighter Makeup Face Powder Make Up, Pearl, Dermatologist Approved</p><p>$10.00</p><a href="https://www.amazon.com/dp/B075K784FK?tag=eloabder-20&linkCode=osi&th=1&psc=1">View Product</a></div><div class="product"><a href="https://www.amazon.com/dp/B083574V27?tag=eloabder-20&linkCode=osi&th=1&psc=1"><img src="https://m.media-amazon.com/images/I/41fyFVpDrXL._SL500_.jpg" alt="Product Image"></a><p>Milani Baked Highlighter (Dolce Perla) - Cruelty-Free Powder Highlighter, Highlight Face for a Shimmery or Matte Finish</p><p>$10.97 ($39.18 / Ounce)</p><a href="https://www.amazon.com/dp/B083574V27?tag=eloabder-20&linkCode=osi&th=1&psc=1">View Product</a></div>
<div class="product"><a href="https://www.amazon.com/dp/B09XMYFTB7?tag=eloabder-20&linkCode=osi&th=1&psc=1"><img src="https://m.media-amazon.com/images/I/31t+Ua+JWSL._SL500_.jpg" alt="Product Image"></a><p>e.l.f. Power Grip Primer, Gel-Based & Hydrating Face Primer For Smoothing Skin & Gripping Makeup, Moisturizes & Primes, 0.811 Fl Oz (24 ml)</p><p>$9.98</p><a href="https://www.amazon.com/dp/B09XMYFTB7?tag=eloabder-20&linkCode=osi&th=1&psc=1">View Product</a></div><div class="product"><a href="https://www.amazon.com/dp/B07BHB7QBN?tag=eloabder-20&linkCode=osi&th=1&psc=1"><img src="https://m.media-amazon.com/images/I/31kMxA9EhWL._SL500_.jpg" alt="Product Image"></a><p>Maybelline New York Facestudio Master Prime Primer Makeup, Blur + Pore Minimize, 1 fl. oz.</p><p>$8.99</p><a href="https://www.amazon.com/dp/B07BHB7QBN?tag=eloabder-20&linkCode=osi&th=1&psc=1">View Product</a></div><div class="product"><a href="https://www.amazon.com/dp/B00JZ4V6V4?tag=eloabder-20&linkCode=osi&th=1&psc=1"><img src="https://m.media-amazon.com/images/I/31jO7qDk9zL._SL500_.jpg" alt="Product Image"></a><p>e.l.f. Poreless Face Primer, Restoring Makeup Primer For A Flawless, Smooth Canvas, Infused With Tea Tree & Vitamin A, Vegan & Cruelty-Free, 0.47 Fl Oz</p><p>$7.83</p><a href="https://www.amazon.com/dp/B00JZ4V6V4?tag=eloabder-20&linkCode=osi&th=1&psc=1">View Product</a></div><div class="product"><a href="https://www.amazon.com/dp/B0BQQS5GBQ?tag=eloabder-20&linkCode=osi&th=1&psc=1"><img src="https://m.media-amazon.com/images/I/31TLdF8cy8L._SL500_.jpg" alt="Product Image"></a><p>e.l.f. Power Grip Primer + 4% Niacinamide, Gel-Based & Hydrating Face Primer, Evens Skin & Brightens, Grips Makeup, Vegan & Cruelty-Free, 0.8 Fl Oz</p><p>$10.00</p><a href="https://www.amazon.com/dp/B0BQQS5GBQ?tag=eloabder-20&linkCode=osi&th=1&psc=1">View Product</a></div><div class="product"><a href="https://www.amazon.com/dp/B07NSH2B4D?tag=eloabder-20&linkCode=osi&th=1&psc=1"><img src="https://m.media-amazon.com/images/I/31gmpEmsBmL._SL500_.jpg" alt="Product Image"></a><p>e.l.f. Poreless Putty Primer, Silky, Skin-Perfecting, Lightweight, Long Lasting, Smooths, Hydrates, Minimizes Pores, Flawless Base & Finish, All-Day Wear, Ideal for All Skin Types, 0.74 Fl Oz</p><p>$10.00</p><a href="https://www.amazon.com/dp/B07NSH2B4D?tag=eloabder-20&linkCode=osi&th=1&psc=1">View Product</a></div><div class="product"><a href="https://www.amazon.com/dp/B09WYT4QTJ?tag=eloabder-20&linkCode=osi&th=1&psc=1"><img src="https://m.media-amazon.com/images/I/214qTbvzjrL._SL500_.jpg" alt="Product Image"></a><p>Smashbox The Original Photo Finish Smooth & Blur Oil-Free Makeup Primer - Infused with Vitamin A & E, Reduces The Appearance of Fine Lines and Pores - Travel Size, 0.34 fl oz</p><p>$16.00 ($47.06 / Ounce)</p><a href="https://www.amazon.com/dp/B09WYT4QTJ?tag=eloabder-20&linkCode=osi&th=1&psc=1">View Product</a></div><div class="product"><a href="https://www.amazon.com/dp/B07PQN4XZ1?tag=eloabder-20&linkCode=osi&th=1&psc=1"><img src="https://m.media-amazon.com/images/I/31BdxqUi-iL._SL500_.jpg" alt="Product Image"></a><p>Milk Makeup Hydro Grip Primer - 0.33 fl oz - Hydrates & Grips Makeup for Up to 12 Hours - Prevents Caking - All Skin Types - Fragrance-Free - Vegan, Cruelty Free</p><p>$20.00 ($60.61 / Fl Oz)</p><a href="https://www.amazon.com/dp/B07PQN4XZ1?tag=eloabder-20&linkCode=osi&th=1&psc=1">View Product</a></div><div class="product"><a href="https://www.amazon.com/dp/B00HVI8WYU?tag=eloabder-20&linkCode=osi&th=1&psc=1"><img src="https://m.media-amazon.com/images/I/31educzzSsL._SL500_.jpg" alt="Product Image"></a><p>e.l.f. Hydrating Face Primer, Makeup Primer For Flawless, Smooth Skin & Long-Lasting Makeup, Fills In Pores & Fine Lines, Vegan & Cruelty-free, Small</p><p>$8.00</p><a href="https://www.amazon.com/dp/B00HVI8WYU?tag=eloabder-20&linkCode=osi&th=1&psc=1">View Product</a></div><div class="product"><a href="https://www.amazon.com/dp/B07BHBDN3Y?tag=eloabder-20&linkCode=osi&th=1&psc=1"><img src="https://m.media-amazon.com/images/I/3173qcBCyFL._SL500_.jpg" alt="Product Image"></a><p>Maybelline New York Facestudio Master Prime Primer Makeup, Blur+ Defend, 1 fl. oz.</p><p>$9.77</p><a href="https://www.amazon.com/dp/B07BHBDN3Y?tag=eloabder-20&linkCode=osi&th=1&psc=1">View Product</a></div><div class="product"><a href="https://www.amazon.com/dp/B00I9X3UKM?tag=eloabder-20&linkCode=osi&th=1&psc=1"><img src="https://m.media-amazon.com/images/I/31Bx9WdmmdL._SL500_.jpg" alt="Product Image"></a><p>Rimmel London Stay Matte - 003 - Primer, Ultra-Lightweight, Controls Shine, Doesn’t Feel Greasy, 1oz</p><p>$5.97</p><a href="https://www.amazon.com/dp/B00I9X3UKM?tag=eloabder-20&linkCode=osi&th=1&psc=1">View Product</a></div>
<div class="product"><a href="https://www.amazon.com/dp/B008C131AK?tag=eloabder-20&linkCode=osi&th=1&psc=1"><img src="https://m.media-amazon.com/images/I/41EVShOq3PL._SL500_.jpg" alt="Product Image"></a><p>Maybelline Dream Fresh Skin Hydrating BB cream, 8-in-1 Skin Perfecting Beauty Balm with Broad Spectrum SPF 30, Sheer Tint Coverage, Oil-Free, Medium, 1 Fl Oz</p><p>$7.99</p><a href="https://www.amazon.com/dp/B008C131AK?tag=eloabder-20&linkCode=osi&th=1&psc=1">View Product</a></div><div class="product"><a href="https://www.amazon.com/dp/B0084A5PWQ?tag=eloabder-20&linkCode=osi&th=1&psc=1"><img src="https://m.media-amazon.com/images/I/31RjcO5JPeL._SL500_.jpg" alt="Product Image"></a><p>L'Oréal Paris Makeup Magic Skin Beautifier BB Cream Tinted Moisturizer, Medium, 1 fl oz, 1 Count</p><p>$9.98</p><a href="https://www.amazon.com/dp/B0084A5PWQ?tag=eloabder-20&linkCode=osi&th=1&psc=1">View Product</a></div><div class="product"><a href="https://www.amazon.com/dp/B002B9DWBC?tag=eloabder-20&linkCode=osi&th=1&psc=1"><img src="https://m.media-amazon.com/images/I/41ZejVfTaoL._SL500_.jpg" alt="Product Image"></a><p>MISSHA M Perfect BB Cream No.21 Light Beige for Bright Skin SPF 42 PA +++ 1.69 Fl Oz - Tinted Moisturizer for face with SPF</p><p>$9.90</p><a href="https://www.amazon.com/dp/B002B9DWBC?tag=eloabder-20&linkCode=osi&th=1&psc=1">View Product</a></div><div class="product"><a href="https://www.amazon.com/dp/B00KJ82CN6?tag=eloabder-20&linkCode=osi&th=1&psc=1"><img src="https://m.media-amazon.com/images/I/41VM3jcO3oS._SL500_.jpg" alt="Product Image"></a><p>Maybelline Dream Pure Skin Clearing BB Cream, 8-in-1 Skin Perfecting Beauty Balm With 2% Salicylic Acid, Sheer Tint Coverage, Oil-Free, Light/Medium, 1 Count</p><p>$7.99</p><a href="https://www.amazon.com/dp/B00KJ82CN6?tag=eloabder-20&linkCode=osi&th=1&psc=1">View Product</a></div><div class="product"><a href="https://www.amazon.com/dp/B000V33OGS?tag=eloabder-20&linkCode=osi&th=1&psc=1"><img src="https://m.media-amazon.com/images/I/41I8dzKEI+L._SL500_.jpg" alt="Product Image"></a><p>COVERGIRL Smoothers Lightweight BB Cream, Fair to Light 805, 1.35 oz (Packaging May Vary) Lightweight Hydrating 10-In-1 Skin Enhancer with SPF 21 UV Protection</p><p>$6.97</p><a href="https://www.amazon.com/dp/B000V33OGS?tag=eloabder-20&linkCode=osi&th=1&psc=1">View Product</a></div><div class="product"><a href="https://www.amazon.com/dp/B01E527F38?tag=eloabder-20&linkCode=osi&th=1&psc=1"><img src="https://m.media-amazon.com/images/I/31jXYhER5QL._SL500_.jpg" alt="Product Image"></a><p>COVERGIRL - Clean Matte BB Cream, Oil-Free, Long-Lasting, Sensitive Skin, Lightweight, 100% Cruelty-Free</p><p>$7.99</p><a href="https://www.amazon.com/dp/B01E527F38?tag=eloabder-20&linkCode=osi&th=1&psc=1">View Product</a></div><div class="product"><a href="https://www.amazon.com/dp/B07WTX6SKL?tag=eloabder-20&linkCode=osi&th=1&psc=1"><img src="https://m.media-amazon.com/images/I/41mtjVTdh3L._SL500_.jpg" alt="Product Image"></a><p>MISSHA M Perfect Cover BB Cream No.13 Bright Beige for Fair Skin SPF 42 PA +++ 1.69 Fl Oz - Tinted Moisturizer for face with SPF</p><p>$9.70 ($5.74 / Fl Oz)</p><a href="https://www.amazon.com/dp/B07WTX6SKL?tag=eloabder-20&linkCode=osi&th=1&psc=1">View Product</a></div><div class="product"><a href="https://www.amazon.com/dp/B09BYL7M3G?tag=eloabder-20&linkCode=osi&th=1&psc=1"><img src="https://m.media-amazon.com/images/I/41t-BZ1FdOL._SL500_.jpg" alt="Product Image"></a><p>purlisse Ageless Glow Serum BB Cream SPF 40 : Clean & Cruelty-Free, Full & Flawless Coverage, Hydrates with Collagen | Light 1.4oz</p><p>$39.00 ($37.50 / Fl Oz)</p><a href="https://www.amazon.com/dp/B09BYL7M3G?tag=eloabder-20&linkCode=osi&th=1&psc=1">View Product</a></div><div class="product"><a href="https://www.amazon.com/dp/B08JCK7LSN?tag=eloabder-20&linkCode=osi&th=1&psc=1"><img src="https://m.media-amazon.com/images/I/31KzNyZ7WBL._SL500_.jpg" alt="Product Image"></a><p>PURITO Cica Clearing BB Cream #21 Light Beige 1 fl.oz / 30ml, Vegan bb cream, tinted</p><p>$12.00</p><a href="https://www.amazon.com/dp/B08JCK7LSN?tag=eloabder-20&linkCode=osi&th=1&psc=1">View Product</a></div><div class="product"><a href="https://www.amazon.com/dp/B01M9FG3PS?tag=eloabder-20&linkCode=osi&th=1&psc=1"><img src="https://m.media-amazon.com/images/I/41i-ftNWghL._SL500_.jpg" alt="Product Image"></a><p>pūrlisse Perfect Glow BB Cream SPF 30: Clean & Cruelty-Free, Medium Flawless Coverage, Hydrates with Jasmine | Light 1.4oz</p><p>$36.00 ($26.47 / Fl Oz)</p><a href="https://www.amazon.com/dp/B01M9FG3PS?tag=eloabder-20&linkCode=osi&th=1&psc=1">View Product</a></div>
<div class="product"><a href="https://www.amazon.com/dp/B00RZ4R0ZM?tag=eloabder-20&linkCode=osi&th=1&psc=1"><img src="https://m.media-amazon.com/images/I/41h3Z7gUh4L._SL500_.jpg" alt="Product Image"></a><p>IT Cosmetics Your Skin But Better CC+ Cream, Light (W) - Color Correcting Cream, Full-Coverage Foundation, Hydrating Serum & SPF 50+ Sunscreen - Natural Finish - 1.08 fl oz</p><p>$47.00 ($43.52 / Fl Oz)</p><a href="https://www.amazon.com/dp/B00RZ4R0ZM?tag=eloabder-20&linkCode=osi&th=1&psc=1">View Product</a></div><div class="product"><a href="https://www.amazon.com/dp/B09TSSR6TQ?tag=eloabder-20&linkCode=osi&th=1&psc=1"><img src="https://m.media-amazon.com/images/I/41YfZQIZVHL._SL500_.jpg" alt="Product Image"></a><p>Erborian Color Correcting CC Cream with cica, Tan (Dore) - Lightweight Multi-Purpose Foundation with Illuminating Finish Soothes & Hydrates - SPF Korean Skincare Skin Perfector - 1.5 Oz</p><p>$46.00 ($30.67 / Ounce)</p><a href="https://www.amazon.com/dp/B09TSSR6TQ?tag=eloabder-20&linkCode=osi&th=1&psc=1">View Product</a></div><div class="product"><a href="https://www.amazon.com/dp/B0CG67918Y?tag=eloabder-20&linkCode=osi&th=1&psc=1"><img src="https://m.media-amazon.com/images/I/31ZBRrlGQeL._SL500_.jpg" alt="Product Image"></a><p>Color Correcting CC Cream with SPF 25, Coverage Lightweight Foundation, Hydrating Serum, Even Skin Tone Makeup and Skin Care, Boost Radiance, Refine Skin Texture, Avoid Sun Damage (LightLight, 1PCS)</p><p>$9.99</p><a href="https://www.amazon.com/dp/B0CG67918Y?tag=eloabder-20&linkCode=osi&th=1&psc=1">View Product</a></div><div class="product"><a href="https://www.amazon.com/dp/B07GV322NS?tag=eloabder-20&linkCode=osi&th=1&psc=1"><img src="https://m.media-amazon.com/images/I/318Xp-z4BzL._SL500_.jpg" alt="Product Image"></a><p>IT Cosmetics Your Skin But Better CC+ Cream Illumination - Color Correcting Cream, Full-Coverage Foundation, Hydrating Serum & SPF 50+ Sunscreen Radiant Finish 1.08 fl oz</p><p>$47.00 ($43.52 / Fl Oz)</p><a href="https://www.amazon.com/dp/B07GV322NS?tag=eloabder-20&linkCode=osi&th=1&psc=1">View Product</a></div><div class="product"><a href="https://www.amazon.com/dp/B08TQMG68Q?tag=eloabder-20&linkCode=osi&th=1&psc=1"><img src="https://m.media-amazon.com/images/I/31WzGFVeXLL._SL500_.jpg" alt="Product Image"></a><p>e.l.f. Camo CC Cream, Color Correcting Medium-To-Full Coverage Foundation with SPF 30, Light 240 W, 1.05 Oz (30g)</p><p>$14.29</p><a href="https://www.amazon.com/dp/B08TQMG68Q?tag=eloabder-20&linkCode=osi&th=1&psc=1">View Product</a></div><div class="product"><a href="https://www.amazon.com/dp/B00HUA6LCO?tag=eloabder-20&linkCode=osi&th=1&psc=1"><img src="https://m.media-amazon.com/images/I/31tzzIuzR3L._SL500_.jpg" alt="Product Image"></a><p>Physicians Formula Super CC+ Cream Color-Correction + Care Cream Full Coverage Light Foundation, Anti Aging Hydrating Serum, For Uneven Skin Tone, Dermatologist Approved</p><p>$12.30</p><a href="https://www.amazon.com/dp/B00HUA6LCO?tag=eloabder-20&linkCode=osi&th=1&psc=1">View Product</a></div><div class="product"><a href="https://www.amazon.com/dp/B00E4OQ63I?tag=eloabder-20&linkCode=osi&th=1&psc=1"><img src="https://m.media-amazon.com/images/I/31C4yvovnxL._SL500_.jpg" alt="Product Image"></a><p>Lumene Color Correcting CC Cream - Lightweight Foundation with Medium Coverage - Redness Reducing Face Makeup for a Glowing Complexion - Vegan Formula + Suitable for All Skin Types - Medium (1 fl oz)</p><p>$17.40 ($17.40 / Fl Oz)</p><a href="https://www.amazon.com/dp/B00E4OQ63I?tag=eloabder-20&linkCode=osi&th=1&psc=1">View Product</a></div><div class="product"><a href="https://www.amazon.com/dp/B09TSRF2Q8?tag=eloabder-20&linkCode=osi&th=1&psc=1"><img src="https://m.media-amazon.com/images/I/41lZpQCt9HL._SL500_.jpg" alt="Product Image"></a><p>Erborian Color Correcting CC Cream with Centella Asiatica, Red Correct - Light Multi-Purpose Facial Concealer with Illuminating Finish Soothes & Hydrates - SPF Korean Skincare Skin Perfector - 0.5 Oz</p><p>$25.00 ($50.00 / Ounce)</p><a href="https://www.amazon.com/dp/B09TSRF2Q8?tag=eloabder-20&linkCode=osi&th=1&psc=1">View Product</a></div><div class="product"><a href="https://www.amazon.com/dp/B00U3203IY?tag=eloabder-20&linkCode=osi&th=1&psc=1"><img src="https://m.media-amazon.com/images/I/31BL0K5i4vL._SL500_.jpg" alt="Product Image"></a><p>IT Cosmetics Your Skin But Better CC+ Cream Travel Size, Light (W) - Color Correcting Cream, Full-Coverage Foundation, Hydrating Serum & SPF 50+ Sunscreen - Natural Finish - 0.406 fl oz</p><p>$22.00 ($55.00 / Fl Oz)</p><a href="https://www.amazon.com/dp/B00U3203IY?tag=eloabder-20&linkCode=osi&th=1&psc=1">View Product</a></div>
<div class="product"><a href="https://www.amazon.com/dp/B0CG68RTBB?tag=eloabder-20&linkCode=osi&th=1&psc=1"><img src="https://m.media-amazon.com/images/I/51d8MhcTFdL._SL500_.jpg" alt="Product Image"></a><p>Contour Stick, Highlighter Stick, Blush Stick 3Pcs Cream Contour Kit with Contour Brush, Create Face Contour, Non-greasy, Waterproof Long-lasting Effect, Highlighter Makeup Stick for Beginner Medium</p><p>$6.64 ($1.72 / Ounce)</p><a href="https://www.amazon.com/dp/B0CG68RTBB?tag=eloabder-20&linkCode=osi&th=1&psc=1">View Product</a></div><div class="product"><a href="https://www.amazon.com/dp/B0B7713RZQ?tag=eloabder-20&linkCode=osi&th=1&psc=1"><img src="https://m.media-amazon.com/images/I/51pLW0sMwGL._SL500_.jpg" alt="Product Image"></a><p>4 Colors Cream Contour Sticks Makeup Kit, Primer Face Highlighter Contouring for Beginners, Highlight and Contour Kit, Cream Concealer Makeup Blur Stick, Primer Face Corrector 1#,3#</p><p>$9.98</p><a href="https://www.amazon.com/dp/B0B7713RZQ?tag=eloabder-20&linkCode=osi&th=1&psc=1">View Product</a></div><div class="product"><a href="https://www.amazon.com/dp/B014PVXY5W?tag=eloabder-20&linkCode=osi&th=1&psc=1"><img src="https://m.media-amazon.com/images/I/41Qf+n9Gn-L._SL500_.jpg" alt="Product Image"></a><p>Aesthetica Cosmetics Cream Contour and Highlighting Makeup Kit - Contouring Foundation/Concealer Palette - Vegan & Cruelty Free - Step-by-Step Instructions Included</p><p>$29.97 ($47.57 / Ounce)</p><a href="https://www.amazon.com/dp/B014PVXY5W?tag=eloabder-20&linkCode=osi&th=1&psc=1">View Product</a></div><div class="product"><a href="https://www.amazon.com/dp/B0CSCYCQTP?tag=eloabder-20&linkCode=osi&th=1&psc=1"><img src="https://m.media-amazon.com/images/I/41g9O0LMEpL._SL500_.jpg" alt="Product Image"></a><p>Umadit Contour Stick, Blush Stick, Highlighter Stick, Bronzer Stick, 3 Pcs Cream Contour Kit with Brush for a Flawless Look, Contour Stick Makeup Non-Greasy Waterproof, Long-lasting Fair-Medium</p><p>$14.99</p><a href="https://www.amazon.com/dp/B0CSCYCQTP?tag=eloabder-20&linkCode=osi&th=1&psc=1">View Product</a></div><div class="product"><a href="https://www.amazon.com/dp/B0C6MYW7FC?tag=eloabder-20&linkCode=osi&th=1&psc=1"><img src="https://m.media-amazon.com/images/I/51CRa+rR5yL._SL500_.jpg" alt="Product Image"></a><p>3Pcs Cream Contour Stick Makeup Kit,Shades with Highlighter Stick,Blush Stick and Bronzer Contour Stick for Sculpt the Cheeks,Long Lasting,Waterproof,Matte & Dewy Finish,LIGHT MEDIUM (#02,05,06)</p><p>$12.99</p><a href="https://www.amazon.com/dp/B0C6MYW7FC?tag=eloabder-20&linkCode=osi&th=1&psc=1">View Product</a></div><div class="product"><a href="https://www.amazon.com/dp/B074G44PVR?tag=eloabder-20&linkCode=osi&th=1&psc=1"><img src="https://m.media-amazon.com/images/I/41dMa+Rs2NL._SL500_.jpg" alt="Product Image"></a><p>W7 Lift & Sculpt Cream Contour Kit - Concealing, Highlighting & Contouring Makeup Palette - Step-by-Step Instructions Included</p><p>$6.29 ($8.99 / Ounce)</p><a href="https://www.amazon.com/dp/B074G44PVR?tag=eloabder-20&linkCode=osi&th=1&psc=1">View Product</a></div><div class="product"><a href="https://www.amazon.com/dp/B0045J2GKY?tag=eloabder-20&linkCode=osi&th=1&psc=1"><img src="https://m.media-amazon.com/images/I/31m4Yh07iZL._SL500_.jpg" alt="Product Image"></a><p>Smashbox Step-By-Step Contour, Highlighter, & Bronzer Face Palette with Angled Brush, Light/Medium</p><p>$40.00 ($100.00 / Ounce)</p><a href="https://www.amazon.com/dp/B0045J2GKY?tag=eloabder-20&linkCode=osi&th=1&psc=1">View Product</a></div><div class="product"><a href="https://www.amazon.com/dp/B0169YYBYQ?tag=eloabder-20&linkCode=osi&th=1&psc=1"><img src="https://m.media-amazon.com/images/I/31BGUv-HtUL._SL500_.jpg" alt="Product Image"></a><p>Maybelline Facestudio Master Contour Face Contouring Kit, Light to Medium, 1 Count</p><p>$9.98 ($28.51 / Ounce)</p><a href="https://www.amazon.com/dp/B0169YYBYQ?tag=eloabder-20&linkCode=osi&th=1&psc=1">View Product</a></div><div class="product"><a href="https://www.amazon.com/dp/B00HG1JMB4?tag=eloabder-20&linkCode=osi&th=1&psc=1"><img src="https://m.media-amazon.com/images/I/31wv1eTLSgL._SL500_.jpg" alt="Product Image"></a><p>Anastasia Beverly Hills Contour Powder Kit - Light to Medium Women 0.66 oz</p><p>$40.00 ($60.61 / Ounce)</p><a href="https://www.amazon.com/dp/B00HG1JMB4?tag=eloabder-20&linkCode=osi&th=1&psc=1">View Product</a></div><div class="product"><a href="https://www.amazon.com/dp/B0CZLKZ5MV?tag=eloabder-20&linkCode=osi&th=1&psc=1"><img src="https://m.media-amazon.com/images/I/41bkKtdgzlL._SL500_.jpg" alt="Product Image"></a><p>3Pcs Cream Contour Stick Makeup Kit, Shades with Highlighter Stick, Blush Stick and Bronzer Contour Stick for Sculpt the Cheeks, Long Lasting, Waterproof, Matte & Dewy Finish (LIGHT MEDIUM)</p><p>$9.99</p><a href="https://www.amazon.com/dp/B0CZLKZ5MV?tag=eloabder-20&linkCode=osi&th=1&psc=1">View Product</a></div>
<div class="product"><a href="https://www.amazon.com/dp/B00WZQTCS8?tag=eloabder-20&linkCode=osi&th=1&psc=1"><img src="https://m.media-amazon.com/images/I/41iVoW5QboL._SL500_.jpg" alt="Product Image"></a><p>NYX PROFESSIONAL MAKEUP Micro Brow Pencil, Eyebrow Pencil - Espresso</p><p>$7.33</p><a href="https://www.amazon.com/dp/B00WZQTCS8?tag=eloabder-20&linkCode=osi&th=1&psc=1">View Product</a></div><div class="product"><a href="https://www.amazon.com/dp/B01643FI0I?tag=eloabder-20&linkCode=osi&th=1&psc=1"><img src="https://m.media-amazon.com/images/I/21w1DpgxRoL._SL500_.jpg" alt="Product Image"></a><p>L'Oreal Paris Makeup Brow Stylist Definer Waterproof Eyebrow Pencil, Ultra-Fine Mechanical Pencil, Draws Tiny Brow Hairs and Fills in Sparse Areas and Gaps, Dark Brunette, 0.003 Ounce (Pack of 1)</p><p>$8.98</p><a href="https://www.amazon.com/dp/B01643FI0I?tag=eloabder-20&linkCode=osi&th=1&psc=1">View Product</a></div><div class="product"><a href="https://www.amazon.com/dp/B074VD4X7W?tag=eloabder-20&linkCode=osi&th=1&psc=1"><img src="https://m.media-amazon.com/images/I/41eK8J1W2rL._SL500_.jpg" alt="Product Image"></a><p>Maybelline Total Temptation Eyebrow Definer Pencil, Soft Brown, 1 Count</p><p>$8.99</p><a href="https://www.amazon.com/dp/B074VD4X7W?tag=eloabder-20&linkCode=osi&th=1&psc=1">View Product</a></div><div class="product"><a href="https://www.amazon.com/dp/B0797NNXS7?tag=eloabder-20&linkCode=osi&th=1&psc=1"><img src="https://m.media-amazon.com/images/I/31M1oepnAnL._SL500_.jpg" alt="Product Image"></a><p>wet n wild Ultimate Eyebrow Retractable Definer Pencil, Dark Brown, Dual-Sided, Fine Tip, Shapes, Defines, Fills Brows Makeup</p><p>$3.26</p><a href="https://www.amazon.com/dp/B0797NNXS7?tag=eloabder-20&linkCode=osi&th=1&psc=1">View Product</a></div><div class="product"><a href="https://www.amazon.com/dp/B0B52KG7YP?tag=eloabder-20&linkCode=osi&th=1&psc=1"><img src="https://m.media-amazon.com/images/I/31Mi4FEPxYL._SL500_.jpg" alt="Product Image"></a><p>e.l.f. Instant Lift Brow Pencil, Dual-Ended Precision Brow Pencils For Shaping & Defining Eyebrows, Vegan & Cruelty-Free, Neutral Brown, 2-Pack</p><p>$5.00</p><a href="https://www.amazon.com/dp/B0B52KG7YP?tag=eloabder-20&linkCode=osi&th=1&psc=1">View Product</a></div><div class="product"><a href="https://www.amazon.com/dp/B0CPFY8K8W?tag=eloabder-20&linkCode=osi&th=1&psc=1"><img src="https://m.media-amazon.com/images/I/21SmXiqZZYL._SL500_.jpg" alt="Product Image"></a><p>e.l.f. Instant Lift Waterproof Brow Pencil, Long-Lasting Eyebrow Pencil For Grooming & Shaping Brows, Vegan & Cruelty-free, Deep Brown</p><p>$4.00</p><a href="https://www.amazon.com/dp/B0CPFY8K8W?tag=eloabder-20&linkCode=osi&th=1&psc=1">View Product</a></div><div class="product"><a href="https://www.amazon.com/dp/B0779TDXZD?tag=eloabder-20&linkCode=osi&th=1&psc=1"><img src="https://m.media-amazon.com/images/I/31lQjBd5GoL._SL500_.jpg" alt="Product Image"></a><p>COVERGIRL - Easy Breezy Brow Micro-Fine + Define Pencil, Micro-fine tip, no sharpening required, Built-in spoolie-brush, 100% Cruelty-Free</p><p>$6.98</p><a href="https://www.amazon.com/dp/B0779TDXZD?tag=eloabder-20&linkCode=osi&th=1&psc=1">View Product</a></div><div class="product"><a href="https://www.amazon.com/dp/B001ESKLZQ?tag=eloabder-20&linkCode=osi&th=1&psc=1"><img src="https://m.media-amazon.com/images/I/31bw47frHzS._SL500_.jpg" alt="Product Image"></a><p>COVERGIRL - Easy Breezy Brow Fill + Define Brow Pencil, Sharpener Included, Long-Lasting, Deeply Pigmented, Blendable Formula, 100% Cruelty-Free</p><p>$4.47</p><a href="https://www.amazon.com/dp/B001ESKLZQ?tag=eloabder-20&linkCode=osi&th=1&psc=1">View Product</a></div><div class="product"><a href="https://www.amazon.com/dp/B0BZB5S5VZ?tag=eloabder-20&linkCode=osi&th=1&psc=1"><img src="https://m.media-amazon.com/images/I/21yggYcUn7L._SL500_.jpg" alt="Product Image"></a><p>Maybelline Express Brow Ultra Slim Eyebrow Makeup, Brow Pencil with Precision Tip and Spoolie for Defined Eyebrows, Ash Brown, 1 Count</p><p>$7.99</p><a href="https://www.amazon.com/dp/B0BZB5S5VZ?tag=eloabder-20&linkCode=osi&th=1&psc=1">View Product</a></div><div class="product"><a href="https://www.amazon.com/dp/B0D12PWNK6?tag=eloabder-20&linkCode=osi&th=1&psc=1"><img src="https://m.media-amazon.com/images/I/51u7eOlEtFL._SL500_.jpg" alt="Product Image"></a><p>iMethod Microblading Eyebrow Pen - Eyebrow Pencil Magical 2-in-1 Dual-Ended Eye Brow Pencils for Women with 4-Fork-Tip & Precise Brush-Tip Create Natural Hair-Like Brows, Last All-Day, Dark Brown</p><p>$14.97 ($14.97 / Count)</p><a href="https://www.amazon.com/dp/B0D12PWNK6?tag=eloabder-20&linkCode=osi&th=1&psc=1">View Product</a></div>
<div class="product"><a href="https://www.amazon.com/dp/B08M58SWB1?tag=eloabder-20&linkCode=osi&th=1&psc=1"><img src="https://m.media-amazon.com/images/I/310xAdliG2L._SL500_.jpg" alt="Product Image"></a><p>NYX PROFESSIONAL MAKEUP The Brow Glue, Extreme Hold Eyebrow Gel - Clear</p><p>$9.97</p><a href="https://www.amazon.com/dp/B08M58SWB1?tag=eloabder-20&linkCode=osi&th=1&psc=1">View Product</a></div><div class="product"><a href="https://www.amazon.com/dp/B0CXZHMR7J?tag=eloabder-20&linkCode=osi&th=1&psc=1"><img src="https://m.media-amazon.com/images/I/31Yeo2ybK3L._SL500_.jpg" alt="Product Image"></a><p>L'Oreal Paris Infallible Up To 24H Wear Brow Lamination, Water-Resistant Longwear Eyebrow Gel Make Up, Clear/Transparent, 0.16 Fl Oz</p><p>$10.98</p><a href="https://www.amazon.com/dp/B0CXZHMR7J?tag=eloabder-20&linkCode=osi&th=1&psc=1">View Product</a></div><div class="product"><a href="https://www.amazon.com/dp/B00INCDKDQ?tag=eloabder-20&linkCode=osi&th=1&psc=1"><img src="https://m.media-amazon.com/images/I/31av5tR14oL._SL500_.jpg" alt="Product Image"></a><p>NYX PROFESSIONAL MAKEUP Control Freak Eyebrow Gel - Clear</p><p>$5.25</p><a href="https://www.amazon.com/dp/B00INCDKDQ?tag=eloabder-20&linkCode=osi&th=1&psc=1">View Product</a></div><div class="product"><a href="https://www.amazon.com/dp/B0815D98F3?tag=eloabder-20&linkCode=osi&th=1&psc=1"><img src="https://m.media-amazon.com/images/I/21QZMOUJnZL._SL500_.jpg" alt="Product Image"></a><p>e.l.f. Wow Brow Gel, Volumizing, Buildable, Wax-Gel Hybrid, Creates Full, Voluminous-Looking Brows, Locks Brow Hairs In Place, Neutral Brown, Fiber-Infused, 0.12 Oz</p><p>$5.00</p><a href="https://www.amazon.com/dp/B0815D98F3?tag=eloabder-20&linkCode=osi&th=1&psc=1">View Product</a></div><div class="product"><a href="https://www.amazon.com/dp/B0CZ9RC3LP?tag=eloabder-20&linkCode=osi&th=1&psc=1"><img src="https://m.media-amazon.com/images/I/31iejSSA86L._SL500_.jpg" alt="Product Image"></a><p>Maybelline Super Lock Brow Glue Eyebrow Gel, Lightweight Brow Gel For Up To 24HR Hold, Clear, 1 Count</p><p>$8.98</p><a href="https://www.amazon.com/dp/B0CZ9RC3LP?tag=eloabder-20&linkCode=osi&th=1&psc=1">View Product</a></div><div class="product"><a href="https://www.amazon.com/dp/B07GYBFBLY?tag=eloabder-20&linkCode=osi&th=1&psc=1"><img src="https://m.media-amazon.com/images/I/41kXdvFl3lL._SL500_.jpg" alt="Product Image"></a><p>L'Oreal Paris Unbelieva-Brow Longwear Waterproof Tinted Brow Gel, Smudge-resistant, Transfer- Proof, Quick Drying, Easy and quick application with precise brush, Blonde, 0.15 fl. oz.</p><p>$14.99</p><a href="https://www.amazon.com/dp/B07GYBFBLY?tag=eloabder-20&linkCode=osi&th=1&psc=1">View Product</a></div><div class="product"><a href="https://www.amazon.com/dp/B0BSP2J3BH?tag=eloabder-20&linkCode=osi&th=1&psc=1"><img src="https://m.media-amazon.com/images/I/316Jdh8JQ8L._SL500_.jpg" alt="Product Image"></a><p>e.l.f. Clear Lash & Brow Mascara 2-Pack, Conditioning Clear Brow & Lash Gel For Grooming, Defining & Separating, Long-Lasting, Vegan & Cruelty-Free</p><p>$5.00</p><a href="https://www.amazon.com/dp/B0BSP2J3BH?tag=eloabder-20&linkCode=osi&th=1&psc=1">View Product</a></div><div class="product"><a href="https://www.amazon.com/dp/B0D3FGY5D6?tag=eloabder-20&linkCode=osi&th=1&psc=1"><img src="https://m.media-amazon.com/images/I/31aAxHQKwVL._SL500_.jpg" alt="Product Image"></a><p>e.l.f. Brow Laminating Gel, Strong-Hold, Clear-Drying & Water-Resistant Brow Gel Creates Laminated Brows, Comb & Sculpt Brows, Vegan & Cruelty-free</p><p>$8.00</p><a href="https://www.amazon.com/dp/B0D3FGY5D6?tag=eloabder-20&linkCode=osi&th=1&psc=1">View Product</a></div><div class="product"><a href="https://www.amazon.com/dp/B00GI21NZA?tag=eloabder-20&linkCode=osi&th=1&psc=1"><img src="https://m.media-amazon.com/images/I/31w5F4g8lsL._SL500_.jpg" alt="Product Image"></a><p>Anastasia Beverly Hills - Clear Brow Gel</p><p>$22.00 ($22.00 / Count)</p><a href="https://www.amazon.com/dp/B00GI21NZA?tag=eloabder-20&linkCode=osi&th=1&psc=1">View Product</a></div>
<div class="product"><a href="https://www.amazon.com/dp/B001AAVC7Y?tag=eloabder-20&linkCode=osi&th=1&psc=1"><img src="https://m.media-amazon.com/images/I/51pWQb458XL._SL500_.jpg" alt="Product Image"></a><p>Palladio Brow Powder for Eyebrows, Soft and Natural Eyebrow Powder with Jojoba Oil & Shea Butter, Helps Enhance & Define Brows, Compact Size for Purse or Travel, Includes Applicator Brush, Taupe</p><p>$8.99</p><a href="https://www.amazon.com/dp/B001AAVC7Y?tag=eloabder-20&linkCode=osi&th=1&psc=1">View Product</a></div><div class="product"><a href="https://www.amazon.com/dp/B082YQ4QXJ?tag=eloabder-20&linkCode=osi&th=1&psc=1"><img src="https://m.media-amazon.com/images/I/41eSAKmXl+L._SL500_.jpg" alt="Product Image"></a><p>wet n wild Ultimate Eyebrow Makeup Kit, Eyebrow Powder Dark Brown, Brow Hair Removal Tweezers, Wax, Brush</p><p>$4.47</p><a href="https://www.amazon.com/dp/B082YQ4QXJ?tag=eloabder-20&linkCode=osi&th=1&psc=1">View Product</a></div><div class="product"><a href="https://www.amazon.com/dp/B06XRTKFLK?tag=eloabder-20&linkCode=osi&th=1&psc=1"><img src="https://m.media-amazon.com/images/I/41XwKxED0-L._SL500_.jpg" alt="Product Image"></a><p>COVERGIRL - Easy Breezy Brow Powder Kit, three shades brow definer, professional double-ended angled brush, effortless, 100% Cruelty-Free</p><p>$8.83</p><a href="https://www.amazon.com/dp/B06XRTKFLK?tag=eloabder-20&linkCode=osi&th=1&psc=1">View Product</a></div><div class="product"><a href="https://www.amazon.com/dp/B00L1JKKMC?tag=eloabder-20&linkCode=osi&th=1&psc=1"><img src="https://m.media-amazon.com/images/I/31bkV3lHN+L._SL500_.jpg" alt="Product Image"></a><p>Anastasia Beverly Hills - Brow Powder Duo - Soft Brown</p><p>$23.00</p><a href="https://www.amazon.com/dp/B00L1JKKMC?tag=eloabder-20&linkCode=osi&th=1&psc=1">View Product</a></div><div class="product"><a href="https://www.amazon.com/dp/B00MGK9Q5M?tag=eloabder-20&linkCode=osi&th=1&psc=1"><img src="https://m.media-amazon.com/images/I/415oCHJxIQL._SL500_.jpg" alt="Product Image"></a><p>Rimmel Brow This Way Sculpting Kit, Medium Brown, Powder 0.04 Ounce, Wax 0.03 Ounce</p><p>$6.99</p><a href="https://www.amazon.com/dp/B00MGK9Q5M?tag=eloabder-20&linkCode=osi&th=1&psc=1">View Product</a></div><div class="product"><a href="https://www.amazon.com/dp/B0051UM9VC?tag=eloabder-20&linkCode=osi&th=1&psc=1"><img src="https://m.media-amazon.com/images/I/41Y-UExgalL._SL500_.jpg" alt="Product Image"></a><p>Billion Dollar BrowBillion Dollar Brows - Eyebrow Powder - Blonde Powder, Blonde,</p><p>$10.99</p><a href="https://www.amazon.com/dp/B0051UM9VC?tag=eloabder-20&linkCode=osi&th=1&psc=1">View Product</a></div><div class="product"><a href="https://www.amazon.com/dp/B08KJBZTJG?tag=eloabder-20&linkCode=osi&th=1&psc=1"><img src="https://m.media-amazon.com/images/I/41MbUKhqKML._SL500_.jpg" alt="Product Image"></a><p>Eyebrow powder three-color eyebrow palette beauty contour eyebrow pencil professional eye makeup eyebrow filler1</p><p>$5.16 ($24.57 / Ounce)</p><a href="https://www.amazon.com/dp/B08KJBZTJG?tag=eloabder-20&linkCode=osi&th=1&psc=1">View Product</a></div><div class="product"><a href="https://www.amazon.com/dp/B0C5N2BWM2?tag=eloabder-20&linkCode=osi&th=1&psc=1"><img src="https://m.media-amazon.com/images/I/41JRf57GnvL._SL500_.jpg" alt="Product Image"></a><p>Eyebrow Powder Makeup Kit-3 Colors Eye Brow Powder Palette Long-Lasting Waterproof, Dark/light Brown Brow Filler, Fill & Sculpt Full Eyebrows for Women, With Mirror, Brow Brush & Razor-Set 02</p><p>$7.99 ($38.05 / Ounce)</p><a href="https://www.amazon.com/dp/B0C5N2BWM2?tag=eloabder-20&linkCode=osi&th=1&psc=1">View Product</a></div><div class="product"><a href="https://www.amazon.com/dp/B00M42I62G?tag=eloabder-20&linkCode=osi&th=1&psc=1"><img src="https://m.media-amazon.com/images/I/51Se54PcS2L._SL500_.jpg" alt="Product Image"></a><p>Marie-José & Co Medium Brown Eyebrow Powder - Perfect eyebrows, powder smooth!</p><p>$17.95</p><a href="https://www.amazon.com/dp/B00M42I62G?tag=eloabder-20&linkCode=osi&th=1&psc=1">View Product</a></div>
<div class="product"><a href="https://www.amazon.com/dp/B085WR3YDT?tag=eloabder-20&linkCode=osi&th=1&psc=1"><img src="https://m.media-amazon.com/images/I/41cuO8PyoTL._SL500_.jpg" alt="Product Image"></a><p>wet n wild Color Icon Cream Eyeshadow Multi-Stick, Moisturizing, Nourishing Velvety Cream-to-Powder Buildable & Blendable Formula, Cruelty-Free & Vegan - Champagne Room</p><p>$3.28</p><a href="https://www.amazon.com/dp/B085WR3YDT?tag=eloabder-20&linkCode=osi&th=1&psc=1">View Product</a></div><div class="product"><a href="https://www.amazon.com/dp/B01IW02HX2?tag=eloabder-20&linkCode=osi&th=1&psc=1"><img src="https://m.media-amazon.com/images/I/510F-WOAL4L._SL500_.jpg" alt="Product Image"></a><p>NYX PROFESSIONAL MAKEUP Ultimate Shadow Palette, Eyeshadow Palette - Warm Neutrals</p><p>$9.99</p><a href="https://www.amazon.com/dp/B01IW02HX2?tag=eloabder-20&linkCode=osi&th=1&psc=1">View Product</a></div><div class="product"><a href="https://www.amazon.com/dp/B092JQ23N5?tag=eloabder-20&linkCode=osi&th=1&psc=1"><img src="https://m.media-amazon.com/images/I/51OUufwItlL._SL500_.jpg" alt="Product Image"></a><p>URBAN DECAY 24/7 Longwear Eyeshadow Single (Sin - Champagne Shimmer), High-Pigment Eye Shadow Compact, Smooth & Blendable Colors, Crease-free, Vegan - 0.06 oz</p><p>$22.00</p><a href="https://www.amazon.com/dp/B092JQ23N5?tag=eloabder-20&linkCode=osi&th=1&psc=1">View Product</a></div><div class="product"><a href="https://www.amazon.com/dp/B00L5SMFJU?tag=eloabder-20&linkCode=osi&th=1&psc=1"><img src="https://m.media-amazon.com/images/I/41-WaM3A3tL._SL500_.jpg" alt="Product Image"></a><p>Covergirl Eye Enhancers Eye Shadow Palette, Natural Nudes, 0.19 Ounce</p><p>$5.48</p><a href="https://www.amazon.com/dp/B00L5SMFJU?tag=eloabder-20&linkCode=osi&th=1&psc=1">View Product</a></div><div class="product"><a href="https://www.amazon.com/dp/B01LW1983J?tag=eloabder-20&linkCode=osi&th=1&psc=1"><img src="https://m.media-amazon.com/images/I/51EsPf59XBL._SL500_.jpg" alt="Product Image"></a><p>Julep Eyeshadow 101 Crème to Powder Waterproof Eyeshadow Stick, Champagne Shimmer</p><p>$18.00</p><a href="https://www.amazon.com/dp/B01LW1983J?tag=eloabder-20&linkCode=osi&th=1&psc=1">View Product</a></div><div class="product"><a href="https://www.amazon.com/dp/B0D3FGFBGQ?tag=eloabder-20&linkCode=osi&th=1&psc=1"><img src="https://m.media-amazon.com/images/I/31HD2nUWJSL._SL500_.jpg" alt="Product Image"></a><p>e.l.f. Lock It Down Eyeshadow Primer, Smooth, Creamy Primer For Long-Lasting Eyeshadow, Intensifies Liquid & Powder Color, Vegan & Cruelty-free</p><p>$7.00</p><a href="https://www.amazon.com/dp/B0D3FGFBGQ?tag=eloabder-20&linkCode=osi&th=1&psc=1">View Product</a></div><div class="product"><a href="https://www.amazon.com/dp/B00UKP1M2K?tag=eloabder-20&linkCode=osi&th=1&psc=1"><img src="https://m.media-amazon.com/images/I/41hSsvPHKxL._SL500_.jpg" alt="Product Image"></a><p>Maybelline The Blushed Nudes Eyeshadow Palette Makeup, 12 Pigmented Matte & Shimmer Shades, Blendable Powder, 1 Count</p><p>$9.32</p><a href="https://www.amazon.com/dp/B00UKP1M2K?tag=eloabder-20&linkCode=osi&th=1&psc=1">View Product</a></div><div class="product"><a href="https://www.amazon.com/dp/B07MQJRK7N?tag=eloabder-20&linkCode=osi&th=1&psc=1"><img src="https://m.media-amazon.com/images/I/41yzRaUSPiL._SL500_.jpg" alt="Product Image"></a><p>Highly Pigmented Eye Makeup Palette, Matte Shimmer Metallic Eyeshadow Pallet Long Lasting Blendable Natural Colors Make Up Eye Shadows Cosmetics Gift Kit</p><p>$7.39</p><a href="https://www.amazon.com/dp/B07MQJRK7N?tag=eloabder-20&linkCode=osi&th=1&psc=1">View Product</a></div><div class="product"><a href="https://www.amazon.com/dp/B08RS6WNX7?tag=eloabder-20&linkCode=osi&th=1&psc=1"><img src="https://m.media-amazon.com/images/I/51qCii788PL._SL500_.jpg" alt="Product Image"></a><p>wet n wild Color Icon 5-Pan Palette Brown Walking On Eggshells</p><p>$3.19</p><a href="https://www.amazon.com/dp/B08RS6WNX7?tag=eloabder-20&linkCode=osi&th=1&psc=1">View Product</a></div><div class="product"><a href="https://www.amazon.com/dp/B073ZBGLJF?tag=eloabder-20&linkCode=osi&th=1&psc=1"><img src="https://m.media-amazon.com/images/I/41go9Ug8AOL._SL500_.jpg" alt="Product Image"></a><p>BestLand 2 Pack 12 Colors Makeup Nude Colors Eyeshadow Palette Natural Nude Matte Shimmer Glitter Pigment Eye Shadow Pallete Set Waterproof Smokey Professional Beauty Makeup Kit (2 PCS)</p><p>$9.99</p><a href="https://www.amazon.com/dp/B073ZBGLJF?tag=eloabder-20&linkCode=osi&th=1&psc=1">View Product</a></div>
<div class="product"><a href="https://www.amazon.com/dp/B095PSJ7QV?tag=eloabder-20&linkCode=osi&th=1&psc=1"><img src="https://m.media-amazon.com/images/I/41KLL00KKZL._SL500_.jpg" alt="Product Image"></a><p>URBAN DECAY Naked3 Mini Eyeshadow Palette - Pigmented Eye Makeup Palette For On the Go - Ultra Blendable - Up to 12 Hour Wear</p><p>$35.00</p><a href="https://www.amazon.com/dp/B095PSJ7QV?tag=eloabder-20&linkCode=osi&th=1&psc=1">View Product</a></div><div class="product"><a href="https://www.amazon.com/dp/B07DZZG8X4?tag=eloabder-20&linkCode=osi&th=1&psc=1"><img src="https://m.media-amazon.com/images/I/41Rbe3ixSHL._SL500_.jpg" alt="Product Image"></a><p>Rimmel London Magnif'Eyes Eyeshadow Palette, 12 Shades, Blendable Formula, Versatile, 007, Crimson, 0.5oz</p><p>$3.70</p><a href="https://www.amazon.com/dp/B07DZZG8X4?tag=eloabder-20&linkCode=osi&th=1&psc=1">View Product</a></div><div class="product"><a href="https://www.amazon.com/dp/B00HIFA24O?tag=eloabder-20&linkCode=osi&th=1&psc=1"><img src="https://m.media-amazon.com/images/I/41pHzrdjcPL._SL500_.jpg" alt="Product Image"></a><p>URBAN DECAY Naked 3, Soft Pink Neutral Eyeshadow Palette, Matte, Pearl, Metallic, Shimmer Finish, 12 Mauve Brown & Nude Eye Shadows, Natural Soft Glam Smokey Eye Makeup, Vegan, Cruelty-free</p><p>$59.00</p><a href="https://www.amazon.com/dp/B00HIFA24O?tag=eloabder-20&linkCode=osi&th=1&psc=1">View Product</a></div><div class="product"><a href="https://www.amazon.com/dp/B0CP49R493?tag=eloabder-20&linkCode=osi&th=1&psc=1"><img src="https://m.media-amazon.com/images/I/41mV4uKx5HL._SL500_.jpg" alt="Product Image"></a><p>FLYEEO Neutral Brown Eye Shadow palette- Rose Gold Dark Brown Eyeshadow Palette Colorful 9 Colors, Matte Shimmer Highly Pigmented Nude Eyeshadow Palette Makeup Naturing-Looking Long Lasting</p><p>$5.88</p><a href="https://www.amazon.com/dp/B0CP49R493?tag=eloabder-20&linkCode=osi&th=1&psc=1">View Product</a></div><div class="product"><a href="https://www.amazon.com/dp/B0CYX9V642?tag=eloabder-20&linkCode=osi&th=1&psc=1"><img src="https://m.media-amazon.com/images/I/51jaIKsO-uL._SL500_.jpg" alt="Product Image"></a><p>imakeupnow 45 Shades Eye Shadow Makeup Palette Set Colorful Bright, High Pigmented Eyeshadow Pallets, Matte Shimmer Glitter for Halloween</p><p>$7.59</p><a href="https://www.amazon.com/dp/B0CYX9V642?tag=eloabder-20&linkCode=osi&th=1&psc=1">View Product</a></div>
<div class="product"><a href="https://www.amazon.com/dp/B0C9TXLWLY?tag=eloabder-20&linkCode=osi&th=1&psc=1"><img src="https://m.media-amazon.com/images/I/31-5KVw5KDL._SL500_.jpg" alt="Product Image"></a><p>PRIME PROMETICS PrimeEyes Glide Eyeliner for Mature Women – Water-Resistant, Long-Stay and Mess-Proof – Gel Cream Texture, Discreet Sharpener and Effective Smudger (Black)</p><p>$28.00 ($28.00 / Count)</p><a href="https://www.amazon.com/dp/B0C9TXLWLY?tag=eloabder-20&linkCode=osi&th=1&psc=1">View Product</a></div><div class="product"><a href="https://www.amazon.com/dp/B07MWSXPT1?tag=eloabder-20&linkCode=osi&th=1&psc=1"><img src="https://m.media-amazon.com/images/I/315xthaPi6L._SL500_.jpg" alt="Product Image"></a><p>e.l.f. No Budge Retractable Eyeliner, Creamy, Ultra-Pigmented & Waterproof, Creates Bold & Defined Lines, Vegan & Cruelty-Free, Black 0.006 Oz</p><p>$4.00</p><a href="https://www.amazon.com/dp/B07MWSXPT1?tag=eloabder-20&linkCode=osi&th=1&psc=1">View Product</a></div><div class="product"><a href="https://www.amazon.com/dp/B07W8JJ61X?tag=eloabder-20&linkCode=osi&th=1&psc=1"><img src="https://m.media-amazon.com/images/I/31wj5vRROwL._SL500_.jpg" alt="Product Image"></a><p>Maybelline Hyper Easy Liquid Pen No-Skip Eyeliner, Satin Finish, Waterproof Formula, Pitch Black, 0.018 Fl Oz</p><p>$8.38</p><a href="https://www.amazon.com/dp/B07W8JJ61X?tag=eloabder-20&linkCode=osi&th=1&psc=1">View Product</a></div><div class="product"><a href="https://www.amazon.com/dp/B01J1A3TFW?tag=eloabder-20&linkCode=osi&th=1&psc=1"><img src="https://m.media-amazon.com/images/I/51z42sdOArL._SL500_.jpg" alt="Product Image"></a><p>Revlon Pencil Eyeliner, ColorStay Eye Makeup with Built-in Sharpener, Waterproof, Smudge-proof, Longwearing with Ultra-Fine Tip, 201 Black, 2 count (Pack of 1)</p><p>$11.38</p><a href="https://www.amazon.com/dp/B01J1A3TFW?tag=eloabder-20&linkCode=osi&th=1&psc=1">View Product</a></div><div class="product"><a href="https://www.amazon.com/dp/B074Y8LM6T?tag=eloabder-20&linkCode=osi&th=1&psc=1"><img src="https://m.media-amazon.com/images/I/316blXt1KxL._SL500_.jpg" alt="Product Image"></a><p>NYX PROFESSIONAL MAKEUP Epic Ink Liner, Waterproof Liquid Eyeliner - Black, Vegan Formula</p><p>$7.50</p><a href="https://www.amazon.com/dp/B074Y8LM6T?tag=eloabder-20&linkCode=osi&th=1&psc=1">View Product</a></div><div class="product"><a href="https://www.amazon.com/dp/B005G9E9FW?tag=eloabder-20&linkCode=osi&th=1&psc=1"><img src="https://m.media-amazon.com/images/I/51poZdEojrL._SL500_.jpg" alt="Product Image"></a><p>NYX PROFESSIONAL MAKEUP Vivid Rich Mechanical Eye Pencil, Vivid Rich Mechanical, Creamy Retractable Eyeliner - Smokin Topaz, Brown Eyeliner</p><p>$6.00</p><a href="https://www.amazon.com/dp/B005G9E9FW?tag=eloabder-20&linkCode=osi&th=1&psc=1">View Product</a></div><div class="product"><a href="https://www.amazon.com/dp/B082YQ8TXR?tag=eloabder-20&linkCode=osi&th=1&psc=1"><img src="https://m.media-amazon.com/images/I/31Et4E-arpL._SL500_.jpg" alt="Product Image"></a><p>wet n wild Mega Last Breakup Proof Liquid Eyeliner - Quick Drying, Smudge-Resistant, 16-Hour Wear - Cruelty-Free & Vegan - Black</p><p>$5.47</p><a href="https://www.amazon.com/dp/B082YQ8TXR?tag=eloabder-20&linkCode=osi&th=1&psc=1">View Product</a></div><div class="product"><a href="https://www.amazon.com/dp/B07NX61ZHN?tag=eloabder-20&linkCode=osi&th=1&psc=1"><img src="https://m.media-amazon.com/images/I/31kQNTwJazL._SL500_.jpg" alt="Product Image"></a><p>Rimmel London exaggerate auto waterproof eye definer in blackest black, 2 Count</p><p>$6.97</p><a href="https://www.amazon.com/dp/B07NX61ZHN?tag=eloabder-20&linkCode=osi&th=1&psc=1">View Product</a></div><div class="product"><a href="https://www.amazon.com/dp/B082YPRCMM?tag=eloabder-20&linkCode=osi&th=1&psc=1"><img src="https://m.media-amazon.com/images/I/317ubI9GTBL._SL500_.jpg" alt="Product Image"></a><p>wet n wild Mega Last Breakup Proof Eyeliner, Quick Drying, Waterproof, 16-Hour Wear - Cruelty-Free & Vegan - Blackest Black</p><p>$2.28</p><a href="https://www.amazon.com/dp/B082YPRCMM?tag=eloabder-20&linkCode=osi&th=1&psc=1">View Product</a></div><div class="product"><a href="https://www.amazon.com/dp/B07GX832KD?tag=eloabder-20&linkCode=osi&th=1&psc=1"><img src="https://m.media-amazon.com/images/I/315wR2F58-L._SL500_.jpg" alt="Product Image"></a><p>Maybelline TattooStudio Long-Lasting Sharpenable Eyeliner Pencil, Glide on Smooth Gel Pigments with 36 Hour Wear, Waterproof, Deep Onyx, 1 Count</p><p>$6.42</p><a href="https://www.amazon.com/dp/B07GX832KD?tag=eloabder-20&linkCode=osi&th=1&psc=1">View Product</a></div>
<div class="product"><a href="https://www.amazon.com/dp/B0BG7MWNNN?tag=eloabder-20&linkCode=osi&th=1&psc=1"><img src="https://m.media-amazon.com/images/I/41E8W4N+FkL._SL500_.jpg" alt="Product Image"></a><p>Prime Prometics PrimeLash Mascara for Older Women – Volumizing, Incredible Length in 2 Coats – Long-Stay, Zero Clumps, Hypoallergenic (Brown)</p><p>$28.00</p><a href="https://www.amazon.com/dp/B0BG7MWNNN?tag=eloabder-20&linkCode=osi&th=1&psc=1">View Product</a></div><div class="product"><a href="https://www.amazon.com/dp/B00T0C9XRK?tag=eloabder-20&linkCode=osi&th=1&psc=1"><img src="https://m.media-amazon.com/images/I/41IP2ZEXFNL._SL500_.jpg" alt="Product Image"></a><p>essence | Lash Princess False Lash Effect Mascara | Volumizing & Lengthening | Cruelty Free & Paraben Free</p><p>$4.99 ($12.17 / Fl Oz )</p><a href="https://www.amazon.com/dp/B00T0C9XRK?tag=eloabder-20&linkCode=osi&th=1&psc=1">View Product</a></div><div class="product"><a href="https://www.amazon.com/dp/B08H3JPH74?tag=eloabder-20&linkCode=osi&th=1&psc=1"><img src="https://m.media-amazon.com/images/I/31hf532TEHL._SL500_.jpg" alt="Product Image"></a><p>Maybelline Lash Sensational Sky High Washable Mascara Makeup, Volumizing, Lengthening, Defining, Curling, Multiplying, Buildable Formula, Blackest Black, 1 Count</p><p>$9.98</p><a href="https://www.amazon.com/dp/B08H3JPH74?tag=eloabder-20&linkCode=osi&th=1&psc=1">View Product</a></div><div class="product"><a href="https://www.amazon.com/dp/B01DPA6OHO?tag=eloabder-20&linkCode=osi&th=1&psc=1"><img src="https://m.media-amazon.com/images/I/31xGLWu4IKL._SL500_.jpg" alt="Product Image"></a><p>L'Oreal Paris Makeup Voluminous Lash Boosting Conditioning Primer Mascara, White Primer, 0.24 fl; oz.</p><p>$8.88</p><a href="https://www.amazon.com/dp/B01DPA6OHO?tag=eloabder-20&linkCode=osi&th=1&psc=1">View Product</a></div><div class="product"><a href="https://www.amazon.com/dp/B06XF2TR11?tag=eloabder-20&linkCode=osi&th=1&psc=1"><img src="https://m.media-amazon.com/images/I/31B6RR270IL._SL500_.jpg" alt="Product Image"></a><p>L'Oreal Paris Voluminous Makeup Lash Paradise Mascara, Voluptuous Volume, Intense Length, Feathery Soft Full Lashes, No Flaking, No Smudging, No Clumping, Blackest Black, 1 Count</p><p>$9.97</p><a href="https://www.amazon.com/dp/B06XF2TR11?tag=eloabder-20&linkCode=osi&th=1&psc=1">View Product</a></div><div class="product"><a href="https://www.amazon.com/dp/B004BCTFVS?tag=eloabder-20&linkCode=osi&th=1&psc=1"><img src="https://m.media-amazon.com/images/I/31-ICBRxi9L._SL500_.jpg" alt="Product Image"></a><p>L'Oreal Paris Makeup Voluminous Original Volume Building Mascara, Blackest Black, 0.28 fl; Oz, 1 Count</p><p>$8.95</p><a href="https://www.amazon.com/dp/B004BCTFVS?tag=eloabder-20&linkCode=osi&th=1&psc=1">View Product</a></div><div class="product"><a href="https://www.amazon.com/dp/B004BD107O?tag=eloabder-20&linkCode=osi&th=1&psc=1"><img src="https://m.media-amazon.com/images/I/31OWqsdljyL._SL500_.jpg" alt="Product Image"></a><p>L'Oreal Paris Makeup Telescopic Original Lengthening Mascara, Blackest Black, 0.27 Fl Oz (1 Count)</p><p>$10.99</p><a href="https://www.amazon.com/dp/B004BD107O?tag=eloabder-20&linkCode=osi&th=1&psc=1">View Product</a></div><div class="product"><a href="https://www.amazon.com/dp/B00PFCT2R0?tag=eloabder-20&linkCode=osi&th=1&psc=1"><img src="https://m.media-amazon.com/images/I/31RyE6ZtDIL._SL500_.jpg" alt="Product Image"></a><p>Maybelline Lash Sensational Washable Mascara, Lengthening and Volumizing for a Full Fan Effect, Blackest Black, 1 Count</p><p>$8.91</p><a href="https://www.amazon.com/dp/B00PFCT2R0?tag=eloabder-20&linkCode=osi&th=1&psc=1">View Product</a></div><div class="product"><a href="https://www.amazon.com/dp/B08TPCHYLW?tag=eloabder-20&linkCode=osi&th=1&psc=1"><img src="https://m.media-amazon.com/images/I/31EWIaihEwL._SL500_.jpg" alt="Product Image"></a><p>Lancôme Lash Idôle Lash-Lifting & Volumizing Mascara - Black Mascara for Instant Volume, Length & Lift - Smudge Proof & Up To 24H Wear - Black</p><p>$30.00 ($111.11 / Fl Oz)</p><a href="https://www.amazon.com/dp/B08TPCHYLW?tag=eloabder-20&linkCode=osi&th=1&psc=1">View Product</a></div><div class="product"><a href="https://www.amazon.com/dp/B079X4DB3J?tag=eloabder-20&linkCode=osi&th=1&psc=1"><img src="https://m.media-amazon.com/images/I/31jCqqzhgIL._SL500_.jpg" alt="Product Image"></a><p>essence | Volume Booster Lash Primer Mascara | Infused with Mango Butter and Acai Oil for Nurtured Lashes | Conditioning Mascara Primer | White | Vegan | Paraben & Cruelty Free (Pack of 1)</p><p>$4.99</p><a href="https://www.amazon.com/dp/B079X4DB3J?tag=eloabder-20&linkCode=osi&th=1&psc=1">View Product</a></div>
<div class="product"><a href="https://www.amazon.com/dp/B079B8BFR3?tag=eloabder-20&linkCode=osi&th=1&psc=1"><img src="https://m.media-amazon.com/images/I/41DSmndr3KL._SL500_.jpg" alt="Product Image"></a><p>KISS Looks So Natural, False Eyelashes, Shy', 12 mm, Includes 5 Pairs Of Lashes, Contact Lens Friendly, Easy to Apply, Reusable Strip Lashes, Glue On</p><p>$7.09</p><a href="https://www.amazon.com/dp/B079B8BFR3?tag=eloabder-20&linkCode=osi&th=1&psc=1">View Product</a></div><div class="product"><a href="https://www.amazon.com/dp/B09MQCDVM7?tag=eloabder-20&linkCode=osi&th=1&psc=1"><img src="https://m.media-amazon.com/images/I/510lQqrrVtL._SL500_.jpg" alt="Product Image"></a><p>False Eyelashes 14mm Faux 3D Mink Lashes Natural Look Fluffy Cat Eye Wispy Lashes Pack by Kiromiro, 14 Pairs</p><p>$8.89</p><a href="https://www.amazon.com/dp/B09MQCDVM7?tag=eloabder-20&linkCode=osi&th=1&psc=1">View Product</a></div><div class="product"><a href="https://www.amazon.com/dp/B0C5QK1QHP?tag=eloabder-20&linkCode=osi&th=1&psc=1"><img src="https://m.media-amazon.com/images/I/51eSQ4cj35L._SL500_.jpg" alt="Product Image"></a><p>Veleasha Lashes 5D Faux Mink Lashes 100% Handmade Luxurious Fake Eyelashes Lightweight Fluffy False Eyelashes 5 Pairs Pack (G2)</p><p>$6.98 ($1.40 / Count)</p><a href="https://www.amazon.com/dp/B0C5QK1QHP?tag=eloabder-20&linkCode=osi&th=1&psc=1">View Product</a></div><div class="product"><a href="https://www.amazon.com/dp/B00DS4EIEE?tag=eloabder-20&linkCode=osi&th=1&psc=1"><img src="https://m.media-amazon.com/images/I/415k4JSKxOL._SL500_.jpg" alt="Product Image"></a><p>KISS So Wispy, False Eyelashes, Style #11', 12 mm, Includes 5 Pairs Of Lashes, Contact Lens Friendly, Easy to Apply, Reusable Strip Lashes, Glue On, Mulitpack</p><p>$8.97 ($1.79 / Count)</p><a href="https://www.amazon.com/dp/B00DS4EIEE?tag=eloabder-20&linkCode=osi&th=1&psc=1">View Product</a></div><div class="product"><a href="https://www.amazon.com/dp/B08R6PR7ND?tag=eloabder-20&linkCode=osi&th=1&psc=1"><img src="https://m.media-amazon.com/images/I/41r4c3ZiCWL._SL500_.jpg" alt="Product Image"></a><p>KISS My Lash But Better, False Eyelashes, All Mine', 10 mm, Includes 1 Pair Of Lashes, Contact Lens Friendly, Easy to Apply, Reusable Strip Lashes, Glue-On</p><p>$3.97</p><a href="https://www.amazon.com/dp/B08R6PR7ND?tag=eloabder-20&linkCode=osi&th=1&psc=1">View Product</a></div><div class="product"><a href="https://www.amazon.com/dp/B0B1LRRTCH?tag=eloabder-20&linkCode=osi&th=1&psc=1"><img src="https://m.media-amazon.com/images/I/41gc2Df+nAL._SL500_.jpg" alt="Product Image"></a><p>GMAGICTOBO False Eyelashes Natural Half Lashes Short Wispy Clear Band Lashes Pack Cat Eye 3D Faux Mink Lashes Fake Eyelashes 7 Pairs Multipack</p><p>$8.59 ($1.23 / Count)</p><a href="https://www.amazon.com/dp/B0B1LRRTCH?tag=eloabder-20&linkCode=osi&th=1&psc=1">View Product</a></div><div class="product"><a href="https://www.amazon.com/dp/B0BX3YHN14?tag=eloabder-20&linkCode=osi&th=1&psc=1"><img src="https://m.media-amazon.com/images/I/51YYa1vTElL._SL500_.jpg" alt="Product Image"></a><p>KISS imPRESS Falsies False Eyelashes, Lash Clusters, Voluminous', 14 mm, Includes 20 Clusters, 1 applicator, Contact Lens Friendly, Easy to Apply, Reusable Strip Lashes</p><p>$12.72</p><a href="https://www.amazon.com/dp/B0BX3YHN14?tag=eloabder-20&linkCode=osi&th=1&psc=1">View Product</a></div><div class="product"><a href="https://www.amazon.com/dp/B00YYHHI1E?tag=eloabder-20&linkCode=osi&th=1&psc=1"><img src="https://m.media-amazon.com/images/I/419bv9iNI9L._SL500_.jpg" alt="Product Image"></a><p>Ardell False Eyelashes Demi Wispies Black, 1 pack (6 pairs per pack)</p><p>$9.74 ($1.95 / Count)</p><a href="https://www.amazon.com/dp/B00YYHHI1E?tag=eloabder-20&linkCode=osi&th=1&psc=1">View Product</a></div><div class="product"><a href="https://www.amazon.com/dp/B0CG5SY8J1?tag=eloabder-20&linkCode=osi&th=1&psc=1"><img src="https://m.media-amazon.com/images/I/41SWlZB3plL._SL500_.jpg" alt="Product Image"></a><p>Natural Lashes Natural Eyelashes Short Eyelashes Natural Look False Eyelashes Wispy Eye Lashes 10mm Small Lashes Fake Lashes K50</p><p>$7.93 ($1.13 / Count)</p><a href="https://www.amazon.com/dp/B0CG5SY8J1?tag=eloabder-20&linkCode=osi&th=1&psc=1">View Product</a></div><div class="product"><a href="https://www.amazon.com/dp/B08SPVMDTV?tag=eloabder-20&linkCode=osi&th=1&psc=1"><img src="https://m.media-amazon.com/images/I/41Q6wh0HacL._SL500_.jpg" alt="Product Image"></a><p>KISS Falscara Multipack False Eyelashes, Lash Clusters, Natural Wispy Wisps', 10mm-12mm-14mm, Includes 24 Assorted Lengths Wisps, Contact Lens Friendly, Easy to Apply, Reusable Strip Lashes</p><p>$6.47 ($0.27 / Count)</p><a href="https://www.amazon.com/dp/B08SPVMDTV?tag=eloabder-20&linkCode=osi&th=1&psc=1">View Product</a></div>
<div class="product"><a href="https://www.amazon.com/dp/B01BMMOAFU?tag=eloabder-20&linkCode=osi&th=1&psc=1"><img src="https://m.media-amazon.com/images/I/41RH+KsNzoS._SL500_.jpg" alt="Product Image"></a><p>KISS Strip Lash Adhesive, Lash Glue, 24hr Strip Eyelash Adhesive, Clear, Includes Lash Adhesive, Long Lasting Wear, Can Be Used with Strip Lashes and Lash Clusters</p><p>$3.97 ($23.35 / Ounce)</p><a href="https://www.amazon.com/dp/B01BMMOAFU?tag=eloabder-20&linkCode=osi&th=1&psc=1">View Product</a></div><div class="product"><a href="https://www.amazon.com/dp/B0BFRB2LNS?tag=eloabder-20&linkCode=osi&th=1&psc=1"><img src="https://m.media-amazon.com/images/I/41uxD-vIXQL._SL500_.jpg" alt="Product Image"></a><p>Cluster Lash Bond and Seal, Lash Cluster Glue for Individual Eyelash Extensions Strong Hold Individual Lash Glue Individual Eyelashes Glue Mascara for Personal Makeup Use at Home(5ml)</p><p>$8.99 ($52.88 / Fl Oz)</p><a href="https://www.amazon.com/dp/B0BFRB2LNS?tag=eloabder-20&linkCode=osi&th=1&psc=1">View Product</a></div><div class="product"><a href="https://www.amazon.com/dp/B006UZMXZY?tag=eloabder-20&linkCode=osi&th=1&psc=1"><img src="https://m.media-amazon.com/images/I/41YrQ9QUhlL._SL500_.jpg" alt="Product Image"></a><p>DUO Brush-On Lash Adhesive with Vitamins A, C & E, Clear, 0.18 oz, 1-Pack</p><p>$4.92 ($27.33 / Ounce)</p><a href="https://www.amazon.com/dp/B006UZMXZY?tag=eloabder-20&linkCode=osi&th=1&psc=1">View Product</a></div><div class="product"><a href="https://www.amazon.com/dp/B0BVLL8ZQF?tag=eloabder-20&linkCode=osi&th=1&psc=1"><img src="https://m.media-amazon.com/images/I/41OSC3l2NuL._SL500_.jpg" alt="Product Image"></a><p>Lash Glue Bond and Seal Long Lasting Strong Hold Waterproof 2 in 1 Cluster Eyelash Glue for DIY Lash Extensions by Mavphnee</p><p>$7.99 ($23.50 / Fl Oz)</p><a href="https://www.amazon.com/dp/B0BVLL8ZQF?tag=eloabder-20&linkCode=osi&th=1&psc=1">View Product</a></div><div class="product"><a href="https://www.amazon.com/dp/B01N143CA0?tag=eloabder-20&linkCode=osi&th=1&psc=1"><img src="https://m.media-amazon.com/images/I/31DwI2yjwYL._SL500_.jpg" alt="Product Image"></a><p>Extra Strong Eyelash Extension Glue Stacy Lash (0.17fl.oz / 5ml) / 0.5-1 Sec Dry/Retention – 8 Weeks/Black Adhesive/Professional Supplies</p><p>$21.49 ($126.41 / Fl Oz)</p><a href="https://www.amazon.com/dp/B01N143CA0?tag=eloabder-20&linkCode=osi&th=1&psc=1">View Product</a></div><div class="product"><a href="https://www.amazon.com/dp/B00RH8XUZK?tag=eloabder-20&linkCode=osi&th=1&psc=1"><img src="https://m.media-amazon.com/images/I/41ywEIr4LGL._SL500_.jpg" alt="Product Image"></a><p>i-Envy by KISS Super Strong Hold Eyelash Adhesive, Brush on, Waterproof Long-Lasting Strip Lash Glue, Natural-Looking Allergy & Latex Free with Brush Applicator (Clear)</p><p>$5.09</p><a href="https://www.amazon.com/dp/B00RH8XUZK?tag=eloabder-20&linkCode=osi&th=1&psc=1">View Product</a></div><div class="product"><a href="https://www.amazon.com/dp/B0B138BNSQ?tag=eloabder-20&linkCode=osi&th=1&psc=1"><img src="https://m.media-amazon.com/images/I/41y28D4CT2L._SL500_.jpg" alt="Product Image"></a><p>AOA Studio Eyelash Lash Glue Enhancers 4pcs Strip Lash Adhesive Strong Hold Water Proof Formula No Irritation Latex Free Long Lasing Quick Dry Eyelash adhesive 0.17oz Each (4 Pack) (Clear)</p><p>$8.95 ($2.24 / Count)</p><a href="https://www.amazon.com/dp/B0B138BNSQ?tag=eloabder-20&linkCode=osi&th=1&psc=1">View Product</a></div><div class="product"><a href="https://www.amazon.com/dp/B0CGKV8WRR?tag=eloabder-20&linkCode=osi&th=1&psc=1"><img src="https://m.media-amazon.com/images/I/31KsdJxWyQL._SL500_.jpg" alt="Product Image"></a><p>FlutterHabit Made for This Adhesive Lash Glue for Eyelash Extensions - Your Ultimate All-Day Hold Lash Cluster Glue for Effortless, Stunning, and Long-Lasting Eyelashes - All-in-one Lash Glue</p><p>$17.99</p><a href="https://www.amazon.com/dp/B0CGKV8WRR?tag=eloabder-20&linkCode=osi&th=1&psc=1">View Product</a></div><div class="product"><a href="https://www.amazon.com/dp/B09HK77CF1?tag=eloabder-20&linkCode=osi&th=1&psc=1"><img src="https://m.media-amazon.com/images/I/41md8lf4CYL._SL500_.jpg" alt="Product Image"></a><p>Lilac St - Pro Lash Glue - Long Lasting & Fast Drying Lash Application - Mini Mascara Wand Applicator - Latex Free - Vegan & Cruelty Free - Black</p><p>$19.00 ($111.76 / Ounce)</p><a href="https://www.amazon.com/dp/B09HK77CF1?tag=eloabder-20&linkCode=osi&th=1&psc=1">View Product</a></div><div class="product"><a href="https://www.amazon.com/dp/B07BGT18DP?tag=eloabder-20&linkCode=osi&th=1&psc=1"><img src="https://m.media-amazon.com/images/I/41FjwdBfRYL._SL500_.jpg" alt="Product Image"></a><p>Extra Strong Evolution Eyelash Extension Glue Stacy Lash (0.17fl.oz/5ml)/1-2 Sec Dry/Retention – 8 Weeks/Professional Supplies/Black Adhesive</p><p>$21.99 ($129.35 / Fl Oz)</p><a href="https://www.amazon.com/dp/B07BGT18DP?tag=eloabder-20&linkCode=osi&th=1&psc=1">View Product</a></div>
<div class="product"><a href="https://www.amazon.com/dp/B09T8DQ1SG?tag=eloabder-20&linkCode=osi&th=1&psc=1"><img src="https://m.media-amazon.com/images/I/41gpuwrIhOL._SL500_.jpg" alt="Product Image"></a><p>Maybelline Super Stay Vinyl Ink Longwear No-Budge Liquid Lipcolor Makeup, Highly Pigmented Color and Instant Shine, Royal, Deep Wine Red Lipstick, 0.14 fl oz, 1 Count</p><p>$9.98</p><a href="https://www.amazon.com/dp/B09T8DQ1SG?tag=eloabder-20&linkCode=osi&th=1&psc=1">View Product</a></div><div class="product"><a href="https://www.amazon.com/dp/B08H4FSGDX?tag=eloabder-20&linkCode=osi&th=1&psc=1"><img src="https://m.media-amazon.com/images/I/31OAiyoloML._SL500_.jpg" alt="Product Image"></a><p>Maybelline Super Stay Matte Ink Liquid Lipstick Makeup, Long Lasting High Impact Color, Up to 16H Wear, Exhilarator, Ruby Red, 1 Count</p><p>$9.18</p><a href="https://www.amazon.com/dp/B08H4FSGDX?tag=eloabder-20&linkCode=osi&th=1&psc=1">View Product</a></div><div class="product"><a href="https://www.amazon.com/dp/B07XTTDTWR?tag=eloabder-20&linkCode=osi&th=1&psc=1"><img src="https://m.media-amazon.com/images/I/31M4QldCq3L._SL500_.jpg" alt="Product Image"></a><p>REVLON Lipstick, Super Lustrous Lipstick, Creamy Formula For Soft, Fuller-Looking Lips, Moisturized Feel in Nudes & Browns, Bare It All (755) 0.15 oz</p><p>$6.48</p><a href="https://www.amazon.com/dp/B07XTTDTWR?tag=eloabder-20&linkCode=osi&th=1&psc=1">View Product</a></div><div class="product"><a href="https://www.amazon.com/dp/B079KFP7NT?tag=eloabder-20&linkCode=osi&th=1&psc=1"><img src="https://m.media-amazon.com/images/I/41Ih8G0FSmL._SL500_.jpg" alt="Product Image"></a><p>wet n wild Silk Finish Lipstick, Hydrating Rich Buildable Lip Color, Formulated with Vitamins A,E, & Macadamia for Ultimate Hydration, Cruelty-Free & Vegan - Raging Red</p><p>$1.29</p><a href="https://www.amazon.com/dp/B079KFP7NT?tag=eloabder-20&linkCode=osi&th=1&psc=1">View Product</a></div><div class="product"><a href="https://www.amazon.com/dp/B002F3R44K?tag=eloabder-20&linkCode=osi&th=1&psc=1"><img src="https://m.media-amazon.com/images/I/41-gXIE96GL._SL500_.jpg" alt="Product Image"></a><p>Revlon Lipstick, Super Lustrous Lipstick, Creamy Formula For Soft, Fuller-Looking Lips, Moisturized Feel in Pinks, Pink In The Afternoon (415) 0.15 oz</p><p>$6.48</p><a href="https://www.amazon.com/dp/B002F3R44K?tag=eloabder-20&linkCode=osi&th=1&psc=1">View Product</a></div><div class="product"><a href="https://www.amazon.com/dp/B001LFER98?tag=eloabder-20&linkCode=osi&th=1&psc=1"><img src="https://m.media-amazon.com/images/I/41wezVKuIoL._SL500_.jpg" alt="Product Image"></a><p>REVLON Lipstick, Super Lustrous Lipstick, Creamy Formula For Soft, Fuller-Looking Lips, Moisturized Feel in Reds & Corals, Peach Me (628) 0.15 oz</p><p>$4.99</p><a href="https://www.amazon.com/dp/B001LFER98?tag=eloabder-20&linkCode=osi&th=1&psc=1">View Product</a></div><div class="product"><a href="https://www.amazon.com/dp/B0046VESH0?tag=eloabder-20&linkCode=osi&th=1&psc=1"><img src="https://m.media-amazon.com/images/I/31yAUm+1KhL._SL500_.jpg" alt="Product Image"></a><p>MAYBELLINE Super Stay 24, 2-Step Liquid Lipstick Makeup, Long Lasting Highly Pigmented Color with Moisturizing Balm, Blush On, Pink, 1 Count</p><p>$8.98</p><a href="https://www.amazon.com/dp/B0046VESH0?tag=eloabder-20&linkCode=osi&th=1&psc=1">View Product</a></div>
<div class="product"><a href="https://www.amazon.com/dp/B09SP2XHKT?tag=eloabder-20&linkCode=osi&th=1&psc=1"><img src="https://m.media-amazon.com/images/I/31KGrScgA8L._SL500_.jpg" alt="Product Image"></a><p>NYX PROFESSIONAL MAKEUP Butter Gloss, Non-Sticky Lip Gloss - Sugar Glass (Clear)</p><p>$5.97</p><a href="https://www.amazon.com/dp/B09SP2XHKT?tag=eloabder-20&linkCode=osi&th=1&psc=1">View Product</a></div><div class="product"><a href="https://www.amazon.com/dp/B08GSTZ7ZW?tag=eloabder-20&linkCode=osi&th=1&psc=1"><img src="https://m.media-amazon.com/images/I/41nPuTtXVgL._SL500_.jpg" alt="Product Image"></a><p>Ruby Kisses Broadway Vita-Lip Clear Lip Gloss - Moisturizing, Hydrating, Nourishing with Mint, Rosehip, Coconut, Mango, Argan, Honey & Shea</p><p>$7.99 ($2.12 / Ounce)</p><a href="https://www.amazon.com/dp/B08GSTZ7ZW?tag=eloabder-20&linkCode=osi&th=1&psc=1">View Product</a></div><div class="product"><a href="https://www.amazon.com/dp/B015RPE14S?tag=eloabder-20&linkCode=osi&th=1&psc=1"><img src="https://m.media-amazon.com/images/I/31FRC3fz7EL._SL500_.jpg" alt="Product Image"></a><p>L.A. Colors High Shine Shea Butter Lip Gloss, Clear, 0.14 Ounce</p><p>$1.98</p><a href="https://www.amazon.com/dp/B015RPE14S?tag=eloabder-20&linkCode=osi&th=1&psc=1">View Product</a></div><div class="product"><a href="https://www.amazon.com/dp/B00Q26VWZI?tag=eloabder-20&linkCode=osi&th=1&psc=1"><img src="https://m.media-amazon.com/images/I/31Bqig96T0L._SL500_.jpg" alt="Product Image"></a><p>Rimmel Stay Glossy Lip Gloss - Non-Sticky and Lightweight Formula for Lip Color and Shine - 130 Blushing Belgraves, .18oz</p><p>$3.97</p><a href="https://www.amazon.com/dp/B00Q26VWZI?tag=eloabder-20&linkCode=osi&th=1&psc=1">View Product</a></div><div class="product"><a href="https://www.amazon.com/dp/B081C6PXZJ?tag=eloabder-20&linkCode=osi&th=1&psc=1"><img src="https://m.media-amazon.com/images/I/51+emO79aqL._SL500_.jpg" alt="Product Image"></a><p>NICKA K NEW YORK VARIETY SET OF 5 NK Hydrating Lip Gel - Vitamin E (Clear, Rosehip Oil, Bubble Gum, Cherry, Strawberry)</p><p>$5.41</p><a href="https://www.amazon.com/dp/B081C6PXZJ?tag=eloabder-20&linkCode=osi&th=1&psc=1">View Product</a></div><div class="product"><a href="https://www.amazon.com/dp/B085S94V2K?tag=eloabder-20&linkCode=osi&th=1&psc=1"><img src="https://m.media-amazon.com/images/I/41fsuEw2mbL._SL500_.jpg" alt="Product Image"></a><p>Maybelline Lifter Gloss, Hydrating Lip Gloss with Hyaluronic Acid, Moon, Nude Pink, 0.18 Ounce</p><p>$7.71</p><a href="https://www.amazon.com/dp/B085S94V2K?tag=eloabder-20&linkCode=osi&th=1&psc=1">View Product</a></div><div class="product"><a href="https://www.amazon.com/dp/B01N1ZC8JZ?tag=eloabder-20&linkCode=osi&th=1&psc=1"><img src="https://m.media-amazon.com/images/I/41fsaqWz6SL._SL500_.jpg" alt="Product Image"></a><p>Broadway Vita-Lip Clear Lip Gloss 0.47oz/14ml (5PCS Mint & Coconut & Rosehip & Mango Butter & Argan Oil) (5 PCS SET)</p><p>$5.99</p><a href="https://www.amazon.com/dp/B01N1ZC8JZ?tag=eloabder-20&linkCode=osi&th=1&psc=1">View Product</a></div><div class="product"><a href="https://www.amazon.com/dp/B07DY2QRF6?tag=eloabder-20&linkCode=osi&th=1&psc=1"><img src="https://m.media-amazon.com/images/I/31qXrVfhvCL._SL500_.jpg" alt="Product Image"></a><p>LANEIGE Lip Glowy Balm Berry: Hydrate, Glossy, Lightweight, Moisturize & Tint with Shea Butter</p><p>$19.00 ($54.29 / Ounce)</p><a href="https://www.amazon.com/dp/B07DY2QRF6?tag=eloabder-20&linkCode=osi&th=1&psc=1">View Product</a></div><div class="product"><a href="https://www.amazon.com/dp/B0BSR85M24?tag=eloabder-20&linkCode=osi&th=1&psc=1"><img src="https://m.media-amazon.com/images/I/31eKHNoE3KL._SL500_.jpg" alt="Product Image"></a><p>e.l.f. Lip Lacquer, Nourishing, Non-Sticky Ultra-Shine Lip Gloss With Sheer Color, Infused With Vitamins A & E, Vegan & Cruelty-Free, Whisper Pink</p><p>$3.00</p><a href="https://www.amazon.com/dp/B0BSR85M24?tag=eloabder-20&linkCode=osi&th=1&psc=1">View Product</a></div><div class="product"><a href="https://www.amazon.com/dp/B09DMGWJKY?tag=eloabder-20&linkCode=osi&th=1&psc=1"><img src="https://m.media-amazon.com/images/I/41nIFmIKHRL._SL500_.jpg" alt="Product Image"></a><p>Broadway Vita-Lip Clear Lip Gloss Moisturizing Hydrating Nourishing Long Lasting High Shine Glossy Lip Care Gloss 0.47oz/14ml (10 PCS SET)</p><p>$9.99</p><a href="https://www.amazon.com/dp/B09DMGWJKY?tag=eloabder-20&linkCode=osi&th=1&psc=1">View Product</a></div>
<div class="product"><a href="https://www.amazon.com/dp/B079ZX2QBD?tag=eloabder-20&linkCode=osi&th=1&psc=1"><img src="https://m.media-amazon.com/images/I/41b133H9ouL._SL500_.jpg" alt="Product Image"></a><p>NYX PROFESSIONAL MAKEUP Slim Lip Pencil, Long-Lasting Creamy Lip Liner - Espresso</p><p>$3.99</p><a href="https://www.amazon.com/dp/B079ZX2QBD?tag=eloabder-20&linkCode=osi&th=1&psc=1">View Product</a></div><div class="product"><a href="https://www.amazon.com/dp/B01LTI19EM?tag=eloabder-20&linkCode=osi&th=1&psc=1"><img src="https://m.media-amazon.com/images/I/31dqwnDSWYL._SL500_.jpg" alt="Product Image"></a><p>Revlon Lip Liner, Colorstay Lip Makeup with Built-in-Sharpener, Longwear Rich Lip Colors, Smooth Application, 630 Nude, 0.01 oz</p><p>$6.94</p><a href="https://www.amazon.com/dp/B01LTI19EM?tag=eloabder-20&linkCode=osi&th=1&psc=1">View Product</a></div><div class="product"><a href="https://www.amazon.com/dp/B07PKW2MKF?tag=eloabder-20&linkCode=osi&th=1&psc=1"><img src="https://m.media-amazon.com/images/I/41Z7GVpsqBL._SL500_.jpg" alt="Product Image"></a><p>wet n wild Lip Liner Perfect Pout Matte Retractable Gel Lip Liner Pencil, Purple Lay Down the Mauves</p><p>$3.29</p><a href="https://www.amazon.com/dp/B07PKW2MKF?tag=eloabder-20&linkCode=osi&th=1&psc=1">View Product</a></div><div class="product"><a href="https://www.amazon.com/dp/B0CMYQBRTW?tag=eloabder-20&linkCode=osi&th=1&psc=1"><img src="https://m.media-amazon.com/images/I/21uY0T3ER3L._SL500_.jpg" alt="Product Image"></a><p>e.l.f. Cream Glide Lip Liner, Highly-Pigmented Pencil For Shaping & Sculpting Lips, Semi-Matte Finish, Vegan & Cruelty-Free, Truth or Bare</p><p>$2.00</p><a href="https://www.amazon.com/dp/B0CMYQBRTW?tag=eloabder-20&linkCode=osi&th=1&psc=1">View Product</a></div><div class="product"><a href="https://www.amazon.com/dp/B01LZ2A9H5?tag=eloabder-20&linkCode=osi&th=1&psc=1"><img src="https://m.media-amazon.com/images/I/317eibjWZ1L._SL500_.jpg" alt="Product Image"></a><p>Maybelline Color Sensational Shaping Lip Liner with Self-Sharpening Tip, Magnetic Mauve, Mauve Pink, 1 Count</p><p>$6.98</p><a href="https://www.amazon.com/dp/B01LZ2A9H5?tag=eloabder-20&linkCode=osi&th=1&psc=1">View Product</a></div><div class="product"><a href="https://www.amazon.com/dp/B0CZBMYB36?tag=eloabder-20&linkCode=osi&th=1&psc=1"><img src="https://m.media-amazon.com/images/I/313kn3zESlL._SL500_.jpg" alt="Product Image"></a><p>MAYBELLINE Lifter Liner Lip Liner Pencil with Hyaluronic Acid, On It, 1 Count</p><p>$7.98</p><a href="https://www.amazon.com/dp/B0CZBMYB36?tag=eloabder-20&linkCode=osi&th=1&psc=1">View Product</a></div><div class="product"><a href="https://www.amazon.com/dp/B013VWRYXE?tag=eloabder-20&linkCode=osi&th=1&psc=1"><img src="https://m.media-amazon.com/images/I/51DYeydMNqL._SL500_.jpg" alt="Product Image"></a><p>12pc Italia Deluxe Ultra Fine Lip Liner set of 12 color</p><p>$9.85</p><a href="https://www.amazon.com/dp/B013VWRYXE?tag=eloabder-20&linkCode=osi&th=1&psc=1">View Product</a></div><div class="product"><a href="https://www.amazon.com/dp/B08CFSS35N?tag=eloabder-20&linkCode=osi&th=1&psc=1"><img src="https://m.media-amazon.com/images/I/212BftJ6SzL._SL500_.jpg" alt="Product Image"></a><p>Rimmel Lasting Finish 8HR Soft Lip Liner Pencil - Vibrant, Blendable Formula to Lock Lipstick in Place for 8 Hours - 705 Cappuccino, .04oz</p><p>$5.99</p><a href="https://www.amazon.com/dp/B08CFSS35N?tag=eloabder-20&linkCode=osi&th=1&psc=1">View Product</a></div><div class="product"><a href="https://www.amazon.com/dp/B0BVPNQW1C?tag=eloabder-20&linkCode=osi&th=1&psc=1"><img src="https://m.media-amazon.com/images/I/31a29qwVsOL._SL500_.jpg" alt="Product Image"></a><p>Sacheu Lip Liner Stay-N - Peel Off Lip Liner Tattoo, Peel Off Lip Stain, Long Lasting Lip Stain Peel Off, Infused with Hyaluronic Acid & Vitamin E, For All Skin Types, p-INKED</p><p>$12.00</p><a href="https://www.amazon.com/dp/B0BVPNQW1C?tag=eloabder-20&linkCode=osi&th=1&psc=1">View Product</a></div><div class="product"><a href="https://www.amazon.com/dp/B005G9LPDQ?tag=eloabder-20&linkCode=osi&th=1&psc=1"><img src="https://m.media-amazon.com/images/I/31S6bAW3pDL._SL500_.jpg" alt="Product Image"></a><p>NYX PROFESSIONAL MAKEUP Mechanical Lip Liner Pencil, Nude Pink</p><p>$4.99</p><a href="https://www.amazon.com/dp/B005G9LPDQ?tag=eloabder-20&linkCode=osi&th=1&psc=1">View Product</a></div>
<div class="product"><a href="https://www.amazon.com/dp/B0C7W6GW8P?tag=eloabder-20&linkCode=osi&th=1&psc=1"><img src="https://m.media-amazon.com/images/I/31Z6RdO3GRL._SL500_.jpg" alt="Product Image"></a><p>e.l.f. Squeeze Me Lip Balm, Moisturizing Lip Balm For A Sheer Tint Of Color, Infused With Hyaluronic Acid, Vegan & Cruelty-free, Strawberry</p><p>$4.00</p><a href="https://www.amazon.com/dp/B0C7W6GW8P?tag=eloabder-20&linkCode=osi&th=1&psc=1">View Product</a></div><div class="product"><a href="https://www.amazon.com/dp/B001R1UD3K?tag=eloabder-20&linkCode=osi&th=1&psc=1"><img src="https://m.media-amazon.com/images/I/41QzfNZqHrL._SL500_.jpg" alt="Product Image"></a><p>Carmex Original Flavor Moisturizing Lip Balm Tube Value Pack,0.35 Ounce (3 Count)</p><p>$2.94</p><a href="https://www.amazon.com/dp/B001R1UD3K?tag=eloabder-20&linkCode=osi&th=1&psc=1">View Product</a></div><div class="product"><a href="https://www.amazon.com/dp/B07QYWXCCT?tag=eloabder-20&linkCode=osi&th=1&psc=1"><img src="https://m.media-amazon.com/images/I/51T+6mCUskL._SL500_.jpg" alt="Product Image"></a><p>Jack Black Intense Therapy Lip Balm, 0.25-Oz., Pack of 3 – Natural Mint & Shea Butter, SPF 25 Sun Protection, Lip Moisturizer, Hydrating Lip Balm with SPF, Long Lasting Treatment</p><p>$24.00 ($32.00 / Ounce)</p><a href="https://www.amazon.com/dp/B07QYWXCCT?tag=eloabder-20&linkCode=osi&th=1&psc=1">View Product</a></div><div class="product"><a href="https://www.amazon.com/dp/B0044B4HSM?tag=eloabder-20&linkCode=osi&th=1&psc=1"><img src="https://m.media-amazon.com/images/I/51-qb5fLclL._SL500_.jpg" alt="Product Image"></a><p>Blistex Medicated Lip Balm, 0.15 Ounce, 3 Count (Pack of 1) Prevent Dryness & Chapping, SPF 15 Sun Protection, Seals in Moisture, Hydrating Lip Balm, Easy Glide Formula for Full Coverage</p><p>$3.94</p><a href="https://www.amazon.com/dp/B0044B4HSM?tag=eloabder-20&linkCode=osi&th=1&psc=1">View Product</a></div><div class="product"><a href="https://www.amazon.com/dp/B0C1TFHMCT?tag=eloabder-20&linkCode=osi&th=1&psc=1"><img src="https://m.media-amazon.com/images/I/51aYODckhsL._SL500_.jpg" alt="Product Image"></a><p>Vaseline Lip Therapy Care Original, Fast-Acting Nourishment, Ideal for Chapped, Dry, Cracked, or Damaged Lips, Lip Balm, 0.16 Ounce (Pack of 4)</p><p>$5.00</p><a href="https://www.amazon.com/dp/B0C1TFHMCT?tag=eloabder-20&linkCode=osi&th=1&psc=1">View Product</a></div><div class="product"><a href="https://www.amazon.com/dp/B0CZXG68J4?tag=eloabder-20&linkCode=osi&th=1&psc=1"><img src="https://m.media-amazon.com/images/I/41Xkis0092L._SL500_.jpg" alt="Product Image"></a><p>CNP Honey Lip Butter (0.5 fl.oz / 15ml) - Propolis Lipcerin™, Hydrating Overnight Manuka Lip Balm & Mask, 12hrs Long-lasting Moisture, Gentle Exfoliation, Hygienic Twist Dispenser, Korean Skin Care</p><p>$13.64 ($27.28 / Fl Oz)</p><a href="https://www.amazon.com/dp/B0CZXG68J4?tag=eloabder-20&linkCode=osi&th=1&psc=1">View Product</a></div><div class="product"><a href="https://www.amazon.com/dp/B07MSG1HPK?tag=eloabder-20&linkCode=osi&th=1&psc=1"><img src="https://m.media-amazon.com/images/I/21RmonQcC5L._SL500_.jpg" alt="Product Image"></a><p>La Roche-Posay Cicaplast Lip Balm B5 | Hydrating Lip Balm with Shea Butter | Lip Treatment for Dry Cracked Lips | Moisturizing and Repairing Lip Balm | Fragrance Free</p><p>$9.99</p><a href="https://www.amazon.com/dp/B07MSG1HPK?tag=eloabder-20&linkCode=osi&th=1&psc=1">View Product</a></div>
<div class="product"><a href="https://www.amazon.com/dp/B099RYFLSW?tag=eloabder-20&linkCode=osi&th=1&psc=1"><img src="https://m.media-amazon.com/images/I/31IMjST8noL._SL500_.jpg" alt="Product Image"></a><p>ETUDE Dear Darling Water Tint Cherry Ade (21AD) | Vivid Color Lip Stain with Moisturizing Weightless & Non-sticky Finish Lip Stain | Smudge-proof & Lightweight Lip Tint | K-beauty</p><p>$6.67 ($20.84 / Fl Oz)</p><a href="https://www.amazon.com/dp/B099RYFLSW?tag=eloabder-20&linkCode=osi&th=1&psc=1">View Product</a></div><div class="product"><a href="https://www.amazon.com/dp/B0C7Q4Q9SX?tag=eloabder-20&linkCode=osi&th=1&psc=1"><img src="https://m.media-amazon.com/images/I/51SO2tY6q-L._SL500_.jpg" alt="Product Image"></a><p>6 Colors Lip Tint Stain Set, Korean Lip Gloss Plumping Mini Liquid Lipstick, Multi-use Lip and Cheek Tint,Waterproof&Long Lasting,Natural Lip Stain Non-Sticky,Vivid Color (Avocado)</p><p>$7.99 ($4.00 / Fl Oz)</p><a href="https://www.amazon.com/dp/B0C7Q4Q9SX?tag=eloabder-20&linkCode=osi&th=1&psc=1">View Product</a></div><div class="product"><a href="https://www.amazon.com/dp/B0B56TC2G5?tag=eloabder-20&linkCode=osi&th=1&psc=1"><img src="https://m.media-amazon.com/images/I/31wrei57oIL._SL500_.jpg" alt="Product Image"></a><p>essence | What a Tint! Lip & Cheek Tint | Long-Lasting Liquid Blush & Lip Stain | Non-Sticky & Kiss-Proof | Vegan & Cruelty Free</p><p>$4.99 ($31.19 / Fl Oz)</p><a href="https://www.amazon.com/dp/B0B56TC2G5?tag=eloabder-20&linkCode=osi&th=1&psc=1">View Product</a></div><div class="product"><a href="https://www.amazon.com/dp/B0163BMUFM?tag=eloabder-20&linkCode=osi&th=1&psc=1"><img src="https://m.media-amazon.com/images/I/41p6DP49DfL._SL500_.jpg" alt="Product Image"></a><p>Burt's Bees Lip Tint Balm with Long Lasting 2 in 1 Duo Tinted Balm Formula, Color Infused with Deeply Hydrating Shea Butter for a Natural Looking Buildable Finish, Fiery Red Dahlia (2-Pack)</p><p>$9.20</p><a href="https://www.amazon.com/dp/B0163BMUFM?tag=eloabder-20&linkCode=osi&th=1&psc=1">View Product</a></div><div class="product"><a href="https://www.amazon.com/dp/B07NTPQRL5?tag=eloabder-20&linkCode=osi&th=1&psc=1"><img src="https://m.media-amazon.com/images/I/21-ZJZEUADL._SL500_.jpg" alt="Product Image"></a><p>Honest Beauty Tinted Lip Balm | Antioxidant-rich Acai Extracts + Avocado Oil | EWG Certified, Vegan, Cruelty Free | Summer Melon</p><p>$7.80</p><a href="https://www.amazon.com/dp/B07NTPQRL5?tag=eloabder-20&linkCode=osi&th=1&psc=1">View Product</a></div><div class="product"><a href="https://www.amazon.com/dp/B0CMJXGCFQ?tag=eloabder-20&linkCode=osi&th=1&psc=1"><img src="https://m.media-amazon.com/images/I/31c6yEqB00L._SL500_.jpg" alt="Product Image"></a><p>e.l.f. Glow Reviver Lip Oil, Nourishing Tinted Lip Oil For A High-shine Finish, Infused With Jojoba Oil, Vegan & Cruelty-free, Jam Session</p><p>$8.00</p><a href="https://www.amazon.com/dp/B0CMJXGCFQ?tag=eloabder-20&linkCode=osi&th=1&psc=1">View Product</a></div><div class="product"><a href="https://www.amazon.com/dp/B0B9YHX8DX?tag=eloabder-20&linkCode=osi&th=1&psc=1"><img src="https://m.media-amazon.com/images/I/31A-yoM7ZqL._SL500_.jpg" alt="Product Image"></a><p>Wonderskin Wonder Blading Lip Stain Peel Off Masque - Long Lasting, Waterproof and Transfer Proof Nude Lip Tint, Matte Finish Peel Off Lip Stain (Whimsical Masque)</p><p>$22.00</p><a href="https://www.amazon.com/dp/B0B9YHX8DX?tag=eloabder-20&linkCode=osi&th=1&psc=1">View Product</a></div><div class="product"><a href="https://www.amazon.com/dp/B0C3CWWMJM?tag=eloabder-20&linkCode=osi&th=1&psc=1"><img src="https://m.media-amazon.com/images/I/51evW1YGQdL._SL500_.jpg" alt="Product Image"></a><p>Eakroo 6 Colors Lip Tint Stain Mini Liquid Lipstick, Korean Lip Gloss Moisturizing Natural, Multi-Use Lip and Cheek Tint, Non-Stick Cup, Lightweight, High Pigment, Long-Lasting, Vivid Color</p><p>$7.99 ($2.89 / Fl Oz)</p><a href="https://www.amazon.com/dp/B0C3CWWMJM?tag=eloabder-20&linkCode=osi&th=1&psc=1">View Product</a></div><div class="product"><a href="https://www.amazon.com/dp/B09LB91W1H?tag=eloabder-20&linkCode=osi&th=1&psc=1"><img src="https://m.media-amazon.com/images/I/21UsOgVkNxL._SL500_.jpg" alt="Product Image"></a><p>CoverGirl Clean Fresh Tinted Lip Balm, Vegan Formula, Hydrating, Natural Finish, Cruelty Free, Bliss You Berry, 1 Count</p><p>$5.88 ($42.00 / Ounce)</p><a href="https://www.amazon.com/dp/B09LB91W1H?tag=eloabder-20&linkCode=osi&th=1&psc=1">View Product</a></div>
<div class="product"><a href="https://www.amazon.com/dp/B0B4F8FP1V?tag=eloabder-20&linkCode=osi&th=1&psc=1"><img src="https://m.media-amazon.com/images/I/31zD0oZazrL._SL500_.jpg" alt="Product Image"></a><p>e.l.f. Cosmetics Glossy Lip Stain, Lightweight, Long-Wear Lip Stain For A Sheer Pop Of Color & Subtle Gloss Effect, Berry Queen</p><p>$6.00</p><a href="https://www.amazon.com/dp/B0B4F8FP1V?tag=eloabder-20&linkCode=osi&th=1&psc=1">View Product</a></div><div class="product"><a href="https://www.amazon.com/dp/B0B9YH9PZK?tag=eloabder-20&linkCode=osi&th=1&psc=1"><img src="https://m.media-amazon.com/images/I/31irqkpVbvL._SL500_.jpg" alt="Product Image"></a><p>Wonderskin Wonder Blading Lip Stain Peel Off Masque - Long Lasting, Waterproof and Transfer Proof Pink Lip Tint, Matte Finish Peel Off Lip Stain (First Kiss Masque)</p><p>$22.00</p><a href="https://www.amazon.com/dp/B0B9YH9PZK?tag=eloabder-20&linkCode=osi&th=1&psc=1">View Product</a></div><div class="product"><a href="https://www.amazon.com/dp/B0CLYN8F9L?tag=eloabder-20&linkCode=osi&th=1&psc=1"><img src="https://m.media-amazon.com/images/I/218WFwKw6qL._SL500_.jpg" alt="Product Image"></a><p>COVERGIRL Outlast, 05 All-Star, Lipstain, Smooth Application, Precise Pen-Like Tip, Transfer-Proof, Satin Stained Finish, Vegan Formula, 0.06oz</p><p>$8.98</p><a href="https://www.amazon.com/dp/B0CLYN8F9L?tag=eloabder-20&linkCode=osi&th=1&psc=1">View Product</a></div><div class="product"><a href="https://www.amazon.com/dp/B0CLDDVBF4?tag=eloabder-20&linkCode=osi&th=1&psc=1"><img src="https://m.media-amazon.com/images/I/318rUce3+fL._SL500_.jpg" alt="Product Image"></a><p>Sacheu Lip Liner Stay-N - Peel Off Lip Liner Tattoo, Peel Off Lip Stain, Long Lasting Lip Stain Peel Off, Infused with Hyaluronic Acid & Vitamin E, For All Skin Types, HEY-zel</p><p>$12.00 ($100.00 / Fl Oz)</p><a href="https://www.amazon.com/dp/B0CLDDVBF4?tag=eloabder-20&linkCode=osi&th=1&psc=1">View Product</a></div><div class="product"><a href="https://www.amazon.com/dp/B001CWGFYU?tag=eloabder-20&linkCode=osi&th=1&psc=1"><img src="https://m.media-amazon.com/images/I/41wMMGxFtlL._SL500_.jpg" alt="Product Image"></a><p>Palladio Lip Stain, Hydrating and Waterproof Formula, Matte Color Look, Longlasting All Day Wear Lip Color, Smudge Proof Natural Finish, Precise Chisel Tip Marker, Nude</p><p>$8.99</p><a href="https://www.amazon.com/dp/B001CWGFYU?tag=eloabder-20&linkCode=osi&th=1&psc=1">View Product</a></div><div class="product"><a href="https://www.amazon.com/dp/B0CHJ8YL6G?tag=eloabder-20&linkCode=osi&th=1&psc=1"><img src="https://m.media-amazon.com/images/I/41amIuqcaJL._SL500_.jpg" alt="Product Image"></a><p>Cilrofelr Peel Off Lip Liner Stain, Long Wear Tattoo Lip Liner with Tweezer, Peel Off Lip Stain with Matte Finish, Long Lasting, Waterproof, Transfer-proof, Highly Pigmented Color (Mauve)</p><p>$14.99 ($187.38 / Fl Oz)</p><a href="https://www.amazon.com/dp/B0CHJ8YL6G?tag=eloabder-20&linkCode=osi&th=1&psc=1">View Product</a></div><div class="product"><a href="https://www.amazon.com/dp/B0CNCSLDBB?tag=eloabder-20&linkCode=osi&th=1&psc=1"><img src="https://m.media-amazon.com/images/I/31EPLmbi1eL._SL500_.jpg" alt="Product Image"></a><p>ETUDE Fixing Tint #05 Midnight Mauve (23AD) | Long Lasting High Pigmented Liquid Lipstick | Waterproof Lightweight Matte Finish Lip Stain | Full Coverage</p><p>$12.00</p><a href="https://www.amazon.com/dp/B0CNCSLDBB?tag=eloabder-20&linkCode=osi&th=1&psc=1">View Product</a></div><div class="product"><a href="https://www.amazon.com/dp/B0CKF2WFNQ?tag=eloabder-20&linkCode=osi&th=1&psc=1"><img src="https://m.media-amazon.com/images/I/41GyA+oYguL._SL500_.jpg" alt="Product Image"></a><p>NOONI Korean Lip Oil - Applefig | Lip Stain, Gift, Long-Lasting, Moisturizing, Plumping, Revitalizing for Dry Lips, Waterproof, No Peel Off, Korean Lip Tint, Magenta Purple, 0.12 Fl Oz</p><p>$12.00 ($100.00 / Fl Oz)</p><a href="https://www.amazon.com/dp/B0CKF2WFNQ?tag=eloabder-20&linkCode=osi&th=1&psc=1">View Product</a></div>
<div class="product"><a href="https://www.amazon.com/dp/B01NAI251H?tag=eloabder-20&linkCode=osi&th=1&psc=1"><img src="https://m.media-amazon.com/images/I/51gC3z3vEIL._SL500_.jpg" alt="Product Image"></a><p>Handmade Heroes 100% Natural Lip Scrub, Vegan Conditioning Coconut Exfoliator - Gentle Exfoliant, Sugar Polish and Scrubber for Chapped Dry Lips, 1oz (Coconut Sorbet)</p><p>$6.99</p><a href="https://www.amazon.com/dp/B01NAI251H?tag=eloabder-20&linkCode=osi&th=1&psc=1">View Product</a></div><div class="product"><a href="https://www.amazon.com/dp/B0C7WQ3Z6H?tag=eloabder-20&linkCode=osi&th=1&psc=1"><img src="https://m.media-amazon.com/images/I/318wm99nh1L._SL500_.jpg" alt="Product Image"></a><p>e.l.f. Lip Exfoliator, Moisturizing Scented Lip Scrub For Exfoliating & Smoothing Lips, Infused With Jojoba Oil, Vegan & Cruelty-free, Strawberry</p><p>$5.00 ($50.00 / Ounce)</p><a href="https://www.amazon.com/dp/B0C7WQ3Z6H?tag=eloabder-20&linkCode=osi&th=1&psc=1">View Product</a></div><div class="product"><a href="https://www.amazon.com/dp/B0759HSBQC?tag=eloabder-20&linkCode=osi&th=1&psc=1"><img src="https://m.media-amazon.com/images/I/3165YiRlcNL._SL500_.jpg" alt="Product Image"></a><p>Revlon Lip Scrub Balm, Kiss Sugar Scrub Exfoliator, Lip Makeup with 24 Hour Long Lasting Hydration, Sugar Mint, 0.09 oz</p><p>$5.48</p><a href="https://www.amazon.com/dp/B0759HSBQC?tag=eloabder-20&linkCode=osi&th=1&psc=1">View Product</a></div><div class="product"><a href="https://www.amazon.com/dp/B0B15MRHM4?tag=eloabder-20&linkCode=osi&th=1&psc=1"><img src="https://m.media-amazon.com/images/I/414XRjPg6AL._SL500_.jpg" alt="Product Image"></a><p>Brooklyn Botany Lip Scrub Exfoliator 1 oz – Lip Moisturizer for Dry Lips and Chapped Lips – Gentle Lip Exfoliator for Smooth and Brighter Lips – Vanilla Flavor</p><p>$7.99</p><a href="https://www.amazon.com/dp/B0B15MRHM4?tag=eloabder-20&linkCode=osi&th=1&psc=1">View Product</a></div><div class="product"><a href="https://www.amazon.com/dp/B0CNQ72M6B?tag=eloabder-20&linkCode=osi&th=1&psc=1"><img src="https://m.media-amazon.com/images/I/310xvYvYEkL._SL500_.jpg" alt="Product Image"></a><p>W7 Sweet Dreams Lip Scrub & Overnight Lip Mask Duo - 2Pcs Set - Strawberry Flavour - Exfoliate, Condition, Soothe & Hydrate</p><p>$9.95 ($4.98 / Count)</p><a href="https://www.amazon.com/dp/B0CNQ72M6B?tag=eloabder-20&linkCode=osi&th=1&psc=1">View Product</a></div><div class="product"><a href="https://www.amazon.com/dp/B09FYYRJ4Y?tag=eloabder-20&linkCode=osi&th=1&psc=1"><img src="https://m.media-amazon.com/images/I/41HDVJYOBRL._SL500_.jpg" alt="Product Image"></a><p>Lip Scrub Treatment, Lip Scrubs Exfoliating Moisturizer Sugar Lip Surb Cruelty-Free for Repairing Dry & Chapped & Peeling and Cracked Lips, the Best Gift for Lip Care in Autumn and Winter(Orange)</p><p>$2.99 ($1.04 / Ounce)</p><a href="https://www.amazon.com/dp/B09FYYRJ4Y?tag=eloabder-20&linkCode=osi&th=1&psc=1">View Product</a></div><div class="product"><a href="https://www.amazon.com/dp/B083588MZP?tag=eloabder-20&linkCode=osi&th=1&psc=1"><img src="https://m.media-amazon.com/images/I/31qe+dPu0WL._SL500_.jpg" alt="Product Image"></a><p>Milani Rose Sugar Lip Scrub - Lip Exfoliator to Help With Lip Care and Lip Repair</p><p>$7.04 ($7.04 / Count)</p><a href="https://www.amazon.com/dp/B083588MZP?tag=eloabder-20&linkCode=osi&th=1&psc=1">View Product</a></div><div class="product"><a href="https://www.amazon.com/dp/B085NDWSZW?tag=eloabder-20&linkCode=osi&th=1&psc=1"><img src="https://m.media-amazon.com/images/I/31QVvbj+z9L._SL500_.jpg" alt="Product Image"></a><p>3 Pcs Lip Scrub Brush,Lip Scrubber Exfoliator,Silicone Lip Brush Tool Double-Sided Mini Exfoliating Brush For Men Women Lip Lightening For Dark Lips Exfoliator Scrub Brush</p><p>$3.47 ($1.16 / Count)</p><a href="https://www.amazon.com/dp/B085NDWSZW?tag=eloabder-20&linkCode=osi&th=1&psc=1">View Product</a></div><div class="product"><a href="https://www.amazon.com/dp/B0CMQ6YN87?tag=eloabder-20&linkCode=osi&th=1&psc=1"><img src="https://m.media-amazon.com/images/I/41KZ7zmBA8L._SL500_.jpg" alt="Product Image"></a><p>EJW Nourishing Lip Scrub - Infused with Coconut Oil, Olive Fruit Oil, and Jojoba Seed Oil, 1.05oz - Exfoliate, Hydrate, and Glow for Chapped Dry, Dark Lips</p><p>$7.27</p><a href="https://www.amazon.com/dp/B0CMQ6YN87?tag=eloabder-20&linkCode=osi&th=1&psc=1">View Product</a></div>
<div class="product"><a href="https://www.amazon.com/dp/B01LYWTZT2?tag=eloabder-20&linkCode=osi&th=1&psc=1"><img src="https://m.media-amazon.com/images/I/315xsyPtBfL._SL500_.jpg" alt="Product Image"></a><p>Too Faced Lip Injection Travel Size Extreme Lip Plumper, Original, 0.1 Fl Oz</p><p>$16.00 ($160.00 / Fl Oz)</p><a href="https://www.amazon.com/dp/B01LYWTZT2?tag=eloabder-20&linkCode=osi&th=1&psc=1">View Product</a></div><div class="product"><a href="https://www.amazon.com/dp/B094LT5LM4?tag=eloabder-20&linkCode=osi&th=1&psc=1"><img src="https://m.media-amazon.com/images/I/1174dCa9FqS._SL500_.jpg" alt="Product Image"></a><p>City Beauty City Lips Plumping Lip Gloss - Ultra High-Shine Gloss for Fuller, Healthier, Younger-Looking Lips | Hydrating & Smoothing Lip Treatment Lip Plumper with Hyaluronic Acid & Oligopeptides</p><p>$35.00 ($218.75 / Fl Oz)</p><a href="https://www.amazon.com/dp/B094LT5LM4?tag=eloabder-20&linkCode=osi&th=1&psc=1">View Product</a></div><div class="product"><a href="https://www.amazon.com/dp/B08XZQ4YQ2?tag=eloabder-20&linkCode=osi&th=1&psc=1"><img src="https://m.media-amazon.com/images/I/41cN7l9csUL._SL500_.jpg" alt="Product Image"></a><p>essence | What the Fake! Plumping Lip Filler | Lip Gloss for Full, Voluminous Lips | Translucent Pearly Finish | Vegan & Cruelty Free, Gluten Free, Paraben Free</p><p>$4.99 ($35.64 / Fl Oz )</p><a href="https://www.amazon.com/dp/B08XZQ4YQ2?tag=eloabder-20&linkCode=osi&th=1&psc=1">View Product</a></div><div class="product"><a href="https://www.amazon.com/dp/B0CR7GSPFP?tag=eloabder-20&linkCode=osi&th=1&psc=1"><img src="https://m.media-amazon.com/images/I/41y+VaB2iDL._SL500_.jpg" alt="Product Image"></a><p>NYX PROFESSIONAL MAKEUP Duck Plump High Pigment Plumping Lip Gloss with Spicy Ginger, Vegan Lip Makeup - Cherry Spice (Transparent Red)</p><p>$9.75</p><a href="https://www.amazon.com/dp/B0CR7GSPFP?tag=eloabder-20&linkCode=osi&th=1&psc=1">View Product</a></div><div class="product"><a href="https://www.amazon.com/dp/B0CPYMLVJJ?tag=eloabder-20&linkCode=osi&th=1&psc=1"><img src="https://m.media-amazon.com/images/I/31qGoOFwP7L._SL500_.jpg" alt="Product Image"></a><p>e.l.f. Pout Clout Lip Plumping Pen, Nourishing Lip Balm For Sheer Color & Shine, Plumps & Moisturizes, Vegan & Cruelty-Free, In The Clear</p><p>$8.00</p><a href="https://www.amazon.com/dp/B0CPYMLVJJ?tag=eloabder-20&linkCode=osi&th=1&psc=1">View Product</a></div><div class="product"><a href="https://www.amazon.com/dp/B086QRYHYT?tag=eloabder-20&linkCode=osi&th=1&psc=1"><img src="https://m.media-amazon.com/images/I/41IVWGl-frL._SL500_.jpg" alt="Product Image"></a><p>KISSIO Lip Plumper,Natural Lip Plumper for Day Use,Lip Plumping Gloss Make Lips Fuller and Moisturizing 5.5ml</p><p>$9.89</p><a href="https://www.amazon.com/dp/B086QRYHYT?tag=eloabder-20&linkCode=osi&th=1&psc=1">View Product</a></div><div class="product"><a href="https://www.amazon.com/dp/B074G382ZR?tag=eloabder-20&linkCode=osi&th=1&psc=1"><img src="https://m.media-amazon.com/images/I/31h-Mpx5OOL._SL500_.jpg" alt="Product Image"></a><p>e.l.f. Lip Plumping Gloss, Hydrating, Nourishing, Invigorating, High-Shine, Plumps, Volumizes, Cools, Soothes, Shimmer, Pink Cosmo 8 Ounce 0.09 Fl Oz</p><p>$7.00</p><a href="https://www.amazon.com/dp/B074G382ZR?tag=eloabder-20&linkCode=osi&th=1&psc=1">View Product</a></div><div class="product"><a href="https://www.amazon.com/dp/B08RRY5PF2?tag=eloabder-20&linkCode=osi&th=1&psc=1"><img src="https://m.media-amazon.com/images/I/41HjvvFXBpL._SL500_.jpg" alt="Product Image"></a><p>Physicians Formula Mineral Wear Diamond Lip Plumper Gloss, Dermatologist Tested, Light Pink Princess Cut</p><p>$7.28</p><a href="https://www.amazon.com/dp/B08RRY5PF2?tag=eloabder-20&linkCode=osi&th=1&psc=1">View Product</a></div>
<div class="product"><a href="https://www.amazon.com/dp/B017PCGAXQ?tag=eloabder-20&linkCode=osi&th=1&psc=1"><img src="https://m.media-amazon.com/images/I/31-daQlUgGL._SL500_.jpg" alt="Product Image"></a><p>Garnier Micellar Water For Waterproof Makeup, Hydrating Facial Cleanser & Makeup Remover, Suitable for Sensitive Skin, Vegan, Cruelty Free, 13.5 Fl Oz (400mL), 1 Count</p><p>$8.97 ($0.66 / Fl Oz)</p><a href="https://www.amazon.com/dp/B017PCGAXQ?tag=eloabder-20&linkCode=osi&th=1&psc=1">View Product</a></div><div class="product"><a href="https://www.amazon.com/dp/B017PCGABI?tag=eloabder-20&linkCode=osi&th=1&psc=1"><img src="https://m.media-amazon.com/images/I/3106WC85aAL._SL500_.jpg" alt="Product Image"></a><p>Garnier Micellar Water, Hydrating Facial Cleanser & Makeup Remover, Suitable for Sensitive Skin, Vegan, Cruelty Free, 13.5 Fl Oz (400mL), 1 Count</p><p>$8.97 ($0.66 / Fl Oz)</p><a href="https://www.amazon.com/dp/B017PCGABI?tag=eloabder-20&linkCode=osi&th=1&psc=1">View Product</a></div><div class="product"><a href="https://www.amazon.com/dp/B00U2VQZDS?tag=eloabder-20&linkCode=osi&th=1&psc=1"><img src="https://m.media-amazon.com/images/I/41VzZfHAKpL._SL500_.jpg" alt="Product Image"></a><p>Neutrogena Makeup Remover Wipes, Ultra-Soft Cleansing Facial Towelettes for Waterproof Makeup, Alcohol-Free, Plant-Based, Twin Pack, 25 Count (Pack of 2)</p><p>$8.97 ($0.18 / Count)</p><a href="https://www.amazon.com/dp/B00U2VQZDS?tag=eloabder-20&linkCode=osi&th=1&psc=1">View Product</a></div><div class="product"><a href="https://www.amazon.com/dp/B07T9JV956?tag=eloabder-20&linkCode=osi&th=1&psc=1"><img src="https://m.media-amazon.com/images/I/310x+0QrxsL._SL500_.jpg" alt="Product Image"></a><p>Neutrogena Gentle Oil-Free Eye Makeup Remover & Cleanser for Sensitive Eyes, Non-Greasy Makeup Remover, Removes Waterproof Mascara, Dermatologist & Ophthalmologist Tested, 8.0 fl. oz</p><p>$9.39 ($1.17 / Fl Oz)</p><a href="https://www.amazon.com/dp/B07T9JV956?tag=eloabder-20&linkCode=osi&th=1&psc=1">View Product</a></div><div class="product"><a href="https://www.amazon.com/dp/B01M31HY3S?tag=eloabder-20&linkCode=osi&th=1&psc=1"><img src="https://m.media-amazon.com/images/I/319i79e7f4L._SL500_.jpg" alt="Product Image"></a><p>Cetaphil Gentle Waterproof Makeup Remover, Mother's Day Gifts, Oil-Free Formula Suitable for Sensitive Skin, 6.0 Fluid Ounce</p><p>$9.87 ($1.64 / Fl Oz)</p><a href="https://www.amazon.com/dp/B01M31HY3S?tag=eloabder-20&linkCode=osi&th=1&psc=1">View Product</a></div><div class="product"><a href="https://www.amazon.com/dp/B07SS6LFRG?tag=eloabder-20&linkCode=osi&th=1&psc=1"><img src="https://m.media-amazon.com/images/I/31Mwa89HfCL._SL500_.jpg" alt="Product Image"></a><p>Amazon Basics Eye Makeup Remover, Removes Waterproof Mascara, Dermatologist Tested, Fragrance Free, 5.5 Fl Oz (Pack of 1)</p><p>$5.99 ($1.09 / Fl Oz)</p><a href="https://www.amazon.com/dp/B07SS6LFRG?tag=eloabder-20&linkCode=osi&th=1&psc=1">View Product</a></div><div class="product"><a href="https://www.amazon.com/dp/B08TQTT8LK?tag=eloabder-20&linkCode=osi&th=1&psc=1"><img src="https://m.media-amazon.com/images/I/31R-Y-dhjEL._SL500_.jpg" alt="Product Image"></a><p>e.l.f. Holy Hydration! Makeup Melting Cleansing Balm, Face Cleanser & Makeup Remover, Infused with Hyaluronic Acid to Hydrate Skin, 2 Oz</p><p>$11.00 ($5.50 / Ounce)</p><a href="https://www.amazon.com/dp/B08TQTT8LK?tag=eloabder-20&linkCode=osi&th=1&psc=1">View Product</a></div><div class="product"><a href="https://www.amazon.com/dp/B08Q3CQM7X?tag=eloabder-20&linkCode=osi&th=1&psc=1"><img src="https://m.media-amazon.com/images/I/31edyzkByfL._SL500_.jpg" alt="Product Image"></a><p>JUNO & Co. Clean 10 Cleansing Balm 10 Ingredients Makeup Remover 85g / 3.0oz</p><p>$14.99 ($5.00 / Ounce)</p><a href="https://www.amazon.com/dp/B08Q3CQM7X?tag=eloabder-20&linkCode=osi&th=1&psc=1">View Product</a></div><div class="product"><a href="https://www.amazon.com/dp/B0B1PP1XCM?tag=eloabder-20&linkCode=osi&th=1&psc=1"><img src="https://m.media-amazon.com/images/I/31kOCqV2+BL._SL500_.jpg" alt="Product Image"></a><p>CeraVe Cleansing Balm for Sensitive Skin | Hydrating Makeup Remover with Ceramides and Plant-based Jojoba Oil for Face | Non-Comedogenic Fragrance Free Non-Greasy |1.3 Ounces</p><p>$9.97 ($7.67 / Ounce)</p><a href="https://www.amazon.com/dp/B0B1PP1XCM?tag=eloabder-20&linkCode=osi&th=1&psc=1">View Product</a></div><div class="product"><a href="https://www.amazon.com/dp/B0BX65V1BZ?tag=eloabder-20&linkCode=osi&th=1&psc=1"><img src="https://m.media-amazon.com/images/I/31t6WiWvdDL._SL500_.jpg" alt="Product Image"></a><p>Prime Prometics PrimeSkin Beauty Water – Deeply Hydrating Pro-Age Make-Up Remover for Mature Women – Clean, One Swipe – for All Skin Types – pH balanced, Hypoallergenic</p><p>$27.00 ($5.29 / Fl Oz)</p><a href="https://www.amazon.com/dp/B0BX65V1BZ?tag=eloabder-20&linkCode=osi&th=1&psc=1">View Product</a></div>
<div class="product"><a href="https://www.amazon.com/dp/B0B642XWV8?tag=eloabder-20&linkCode=osi&th=1&psc=1"><img src="https://m.media-amazon.com/images/I/31PQPhUWqyL._SL500_.jpg" alt="Product Image"></a><p>Cetaphil Face and Body Wipes, Gentle Skin Cleansing Cloths, Mother's Day Gifts, 25 Count (Pack of 2), for Dry, Sensitive Skin, Flip Top Closure, Hypoallergenic, Fragrance Free</p><p>$13.69 ($0.27 / Count)</p><a href="https://www.amazon.com/dp/B0B642XWV8?tag=eloabder-20&linkCode=osi&th=1&psc=1">View Product</a></div><div class="product"><a href="https://www.amazon.com/dp/B0B644ZQLV?tag=eloabder-20&linkCode=osi&th=1&psc=1"><img src="https://m.media-amazon.com/images/I/41E5FGVZrnL._SL500_.jpg" alt="Product Image"></a><p>Cetaphil Face and Body Wipes, Gentle Skin Cleansing Cloths, 25 Count (Pack of 3), for Dry, Sensitive Skin, Flip Top Closure, Great for the Gym, Hypoallergenic, Fragrance Free</p><p>$20.91 ($0.28 / Count)</p><a href="https://www.amazon.com/dp/B0B644ZQLV?tag=eloabder-20&linkCode=osi&th=1&psc=1">View Product</a></div><div class="product"><a href="https://www.amazon.com/dp/B0958JYLZN?tag=eloabder-20&linkCode=osi&th=1&psc=1"><img src="https://m.media-amazon.com/images/I/312T32wjaYL._SL500_.jpg" alt="Product Image"></a><p>The Honest Company Hydrate + Cleanse Naturally Scented Wipes | Cleansing Multi-Tasking Wipes | 99% Water, Plant-Based, Hypoallergenic | Aloe + Cucumber, 60 Count</p><p>$5.97 ($9.95 / 100 Count)</p><a href="https://www.amazon.com/dp/B0958JYLZN?tag=eloabder-20&linkCode=osi&th=1&psc=1">View Product</a></div><div class="product"><a href="https://www.amazon.com/dp/B0BR3GVFL4?tag=eloabder-20&linkCode=osi&th=1&psc=1"><img src="https://m.media-amazon.com/images/I/41E2x2jaumL._SL500_.jpg" alt="Product Image"></a><p>Amazon Basics Hydrating Makeup Remover Wipes, 150 wipes (Pack of 6)</p><p>$17.79 ($0.12 / Count)</p><a href="https://www.amazon.com/dp/B0BR3GVFL4?tag=eloabder-20&linkCode=osi&th=1&psc=1">View Product</a></div><div class="product"><a href="https://www.amazon.com/dp/B093T3LQPP?tag=eloabder-20&linkCode=osi&th=1&psc=1"><img src="https://m.media-amazon.com/images/I/51mLU+qr6tL._SL500_.jpg" alt="Product Image"></a><p>Burt's Bees Rose Water Face Wipes, for All Skin Types, Hydrating Micellar Makeup Remover & Facial Cleansing Towelettes, 30 Ct (3-Pack)</p><p>$16.47 ($0.18 / Count)</p><a href="https://www.amazon.com/dp/B093T3LQPP?tag=eloabder-20&linkCode=osi&th=1&psc=1">View Product</a></div><div class="product"><a href="https://www.amazon.com/dp/B09LXWPB1V?tag=eloabder-20&linkCode=osi&th=1&psc=1"><img src="https://m.media-amazon.com/images/I/4117i-jJMKL._SL500_.jpg" alt="Product Image"></a><p>CeraVe Hydrating Facial Cleansing Makeup Remover Wipes| Plant Based Face Biodegradable in Home Compost| Wash Cloth| Suitable for Sensitive Skin| Fragrance-free Non-comedogenic| 25 Count</p><p>$9.97 ($0.40 / Count)</p><a href="https://www.amazon.com/dp/B09LXWPB1V?tag=eloabder-20&linkCode=osi&th=1&psc=1">View Product</a></div><div class="product"><a href="https://www.amazon.com/dp/B00NUJQG7Y?tag=eloabder-20&linkCode=osi&th=1&psc=1"><img src="https://m.media-amazon.com/images/I/51apu8FIluL._SL500_.jpg" alt="Product Image"></a><p>Burt's Bees Aloe Vera Face Wipes, for Sensitive Skin, Soothing Makeup Remover & Facial Cleansing Towelettes, 30 Ct. (3-Pack)</p><p>$16.41 ($0.18 / Count)</p><a href="https://www.amazon.com/dp/B00NUJQG7Y?tag=eloabder-20&linkCode=osi&th=1&psc=1">View Product</a></div>
<div class="product"><a href="https://www.amazon.com/dp/B08KQMXZFB?tag=eloabder-20&linkCode=osi&th=1&psc=1"><img src="https://m.media-amazon.com/images/I/31HvJEoHtwL._SL500_.jpg" alt="Product Image"></a><p>Garnier Micellar Water with Vitamin C, Facial Cleanser & Makeup Remover, Brightening & Hydrating, For All Skin Types, Vegan, Cruelty Free, 13.5 Fl Oz (400mL), 1 Count</p><p>$8.97 ($0.66 / Fl Oz)</p><a href="https://www.amazon.com/dp/B08KQMXZFB?tag=eloabder-20&linkCode=osi&th=1&psc=1">View Product</a></div><div class="product"><a href="https://www.amazon.com/dp/B0036SFTK4?tag=eloabder-20&linkCode=osi&th=1&psc=1"><img src="https://m.media-amazon.com/images/I/31+tj+uVB+L._SL500_.jpg" alt="Product Image"></a><p>Bioderma Sensibio H2O Micellar Water, Makeup Remover, Gentle for Skin, Fragrance-Free & Alcohol-Free, No Rinse Skincare With Micellar Technology for Normal To Sensitive Skin Types</p><p>$12.99 ($1.55 / Fl Oz)</p><a href="https://www.amazon.com/dp/B0036SFTK4?tag=eloabder-20&linkCode=osi&th=1&psc=1">View Product</a></div><div class="product"><a href="https://www.amazon.com/dp/B07TB2MKJJ?tag=eloabder-20&linkCode=osi&th=1&psc=1"><img src="https://m.media-amazon.com/images/I/41SyeAmsnOL._SL500_.jpg" alt="Product Image"></a><p>Garnier Micellar Water with Rose Water and Glycerin, Hydrating Facial Cleanser & Makeup Remover, For All Skin Types, Vegan, Cruelty Free, 13.5 Fl Oz (400mL), 1 Count</p><p>$8.97 ($0.66 / Fl Oz)</p><a href="https://www.amazon.com/dp/B07TB2MKJJ?tag=eloabder-20&linkCode=osi&th=1&psc=1">View Product</a></div><div class="product"><a href="https://www.amazon.com/dp/B01MQ495N0?tag=eloabder-20&linkCode=osi&th=1&psc=1"><img src="https://m.media-amazon.com/images/I/31wWu56DBJL._SL500_.jpg" alt="Product Image"></a><p>Garnier Micellar Water for Oily Skin, Facial Cleanser & Makeup Remover, Mattifying, For All Skin Types, Vegan, Cruelty Free, 13.5 Fl Oz (400mL), 1 Count</p><p>$8.97 ($0.66 / Fl Oz)</p><a href="https://www.amazon.com/dp/B01MQ495N0?tag=eloabder-20&linkCode=osi&th=1&psc=1">View Product</a></div><div class="product"><a href="https://www.amazon.com/dp/B0B59TJN3R?tag=eloabder-20&linkCode=osi&th=1&psc=1"><img src="https://m.media-amazon.com/images/I/410aYbZluvL._SL500_.jpg" alt="Product Image"></a><p>Garnier Micellar Water with Hyaluronic Acid, Facial Cleanser & Makeup Remover, Hydrating and Plumping, For All Skin Types, Vegan, Cruelty Free, 13.5 Fl Oz (400mL), 2 Count</p><p>$17.94 ($0.66 / Fl Oz)</p><a href="https://www.amazon.com/dp/B0B59TJN3R?tag=eloabder-20&linkCode=osi&th=1&psc=1">View Product</a></div><div class="product"><a href="https://www.amazon.com/dp/B07VHZPBZ3?tag=eloabder-20&linkCode=osi&th=1&psc=1"><img src="https://m.media-amazon.com/images/I/41Ow8cEJaFL._SL500_.jpg" alt="Product Image"></a><p>CeraVe Micellar Water | New & Improved Formula | Hydrating Facial Cleanser & Eye Makeup Remover | Fragrance Free & Non-Irritating | 10 Fl. Oz</p><p>$10.74 ($1.07 / Ounce)</p><a href="https://www.amazon.com/dp/B07VHZPBZ3?tag=eloabder-20&linkCode=osi&th=1&psc=1">View Product</a></div><div class="product"><a href="https://www.amazon.com/dp/B005EZSUS0?tag=eloabder-20&linkCode=osi&th=1&psc=1"><img src="https://m.media-amazon.com/images/I/31Cwqaks+tL._SL500_.jpg" alt="Product Image"></a><p>La Roche-Posay Micellar Cleansing Water for Sensitive Skin, Micellar Water Makeup Remover, Cleanses and Hydrates Skin, Gentle Face Toner, Oil Free</p><p>$18.99 ($1.40 / Fl Oz)</p><a href="https://www.amazon.com/dp/B005EZSUS0?tag=eloabder-20&linkCode=osi&th=1&psc=1">View Product</a></div><div class="product"><a href="https://www.amazon.com/dp/B0CY25DD2N?tag=eloabder-20&linkCode=osi&th=1&psc=1"><img src="https://m.media-amazon.com/images/I/41jb6YrZnRL._SL500_.jpg" alt="Product Image"></a><p>ma:nyo Pure Cleansing Water Sensitive (16.9 fl oz/500ml) - Triple+ Micellar Technology, Makeup Removal Cleanser, Gentle Face Cleanser for all skin types, Cleanses and Hydrates Skin</p><p>$18.99 ($1.12 / Fl Oz)</p><a href="https://www.amazon.com/dp/B0CY25DD2N?tag=eloabder-20&linkCode=osi&th=1&psc=1">View Product</a></div>
<div class="product"><a href="https://www.amazon.com/dp/B09LKXR62L?tag=eloabder-20&linkCode=osi&th=1&psc=1"><img src="https://m.media-amazon.com/images/I/31D6ydy59dL._SL500_.jpg" alt="Product Image"></a><p>CeraVe Hydrating Toner for Face Non-Alcoholic with Hyaluronic Acid, Niacinamide, and Ceramides for Sensitive Dry Skin, Fragrance-Free Non Comedogenic, Full Size, 6.8 Fl Oz</p><p>$9.86 ($1.45 / Ounce)</p><a href="https://www.amazon.com/dp/B09LKXR62L?tag=eloabder-20&linkCode=osi&th=1&psc=1">View Product</a></div><div class="product"><a href="https://www.amazon.com/dp/B08CMS8P67?tag=eloabder-20&linkCode=osi&th=1&psc=1"><img src="https://m.media-amazon.com/images/I/31LVyuSsJEL._SL500_.jpg" alt="Product Image"></a><p>Anua Heartleaf 77 Soothing Toner I pH 5.5 Trouble Care, Calming Skin, Refreshing, Hydrating, Purifying, Cruelty Free, Vegan,(250ml / 8.45 fl.oz.)</p><p>$19.69 ($2.33 / Fl Oz)</p><a href="https://www.amazon.com/dp/B08CMS8P67?tag=eloabder-20&linkCode=osi&th=1&psc=1">View Product</a></div><div class="product"><a href="https://www.amazon.com/dp/B001BR97A0?tag=eloabder-20&linkCode=osi&th=1&psc=1"><img src="https://m.media-amazon.com/images/I/41ooiOilk5L._SL500_.jpg" alt="Product Image"></a><p>THAYERS Alcohol-Free, Hydrating Cucumber Witch Hazel Facial Toner with Aloe Vera Formula, Vegan, Dermatologist Tested and Recommended, 12 Oz</p><p>$10.53 ($0.88 / Fl Oz)</p><a href="https://www.amazon.com/dp/B001BR97A0?tag=eloabder-20&linkCode=osi&th=1&psc=1">View Product</a></div><div class="product"><a href="https://www.amazon.com/dp/B0CG1H8YRS?tag=eloabder-20&linkCode=osi&th=1&psc=1"><img src="https://m.media-amazon.com/images/I/31OZES5j9LL._SL500_.jpg" alt="Product Image"></a><p>TIRTIR Milk Skin Rice Toner | Deep Moisturizing, Instant Glow, 2% Niacinamide, Rice Bran Extract, Ceramide, Panthenol, Cruelty-Free, Fungal Acne Friendly, Vegan, 5.07 fl.oz.</p><p>$24.99 ($4.93 / Fl Oz)</p><a href="https://www.amazon.com/dp/B0CG1H8YRS?tag=eloabder-20&linkCode=osi&th=1&psc=1">View Product</a></div><div class="product"><a href="https://www.amazon.com/dp/B008EPPIQ4?tag=eloabder-20&linkCode=osi&th=1&psc=1"><img src="https://m.media-amazon.com/images/I/31-lQL0AkZL._SL500_.jpg" alt="Product Image"></a><p>Paula's Choice Skin Balancing Pore-Reducing Toner for Combination and Oily Skin, Minimizes Large Pores, 6.4 Fluid Ounce Bottle</p><p>$26.00 ($4.06 / Fl Oz)</p><a href="https://www.amazon.com/dp/B008EPPIQ4?tag=eloabder-20&linkCode=osi&th=1&psc=1">View Product</a></div><div class="product"><a href="https://www.amazon.com/dp/B0BNC5ZF3T?tag=eloabder-20&linkCode=osi&th=1&psc=1"><img src="https://m.media-amazon.com/images/I/31ZMbyd3gbL._SL500_.jpg" alt="Product Image"></a><p>Neutrogena Alcohol-Free Gentle Daily Fragrance-Free Face Toner to Tone & Refresh Skin, Toner Gently Removes Impurities & Reconditions Skin, Hypoallergenic, 8 fl. oz</p><p>$6.08 ($0.76 / Fl Oz)</p><a href="https://www.amazon.com/dp/B0BNC5ZF3T?tag=eloabder-20&linkCode=osi&th=1&psc=1">View Product</a></div><div class="product"><a href="https://www.amazon.com/dp/B00LO2RO7K?tag=eloabder-20&linkCode=osi&th=1&psc=1"><img src="https://m.media-amazon.com/images/I/31Wb52+KYzL._SL500_.jpg" alt="Product Image"></a><p>La Roche-Posay Effaclar Clarifying Solution Acne Toner with Salicylic Acid and Glycolic Acid, Pore Refining Oily Skin Toner, Gentle Exfoliant to Unclog Pores and Remove Dead Skin Cells</p><p>$16.99 ($2.51 / Fl Oz)</p><a href="https://www.amazon.com/dp/B00LO2RO7K?tag=eloabder-20&linkCode=osi&th=1&psc=1">View Product</a></div><div class="product"><a href="https://www.amazon.com/dp/B000GCQ04C?tag=eloabder-20&linkCode=osi&th=1&psc=1"><img src="https://m.media-amazon.com/images/I/31Jk+E96wIL._SL500_.jpg" alt="Product Image"></a><p>Dickinson's Original Witch Hazel Pore Perfecting Toner, 100% Natural, 16 Ounce Fragrance free</p><p>$4.94 ($0.31 / Fl Oz)</p><a href="https://www.amazon.com/dp/B000GCQ04C?tag=eloabder-20&linkCode=osi&th=1&psc=1">View Product</a></div><div class="product"><a href="https://www.amazon.com/dp/B073P6BPF5?tag=eloabder-20&linkCode=osi&th=1&psc=1"><img src="https://m.media-amazon.com/images/I/31hqlVDLizL._SL500_.jpg" alt="Product Image"></a><p>COSRX AHA/BHA Clarifying Treatment Toner, 5.07 fl.oz / 150ml | Exfoliating Facial Spray | Korean Skin Care, Hydrating, Mild Exfoliation, Vegan, Animal Testing Free, Paraben Free</p><p>$10.75 ($2.11 / Fl Oz)</p><a href="https://www.amazon.com/dp/B073P6BPF5?tag=eloabder-20&linkCode=osi&th=1&psc=1">View Product</a></div>
<div class="product"><a href="https://www.amazon.com/dp/B01N34XW93?tag=eloabder-20&linkCode=osi&th=1&psc=1"><img src="https://m.media-amazon.com/images/I/31OMOTCxlmL._SL500_.jpg" alt="Product Image"></a><p>La Roche-Posay Toleriane Purifying Foaming Facial Cleanser, Oil Free Face Wash for Oily Skin and for Sensitive Skin with Niacinamide, Pore Cleanser Won’t Dry Out Skin, Unscented</p><p>$17.99 ($1.33 / Fl Oz)</p><a href="https://www.amazon.com/dp/B01N34XW93?tag=eloabder-20&linkCode=osi&th=1&psc=1">View Product</a></div><div class="product"><a href="https://www.amazon.com/dp/B01MSSDEPK?tag=eloabder-20&linkCode=osi&th=1&psc=1"><img src="https://m.media-amazon.com/images/I/41YuSwjJUIL._SL500_.jpg" alt="Product Image"></a><p>CeraVe Hydrating Facial Cleanser | Moisturizing Face Wash For Dry Skin | Hyaluronic Acid + Ceramides + Glycerin | Hydrating Cleanser For Normal To Dry Skin | National Eczema Assosiation Certified</p><p>$15.48 ($0.97 / Fl Oz)</p><a href="https://www.amazon.com/dp/B01MSSDEPK?tag=eloabder-20&linkCode=osi&th=1&psc=1">View Product</a></div><div class="product"><a href="https://www.amazon.com/dp/B01N1LL62W?tag=eloabder-20&linkCode=osi&th=1&psc=1"><img src="https://m.media-amazon.com/images/I/41kwN8dWWzL._SL500_.jpg" alt="Product Image"></a><p>CeraVe Foaming Facial Cleanser | Daily Face Wash for Oily Skin with Hyaluronic Acid, Ceramides, and Niacinamide| Fragrance Free | 16 Fluid Ounce</p><p>$15.19 ($0.95 / Fl Oz)</p><a href="https://www.amazon.com/dp/B01N1LL62W?tag=eloabder-20&linkCode=osi&th=1&psc=1">View Product</a></div><div class="product"><a href="https://www.amazon.com/dp/B01N7T7JKJ?tag=eloabder-20&linkCode=osi&th=1&psc=1"><img src="https://m.media-amazon.com/images/I/31VXK3y1KYL._SL500_.jpg" alt="Product Image"></a><p>La Roche-Posay Toleriane Hydrating Gentle Face Cleanser, Daily Facial Cleanser with Niacinamide and Ceramides for Sensitive Skin, Moisturizing Face Wash for Normal to Dry Skin, Fragrance Free</p><p>$17.99 ($1.33 / Fl Oz)</p><a href="https://www.amazon.com/dp/B01N7T7JKJ?tag=eloabder-20&linkCode=osi&th=1&psc=1">View Product</a></div><div class="product"><a href="https://www.amazon.com/dp/B0719GRD5R?tag=eloabder-20&linkCode=osi&th=1&psc=1"><img src="https://m.media-amazon.com/images/I/41YE7bBHNCL._SL500_.jpg" alt="Product Image"></a><p>Clean & Clear Deep Action Exfoliating Cleanser with Pro-Vitamin B5, Gentle Exfoliating Daily Face Scrub Cleans Deep Down to the Pore for Soft, Smooth, Hydrated Skin, Oil Free Face Wash, 7 FL OZ</p><p>$5.32 ($0.76 / Fl Oz)</p><a href="https://www.amazon.com/dp/B0719GRD5R?tag=eloabder-20&linkCode=osi&th=1&psc=1">View Product</a></div><div class="product"><a href="https://www.amazon.com/dp/B08CQ9T6KN?tag=eloabder-20&linkCode=osi&th=1&psc=1"><img src="https://m.media-amazon.com/images/I/31IpigAgxZL._SL500_.jpg" alt="Product Image"></a><p>CeraVe SA Cleanser | Salicylic Acid Cleanser with Hyaluronic Acid, Niacinamide & Ceramides| BHA Exfoliant for Face | Fragrance Free Non-Comedogenic | 16 Ounce</p><p>$15.48 ($0.97 / Fl Oz)</p><a href="https://www.amazon.com/dp/B08CQ9T6KN?tag=eloabder-20&linkCode=osi&th=1&psc=1">View Product</a></div><div class="product"><a href="https://www.amazon.com/dp/B09Y4HHY1P?tag=eloabder-20&linkCode=osi&th=1&psc=1"><img src="https://m.media-amazon.com/images/I/41Crw80Q3yL._SL500_.jpg" alt="Product Image"></a><p>Cetaphil Face Wash, Daily Facial Cleanser for Sensitive, Combination to Oily Skin, NEW 16 oz, Fragrance Free, Gentle Foaming, Soap Free, Hypoallergenic (Packaging May Vary)</p><p>$11.97 ($0.75 / Fl Oz)</p><a href="https://www.amazon.com/dp/B09Y4HHY1P?tag=eloabder-20&linkCode=osi&th=1&psc=1">View Product</a></div><div class="product"><a href="https://www.amazon.com/dp/B099MSZX25?tag=eloabder-20&linkCode=osi&th=1&psc=1"><img src="https://m.media-amazon.com/images/I/41VHDzUYE6L._SL500_.jpg" alt="Product Image"></a><p>Cetaphil Face Wash, Daily Facial Cleanser for Sensitive, Combination to Oily Skin, Mother's Day Gifts, NEW 20 oz, Gentle Foaming, Soap Free, Hypoallergenic</p><p>$13.97 ($0.70 / Fl Oz)</p><a href="https://www.amazon.com/dp/B099MSZX25?tag=eloabder-20&linkCode=osi&th=1&psc=1">View Product</a></div><div class="product"><a href="https://www.amazon.com/dp/B00LO1DNXU?tag=eloabder-20&linkCode=osi&th=1&psc=1"><img src="https://m.media-amazon.com/images/I/31blEnDdwIL._SL500_.jpg" alt="Product Image"></a><p>La Roche-Posay Effaclar Medicated Gel Cleanser | 2% Salicylic Acid Cleanser + LHA + Glycerin | Foaming Acne Face Wash | Helps Clear & Prevent Acne Breakouts | Oil Free Acne Wash | Targets Excess Oil</p><p>$16.99 ($2.51 / Fl Oz)</p><a href="https://www.amazon.com/dp/B00LO1DNXU?tag=eloabder-20&linkCode=osi&th=1&psc=1">View Product</a></div><div class="product"><a href="https://www.amazon.com/dp/B00FFJ4W0U?tag=eloabder-20&linkCode=osi&th=1&psc=1"><img src="https://m.media-amazon.com/images/I/31NIZChUu9L._SL500_.jpg" alt="Product Image"></a><p>Clean & Clear Morning Burst Hydrating Facial Cleanser with BHA, Cucumber and Aloe Extracts, Oil-Free Face Wash Gently Removes Oil and Pore Clogging Impurities, 8 FL OZ</p><p>$4.97 ($0.62 / Fl Oz)</p><a href="https://www.amazon.com/dp/B00FFJ4W0U?tag=eloabder-20&linkCode=osi&th=1&psc=1">View Product</a></div>
<div class="product"><a href="https://www.amazon.com/dp/B00QY1XZ4W?tag=eloabder-20&linkCode=osi&th=1&psc=1"><img src="https://m.media-amazon.com/images/I/319pG+OQZxL._SL500_.jpg" alt="Product Image"></a><p>Vanicream Gentle Facial Cleanser with Pump Dispenser - 8 fl oz - Formulated Without Common Irritants for Those with Sensitive Skin</p><p>$8.86 ($1.11 / Fl Oz)</p><a href="https://www.amazon.com/dp/B00QY1XZ4W?tag=eloabder-20&linkCode=osi&th=1&psc=1">View Product</a></div><div class="product"><a href="https://www.amazon.com/dp/B00UT47WZ8?tag=eloabder-20&linkCode=osi&th=1&psc=1"><img src="https://m.media-amazon.com/images/I/31LuYFIOBXL._SL500_.jpg" alt="Product Image"></a><p>Neutrogena Deep Clean Daily Facial Cleanser with Beta Hydroxy Acid for Normal to Oily Skin, Alcohol-Free, Oil-Free & Non-Comedogenic, 6.7 fl. oz</p><p>$6.49 ($0.97 / Fl Oz)</p><a href="https://www.amazon.com/dp/B00UT47WZ8?tag=eloabder-20&linkCode=osi&th=1&psc=1">View Product</a></div><div class="product"><a href="https://www.amazon.com/dp/B0BVV8BNYJ?tag=eloabder-20&linkCode=osi&th=1&psc=1"><img src="https://m.media-amazon.com/images/I/31tSZvBReoL._SL500_.jpg" alt="Product Image"></a><p>ANUA Heartleaf Quercetinol Pore Deep Cleansing Foam, Facial Cleanser, for Double Cleansing, BHA, Hyaluronic Acid, Glycerin, Face Wash, Blackhead Remover, Korean Skincare (150ml/5.07 fl.oz.)</p><p>$13.00 ($2.56 / Fl Oz)</p><a href="https://www.amazon.com/dp/B0BVV8BNYJ?tag=eloabder-20&linkCode=osi&th=1&psc=1">View Product</a></div><div class="product"><a href="https://www.amazon.com/dp/B004HLSZYQ?tag=eloabder-20&linkCode=osi&th=1&psc=1"><img src="https://m.media-amazon.com/images/I/31KXj2UGrOL._SL500_.jpg" alt="Product Image"></a><p>EltaMD Foaming Facial Cleanser, Gentle Foaming Face Wash and Makeup Remover, Oil Free Face Wash, 7 oz Pump</p><p>$35.00 ($5.00 / Fl Oz)</p><a href="https://www.amazon.com/dp/B004HLSZYQ?tag=eloabder-20&linkCode=osi&th=1&psc=1">View Product</a></div>
<div class="product"><a href="https://www.amazon.com/dp/B07C5SS6YD?tag=eloabder-20&linkCode=osi&th=1&psc=1"><img src="https://m.media-amazon.com/images/I/31tzIszvgAL._SL500_.jpg" alt="Product Image"></a><p>Paula's Choice Skin Perfecting 2% BHA Liquid Salicylic Acid Exfoliant, Gentle Facial Exfoliator for Blackheads, Large Pores, Wrinkles & Fine Lines, Travel Size, 1 Fluid Ounce</p><p>$14.00</p><a href="https://www.amazon.com/dp/B07C5SS6YD?tag=eloabder-20&linkCode=osi&th=1&psc=1">View Product</a></div><div class="product"><a href="https://www.amazon.com/dp/B07VW3YSWH?tag=eloabder-20&linkCode=osi&th=1&psc=1"><img src="https://m.media-amazon.com/images/I/410j9ZFktHL._SL500_.jpg" alt="Product Image"></a><p>Tree Hut Vitamin C Shea Sugar Scrub, 18 oz, Ultra Hydrating and Exfoliating Scrub for Nourishing Essential Body Care</p><p>$8.94 ($0.50 / Ounce)</p><a href="https://www.amazon.com/dp/B07VW3YSWH?tag=eloabder-20&linkCode=osi&th=1&psc=1">View Product</a></div><div class="product"><a href="https://www.amazon.com/dp/B08YN28CS4?tag=eloabder-20&linkCode=osi&th=1&psc=1"><img src="https://m.media-amazon.com/images/I/41WIWNeKrxL._SL500_.jpg" alt="Product Image"></a><p>Seraphic Skincare (Original) Premium Exfoliating Mitt for Body (1pc) – 100% Vegan Viscose Traditional Body Scrub Glove Kessa Korean Washcloth – Body Exfoliator for Self-Tan Removal & Keratosis Pilaris</p><p>$8.99 ($8.99 / Count)</p><a href="https://www.amazon.com/dp/B08YN28CS4?tag=eloabder-20&linkCode=osi&th=1&psc=1">View Product</a></div><div class="product"><a href="https://www.amazon.com/dp/B001VMJSCW?tag=eloabder-20&linkCode=osi&th=1&psc=1"><img src="https://m.media-amazon.com/images/I/31N7x4-aJAL._SL500_.jpg" alt="Product Image"></a><p>Dermalogica Daily Microfoliant, Face Exfoliator Scrub Powder with Salicylic Acid and Papaya Enzyme, Achieve Brighter, Smoother Skin Daily, 0.45 Oz</p><p>$19.00 ($42.22 / Ounce)</p><a href="https://www.amazon.com/dp/B001VMJSCW?tag=eloabder-20&linkCode=osi&th=1&psc=1">View Product</a></div><div class="product"><a href="https://www.amazon.com/dp/B076KYPY23?tag=eloabder-20&linkCode=osi&th=1&psc=1"><img src="https://m.media-amazon.com/images/I/31F7Ozgy+WL._SL500_.jpg" alt="Product Image"></a><p>DRMTLGY Microdermabrasion Facial Scrub and Face Mask. Non-Abrasive Face Exfoliator Improves Acne Scars, Blackheads, Pore Size, and Skin Texture. 2 oz</p><p>$20.00 ($10.00 / Ounce)</p><a href="https://www.amazon.com/dp/B076KYPY23?tag=eloabder-20&linkCode=osi&th=1&psc=1">View Product</a></div><div class="product"><a href="https://www.amazon.com/dp/B018H32LHQ?tag=eloabder-20&linkCode=osi&th=1&psc=1"><img src="https://m.media-amazon.com/images/I/41NfDFms3KL._SL500_.jpg" alt="Product Image"></a><p>Era Organics Microdermabrasion Facial Scrub & Face Exfoliator - Spa Quality Exfoliating Mask with Manuka Honey Walnut Moisturizing Exfoliant for Dry Skin, Blackheads Wrinkles (2 oz)</p><p>$16.99 ($8.50 / Ounce)</p><a href="https://www.amazon.com/dp/B018H32LHQ?tag=eloabder-20&linkCode=osi&th=1&psc=1">View Product</a></div><div class="product"><a href="https://www.amazon.com/dp/B0BNWXFH3P?tag=eloabder-20&linkCode=osi&th=1&psc=1"><img src="https://m.media-amazon.com/images/I/51HkdST1FCL._SL500_.jpg" alt="Product Image"></a><p>Dermasuri Deep Exfoliating Glove for Shower - Exfoliating Mitt Body Scrubber - Skin Exfoliator & Dead Skin Remover - Keratosis Pilaris Scrub - Spray Tan Remover - Korean Skincare for Body (2 Pack)</p><p>$19.99 ($10.00 / Count)</p><a href="https://www.amazon.com/dp/B0BNWXFH3P?tag=eloabder-20&linkCode=osi&th=1&psc=1">View Product</a></div><div class="product"><a href="https://www.amazon.com/dp/B09Q88TVGJ?tag=eloabder-20&linkCode=osi&th=1&psc=1"><img src="https://m.media-amazon.com/images/I/31jQFJt0t7L._SL500_.jpg" alt="Product Image"></a><p>tingl Face and Body Exfoliator Pads - Anti Aging Acne Treatment with Glycolic Acid, Lactic Acid, and Salicylic Acid - Pore Minimizer, Oil Cleanser, Blackhead Remover and Skin Exfoliator in One</p><p>$38.00 ($38.00 / Count)</p><a href="https://www.amazon.com/dp/B09Q88TVGJ?tag=eloabder-20&linkCode=osi&th=1&psc=1">View Product</a></div><div class="product"><a href="https://www.amazon.com/dp/B08T4FLJQZ?tag=eloabder-20&linkCode=osi&th=1&psc=1"><img src="https://m.media-amazon.com/images/I/317LIpGPZiL._SL500_.jpg" alt="Product Image"></a><p>Dove Scrub Brown Sugar & Coconut Butter For Silky Smooth Skin Body Scrub Exfoliates & Restores Skin's Natural Nutrients 10.5 oz</p><p>$6.97 ($0.66 / Ounce)</p><a href="https://www.amazon.com/dp/B08T4FLJQZ?tag=eloabder-20&linkCode=osi&th=1&psc=1">View Product</a></div>
<div class="product"><a href="https://www.amazon.com/dp/B07XG6BKCV?tag=eloabder-20&linkCode=osi&th=1&psc=1"><img src="https://m.media-amazon.com/images/I/31gg8aKaOeL._SL500_.jpg" alt="Product Image"></a><p>First Aid Beauty KP Bump Eraser Body Scrub Exfoliant for Keratosis Pilaris with 10% AHA – 8 oz</p><p>$30.00 ($3.75 / Ounce)</p><a href="https://www.amazon.com/dp/B07XG6BKCV?tag=eloabder-20&linkCode=osi&th=1&psc=1">View Product</a></div><div class="product"><a href="https://www.amazon.com/dp/B08Y5X8GJ9?tag=eloabder-20&linkCode=osi&th=1&psc=1"><img src="https://m.media-amazon.com/images/I/51MmIF4H+2L._SL500_.jpg" alt="Product Image"></a><p>Tree Hut Watermelon Shea Sugar Exfoliating & Hydrating Body Scrub, 18oz</p><p>$8.49 ($0.47 / Ounce)</p><a href="https://www.amazon.com/dp/B08Y5X8GJ9?tag=eloabder-20&linkCode=osi&th=1&psc=1">View Product</a></div><div class="product"><a href="https://www.amazon.com/dp/B003Z4OD24?tag=eloabder-20&linkCode=osi&th=1&psc=1"><img src="https://m.media-amazon.com/images/I/31C3rfE0XfL._SL500_.jpg" alt="Product Image"></a><p>Acure Brightening Facial Scrub for a Youthful, Brighter, Radiant Complexion | With Sea Kelp & French Green Clay, 4 Fl Oz</p><p>$11.83 ($2.96 / Fl Oz)</p><a href="https://www.amazon.com/dp/B003Z4OD24?tag=eloabder-20&linkCode=osi&th=1&psc=1">View Product</a></div><div class="product"><a href="https://www.amazon.com/dp/B07TH9YNL7?tag=eloabder-20&linkCode=osi&th=1&psc=1"><img src="https://m.media-amazon.com/images/I/4152M3OTu9L._SL500_.jpg" alt="Product Image"></a><p>Brooklyn Botany Dead Sea Salt and Coconut Milk Body Scrub - Moisturizing and Exfoliating Body, Face, Hand, Foot Scrub - Fights Stretch Marks, Fine Lines, Wrinkles - Great Gifts for Women & Men - 10 oz</p><p>$8.99 ($0.86 / Ounce)</p><a href="https://www.amazon.com/dp/B07TH9YNL7?tag=eloabder-20&linkCode=osi&th=1&psc=1">View Product</a></div><div class="product"><a href="https://www.amazon.com/dp/B07Q9C3YTQ?tag=eloabder-20&linkCode=osi&th=1&psc=1"><img src="https://m.media-amazon.com/images/I/31L0XCMqHoL._SL500_.jpg" alt="Product Image"></a><p>SheaMoisture Body Scrub for Dull Skin Illuminating Coconut and Hibiscus Cruelty-Free Skin Care 12 oz</p><p>$8.94 ($0.74 / Ounce)</p><a href="https://www.amazon.com/dp/B07Q9C3YTQ?tag=eloabder-20&linkCode=osi&th=1&psc=1">View Product</a></div><div class="product"><a href="https://www.amazon.com/dp/B09X6CVS53?tag=eloabder-20&linkCode=osi&th=1&psc=1"><img src="https://m.media-amazon.com/images/I/51a7ibTDAQL._SL500_.jpg" alt="Product Image"></a><p>Exfoliating Body Scrub Turmeric Body Scrub and Skin Exfoliator with Collagen and Coconut Oil Gently Exfoliate Face Body Hand and Foot Scrub Moisturizing Body SkinCare products by M3 Naturals</p><p>$25.81 ($2.15 / Ounce)</p><a href="https://www.amazon.com/dp/B09X6CVS53?tag=eloabder-20&linkCode=osi&th=1&psc=1">View Product</a></div><div class="product"><a href="https://www.amazon.com/dp/B08TM4QBDT?tag=eloabder-20&linkCode=osi&th=1&psc=1"><img src="https://m.media-amazon.com/images/I/51ToKkQ3fMS._SL500_.jpg" alt="Product Image"></a><p>First Botany, Himalayan Salt Body Scrub with Collagen & Stem Cells, Natural Exfoliating Salt Scrub Body & Face Souffle helps with Moisturizing Skin, Acne, Cellulite, Dead Skin Scars, Wrinkles, 11 oz</p><p>$13.89 ($1.26 / Ounce)</p><a href="https://www.amazon.com/dp/B08TM4QBDT?tag=eloabder-20&linkCode=osi&th=1&psc=1">View Product</a></div>
<div class="product"><a href="https://www.amazon.com/dp/B0B2RM68G2?tag=eloabder-20&linkCode=osi&th=1&psc=1"><img src="https://m.media-amazon.com/images/I/41VafG53fjL._SL500_.jpg" alt="Product Image"></a><p>BIODANCE Bio-Collagen Real Deep Mask, Hydrating Overnight Hydrogel Mask, Pore Minimizing, Elasticity Improvement, 34g x4ea</p><p>$19.00 ($4.75 / Count)</p><a href="https://www.amazon.com/dp/B0B2RM68G2?tag=eloabder-20&linkCode=osi&th=1&psc=1">View Product</a></div><div class="product"><a href="https://www.amazon.com/dp/B0722LVW3B?tag=eloabder-20&linkCode=osi&th=1&psc=1"><img src="https://m.media-amazon.com/images/I/51Vm0lozSIL._SL500_.jpg" alt="Product Image"></a><p>DERMAL 24 Combo Pack A Collagen Essence Korean Face Mask - Hydrating & Soothing Facial Mask with Panthenol - Hypoallergenic Self Care Sheet Mask for All Skin Types - Natural Home Spa Treatment Mask</p><p>$16.99 ($0.71 / Count)</p><a href="https://www.amazon.com/dp/B0722LVW3B?tag=eloabder-20&linkCode=osi&th=1&psc=1">View Product</a></div><div class="product"><a href="https://www.amazon.com/dp/B08YRD11VS?tag=eloabder-20&linkCode=osi&th=1&psc=1"><img src="https://m.media-amazon.com/images/I/41QL8zBoz0S._SL500_.jpg" alt="Product Image"></a><p>Vitamin C Face Mask with Kaolin Clay and Turmeric for Dark Spots, Dull Skin, Skincare Facial Mask for Controlling Oil and Refining Pores 5.29 Oz</p><p>$14.99 ($2.83 / Ounce)</p><a href="https://www.amazon.com/dp/B08YRD11VS?tag=eloabder-20&linkCode=osi&th=1&psc=1">View Product</a></div><div class="product"><a href="https://www.amazon.com/dp/B06VV8FBDQ?tag=eloabder-20&linkCode=osi&th=1&psc=1"><img src="https://m.media-amazon.com/images/I/41GEI9zFceL._SL500_.jpg" alt="Product Image"></a><p>LA PURE Korean Face Mask - 10ct Snail Mucin Hydrating Face Masks Anti Wrinkle Anti Aging Deep Moisturizing Natural Snail Mucin Mask Sheet Mask Paraben Free Facial Skin Care Products Korean Skin Care</p><p>$24.95 ($2.50 / Count)</p><a href="https://www.amazon.com/dp/B06VV8FBDQ?tag=eloabder-20&linkCode=osi&th=1&psc=1">View Product</a></div><div class="product"><a href="https://www.amazon.com/dp/B09XWVH7XX?tag=eloabder-20&linkCode=osi&th=1&psc=1"><img src="https://m.media-amazon.com/images/I/413x5TISr1L._SL500_.jpg" alt="Product Image"></a><p>Mediheal Best Korean Watermide Essential Face Mask - 10 Hydrating and Moisturizing Sheet Masks With Water 3x Complex For All Skin Types</p><p>$19.90 ($1.99 / Count)</p><a href="https://www.amazon.com/dp/B09XWVH7XX?tag=eloabder-20&linkCode=osi&th=1&psc=1">View Product</a></div><div class="product"><a href="https://www.amazon.com/dp/B07K6V8P2R?tag=eloabder-20&linkCode=osi&th=1&psc=1"><img src="https://m.media-amazon.com/images/I/41FtxFr0Z-L._SL500_.jpg" alt="Product Image"></a><p>Ebanel 15 Pack Collagen Peptide Hydrating Face Masks, Instant Brightening Firming Anti Aging Face Sheet Masks, Moisturizing Spa Face Masks Skincare with Hyaluronic Acid, Vitamin C, Chamomile, Aloe</p><p>$18.99 ($1.81 / Ounce)</p><a href="https://www.amazon.com/dp/B07K6V8P2R?tag=eloabder-20&linkCode=osi&th=1&psc=1">View Product</a></div><div class="product"><a href="https://www.amazon.com/dp/B0CYGT3CR4?tag=eloabder-20&linkCode=osi&th=1&psc=1"><img src="https://m.media-amazon.com/images/I/51LbfzrqiUL._SL500_.jpg" alt="Product Image"></a><p>KONEUK 14 Pack Sheet Face Masks Skincare for All Skin Types, Hydrating Face Masks Suitable for Sensitive Skin, Bulk Facial Mask Set for Women Skin Care, Face Mask Gifts Set for Face Spa</p><p>$8.99 ($0.64 / Count)</p><a href="https://www.amazon.com/dp/B0CYGT3CR4?tag=eloabder-20&linkCode=osi&th=1&psc=1">View Product</a></div><div class="product"><a href="https://www.amazon.com/dp/B07L8XY5B7?tag=eloabder-20&linkCode=osi&th=1&psc=1"><img src="https://m.media-amazon.com/images/I/41v5eqhBSIL._SL500_.jpg" alt="Product Image"></a><p>BRO MASK: Korean Face Mask for Men | 2 Pc. Hydrating Anti Aging Sheet Masks Contains Vitamin C, Vitamin E, Hyaluronic Acid, Hydrolyzed Collagen for Face Care & Acne Treatment by Jaxon Lane (4 Pack)</p><p>$28.00 ($7.00 / Count)</p><a href="https://www.amazon.com/dp/B07L8XY5B7?tag=eloabder-20&linkCode=osi&th=1&psc=1">View Product</a></div><div class="product"><a href="https://www.amazon.com/dp/B01KSIO76G?tag=eloabder-20&linkCode=osi&th=1&psc=1"><img src="https://m.media-amazon.com/images/I/21n0DJ3XOiL._SL500_.jpg" alt="Product Image"></a><p>Kiehl's Rare Earth Deep Pore Cleansing Mask, Pore-Minimizing Face Mask for Clogged Pores, Detoxifies & Refines Skin, Absorbs Excess Oil, with Amazonian White Clay & Aloe Vera - 0.95 fl oz</p><p>$26.00 ($27.37 / Ounce)</p><a href="https://www.amazon.com/dp/B01KSIO76G?tag=eloabder-20&linkCode=osi&th=1&psc=1">View Product</a></div>
<div class="product"><a href="https://www.amazon.com/dp/B08JSL9W6K?tag=eloabder-20&linkCode=osi&th=1&psc=1"><img src="https://m.media-amazon.com/images/I/410lOOpCRwL._SL500_.jpg" alt="Product Image"></a><p>COSRX Snail Mucin Sheet Mask 10 EA, Snail Essence Leave-on Face Masks for Dry, Sensitive Skin, Snail Secretion Filtrate, Not Tested on Animals, No Parabens, No Sulfates, Korean Skincare</p><p>$18.75 ($1.88 / Count)</p><a href="https://www.amazon.com/dp/B08JSL9W6K?tag=eloabder-20&linkCode=osi&th=1&psc=1">View Product</a></div><div class="product"><a href="https://www.amazon.com/dp/B07FPJHPX1?tag=eloabder-20&linkCode=osi&th=1&psc=1"><img src="https://m.media-amazon.com/images/I/51uNOnTpxTL._SL500_.jpg" alt="Product Image"></a><p>Celavi Essence Facial Sheet Face Mask Variety Set Classic Authentic Korean Moisturizing Skincare (12-Packs)</p><p>$9.40 ($0.78 / Count)</p><a href="https://www.amazon.com/dp/B07FPJHPX1?tag=eloabder-20&linkCode=osi&th=1&psc=1">View Product</a></div><div class="product"><a href="https://www.amazon.com/dp/B083X5R6VR?tag=eloabder-20&linkCode=osi&th=1&psc=1"><img src="https://m.media-amazon.com/images/I/31NleokJYmL._SL500_.jpg" alt="Product Image"></a><p>VT COSMETICS Daily Soothing Mask 30ea, Facial Sheet Mask for Moist & Hydrating, 30 Day Supply, Cica Face Mask</p><p>$18.50 ($0.62 / Count)</p><a href="https://www.amazon.com/dp/B083X5R6VR?tag=eloabder-20&linkCode=osi&th=1&psc=1">View Product</a></div><div class="product"><a href="https://www.amazon.com/dp/B0B57TX64F?tag=eloabder-20&linkCode=osi&th=1&psc=1"><img src="https://m.media-amazon.com/images/I/41+ywvmpRoL._SL500_.jpg" alt="Product Image"></a><p>Mediheal Best Korean Sheet Mask - Watermide Essential Face Mask 4 Sheets For All Skin Types Korean Best Sheet Mask Hydrating Moisturizing with Water 3x Complex</p><p>$7.90 ($1.98 / Count)</p><a href="https://www.amazon.com/dp/B0B57TX64F?tag=eloabder-20&linkCode=osi&th=1&psc=1">View Product</a></div><div class="product"><a href="https://www.amazon.com/dp/B0BPLLXT7Y?tag=eloabder-20&linkCode=osi&th=1&psc=1"><img src="https://m.media-amazon.com/images/I/41vG52wcgaL._SL500_.jpg" alt="Product Image"></a><p>NEXTBEAU [PACK OF 10] Solution Sheet Mask Pack 5types x 2pc Aloe, Niacinamide, Collagen, Hemp seed, Hyaluronic Acid</p><p>$8.99 ($0.90 / Count)</p><a href="https://www.amazon.com/dp/B0BPLLXT7Y?tag=eloabder-20&linkCode=osi&th=1&psc=1">View Product</a></div><div class="product"><a href="https://www.amazon.com/dp/B00BAM7F8C?tag=eloabder-20&linkCode=osi&th=1&psc=1"><img src="https://m.media-amazon.com/images/I/51jsS9SDHeL._SL500_.jpg" alt="Product Image"></a><p>DERMAL 16 Combo Pack A Collagen Essencce Korean Face Mask - Hydrating & Soothing Facial Mask with Panthenol - Hypoallergenic Self Care Sheet Mask for All Skin Types - Natural Home Spa Treatment Masks</p><p>$11.99</p><a href="https://www.amazon.com/dp/B00BAM7F8C?tag=eloabder-20&linkCode=osi&th=1&psc=1">View Product</a></div><div class="product"><a href="https://www.amazon.com/dp/B076H45H68?tag=eloabder-20&linkCode=osi&th=1&psc=1"><img src="https://m.media-amazon.com/images/I/41JP+9JeO5L._SL500_.jpg" alt="Product Image"></a><p>Neutrogena Hydro Boost Moisturizing & Hydrating 100% Hydrogel Sheet Face Mask for Dry Skin with Hyaluronic Acid, Gentle & Non-Comedogenic, 1 Ounce (Pack of 12)</p><p>$34.44 ($2.87 / Ounce)</p><a href="https://www.amazon.com/dp/B076H45H68?tag=eloabder-20&linkCode=osi&th=1&psc=1">View Product</a></div><div class="product"><a href="https://www.amazon.com/dp/B078YB11V4?tag=eloabder-20&linkCode=osi&th=1&psc=1"><img src="https://m.media-amazon.com/images/I/51shUi8PVmL._SL500_.jpg" alt="Product Image"></a><p>TONYMOLY I'm Real Radiance Sheet Mask 5 Count, Hydrates and Moisturizes Face</p><p>$12.00 ($2.40 / Count)</p><a href="https://www.amazon.com/dp/B078YB11V4?tag=eloabder-20&linkCode=osi&th=1&psc=1">View Product</a></div>
<div class="product"><a href="https://www.amazon.com/dp/B081FK6L1G?tag=eloabder-20&linkCode=osi&th=1&psc=1"><img src="https://m.media-amazon.com/images/I/51gWAvQb9aL._SL500_.jpg" alt="Product Image"></a><p>Aztec Secret– Indian Healing Clay 1 lb – Deep Pore Cleansing Facial & Body Mask – The Original 100% Natural Calcium Bentonite Clay – New Version 2</p><p>$14.95 ($0.93 / Ounce)</p><a href="https://www.amazon.com/dp/B081FK6L1G?tag=eloabder-20&linkCode=osi&th=1&psc=1">View Product</a></div><div class="product"><a href="https://www.amazon.com/dp/B0CQZ3W88P?tag=eloabder-20&linkCode=osi&th=1&psc=1"><img src="https://m.media-amazon.com/images/I/41I90W9bHuL._SL500_.jpg" alt="Product Image"></a><p>innisfree Super Volcanic Pore Clay Mask, Korean Pore Clearing Clay Mask with Volcanic Clusters and AHA</p><p>$16.00 ($4.73 / Ounce)</p><a href="https://www.amazon.com/dp/B0CQZ3W88P?tag=eloabder-20&linkCode=osi&th=1&psc=1">View Product</a></div><div class="product"><a href="https://www.amazon.com/dp/B07SDQDMZ4?tag=eloabder-20&linkCode=osi&th=1&psc=1"><img src="https://m.media-amazon.com/images/I/41vC+ro0S-L._SL500_.jpg" alt="Product Image"></a><p>Cetaphil Clay Mask Pro, Dermacontrol Purifying Clay Exfoliating Face Mask For Nourishment with Bentonite Clay for Blackheads and Pores, Designed for Oily, Sensitive Skin, 3 oz</p><p>$15.99 ($5.33 / Ounce)</p><a href="https://www.amazon.com/dp/B07SDQDMZ4?tag=eloabder-20&linkCode=osi&th=1&psc=1">View Product</a></div><div class="product"><a href="https://www.amazon.com/dp/B0CHN72MCJ?tag=eloabder-20&linkCode=osi&th=1&psc=1"><img src="https://m.media-amazon.com/images/I/41OPjUXZYlL._SL500_.jpg" alt="Product Image"></a><p>Aztec Secret Essential Indian Clay Mask Kit by Etana – 100% Natural Calcium Bentonite for Deep Pore Cleansing - Facial, Hair & Body Detox Set Wtih Accessories</p><p>$21.95 ($1.37 / Ounce)</p><a href="https://www.amazon.com/dp/B0CHN72MCJ?tag=eloabder-20&linkCode=osi&th=1&psc=1">View Product</a></div><div class="product"><a href="https://www.amazon.com/dp/B0CPDBW579?tag=eloabder-20&linkCode=osi&th=1&psc=1"><img src="https://m.media-amazon.com/images/I/31tDriIWYmL._SL500_.jpg" alt="Product Image"></a><p>FULLY Green Tomato Clay Mask Cleanser, Pore Purifying with 49% Green Tomato Extract, Sebum & Clogged Pore Care, Exfoliation, Fragrance-Free, Vegan & Dermatologically Tested, 4.05 fl.oz</p><p>$20.00 ($4.94 / Fl Oz)</p><a href="https://www.amazon.com/dp/B0CPDBW579?tag=eloabder-20&linkCode=osi&th=1&psc=1">View Product</a></div><div class="product"><a href="https://www.amazon.com/dp/B007CY2C76?tag=eloabder-20&linkCode=osi&th=1&psc=1"><img src="https://m.media-amazon.com/images/I/31-131ZWvEL._SL500_.jpg" alt="Product Image"></a><p>Freeman Dead Sea Minerals Anti-Stress Clay Facial Mask, Hydrating & Clarifying, Clears Pores, Face Mask With Lavender & Bergamot For Radiant Skin, For All Skin Types, 6 fl. oz./175 mL Tube, 1 Count</p><p>$3.86 ($0.64 / Ounce)</p><a href="https://www.amazon.com/dp/B007CY2C76?tag=eloabder-20&linkCode=osi&th=1&psc=1">View Product</a></div><div class="product"><a href="https://www.amazon.com/dp/B08HCVWG7B?tag=eloabder-20&linkCode=osi&th=1&psc=1"><img src="https://m.media-amazon.com/images/I/51nz+uBxoSL._SL500_.jpg" alt="Product Image"></a><p>Gleamin Vitamin C Clay Mask - 10-Minutes for Dark Spots, Turmeric Face Mask Skin Care, Deep Cleansing Pores - Facial Improves Uneven Tone, Post-Blemish, Visibly Brighten, Scarring and Texture - 2.5 Oz</p><p>$41.00 ($16.40 / Ounce)</p><a href="https://www.amazon.com/dp/B08HCVWG7B?tag=eloabder-20&linkCode=osi&th=1&psc=1">View Product</a></div>
<div class="product"><a href="https://www.amazon.com/dp/B000ZEA6WS?tag=eloabder-20&linkCode=osi&th=1&psc=1"><img src="https://m.media-amazon.com/images/I/31rFp2ip1IL._SL500_.jpg" alt="Product Image"></a><p>Freeman Renewing Cucumber Peel-Off Gel Facial Mask, Face Mask Refreshes Skin, Aloe Soothes & Moisturizes, Get Rejuvenated Skin, For Normal & Combination Skin, 6 fl. oz./175 mL Tube, 1 Count</p><p>$3.86 ($0.64 / Fl Oz)</p><a href="https://www.amazon.com/dp/B000ZEA6WS?tag=eloabder-20&linkCode=osi&th=1&psc=1">View Product</a></div><div class="product"><a href="https://www.amazon.com/dp/B08RYC42CZ?tag=eloabder-20&linkCode=osi&th=1&psc=1"><img src="https://m.media-amazon.com/images/I/31ApUlGl6zL._SL500_.jpg" alt="Product Image"></a><p>Aprilskin Calendula Peel Off Pore Minimizing Facial Mask | Vegan | Blackhead Remover, Exfoliating, Deep Cleansing | PHA BHA | Korean Skin Care | K Beauty | 3.52 oz</p><p>$16.90 ($4.80 / Fl Oz)</p><a href="https://www.amazon.com/dp/B08RYC42CZ?tag=eloabder-20&linkCode=osi&th=1&psc=1">View Product</a></div><div class="product"><a href="https://www.amazon.com/dp/B07DLDKCS1?tag=eloabder-20&linkCode=osi&th=1&psc=1"><img src="https://m.media-amazon.com/images/I/41Mx5AMIGyL._SL500_.jpg" alt="Product Image"></a><p>AZURE 24K Gold Firming Peel Off Face Mask- Anti Aging, Lifting, Illuminating & Revitalizing - Removes Blackheads, Dirt & Oils - With Hyaluronic Acid and Collagen - Skin Care Made in Korea - 150mL</p><p>$9.99 ($1.96 / Fl Oz)</p><a href="https://www.amazon.com/dp/B07DLDKCS1?tag=eloabder-20&linkCode=osi&th=1&psc=1">View Product</a></div><div class="product"><a href="https://www.amazon.com/dp/B07R16LBDL?tag=eloabder-20&linkCode=osi&th=1&psc=1"><img src="https://m.media-amazon.com/images/I/41yu6tuykaL._SL500_.jpg" alt="Product Image"></a><p>SUNATORIA Blackhead Remover Mask - Activated Charcoal Peel Off Face Mask - for All Skin Types - Deep Pore Cleaner Nose Blackhead Remover Pore Release - Black Head Remover for Face</p><p>$9.95 ($4.88 / Fl Oz)</p><a href="https://www.amazon.com/dp/B07R16LBDL?tag=eloabder-20&linkCode=osi&th=1&psc=1">View Product</a></div><div class="product"><a href="https://www.amazon.com/dp/B071KRTXX8?tag=eloabder-20&linkCode=osi&th=1&psc=1"><img src="https://m.media-amazon.com/images/I/51GSgsJO94L._SL500_.jpg" alt="Product Image"></a><p>SHILLS Charcoal Face Mask, Peel Off Mask, Charcoal Mask, Peel Off Mask, Deep Cleansing, Purifying, Activated Charcoal Mask with Brush</p><p>$9.94</p><a href="https://www.amazon.com/dp/B071KRTXX8?tag=eloabder-20&linkCode=osi&th=1&psc=1">View Product</a></div><div class="product"><a href="https://www.amazon.com/dp/B00E5NALCK?tag=eloabder-20&linkCode=osi&th=1&psc=1"><img src="https://m.media-amazon.com/images/I/31Is3s5+U7L._SL500_.jpg" alt="Product Image"></a><p>Freeman Cleansing Pomegranate Peel-Off Gel Facial Mask, Shrinks Pores, Purifies Skin, Made With 8 Different Antioxidants, Protects Skin, Cruelty-Free Skincare, 6 fl. oz./175 mL Tubes, 1 Count</p><p>$4.29 ($0.72 / Fl Oz)</p><a href="https://www.amazon.com/dp/B00E5NALCK?tag=eloabder-20&linkCode=osi&th=1&psc=1">View Product</a></div><div class="product"><a href="https://www.amazon.com/dp/B0CRTPJ5N3?tag=eloabder-20&linkCode=osi&th=1&psc=1"><img src="https://m.media-amazon.com/images/I/51zTZyHPVWL._SL500_.jpg" alt="Product Image"></a><p>Rednow Gold Foil Peel-Off Mask,Gold Peel Off Face Mask Anti-Wrinkle,98.4% Golden Peel Off Mask,Anti-Aging Gold Face Mask for Moisturizing,Removes Blackheads,Reduces Fine Lines,Cleans Pores(2PCS)</p><p>$14.99 ($7.50 / Fl Oz)</p><a href="https://www.amazon.com/dp/B0CRTPJ5N3?tag=eloabder-20&linkCode=osi&th=1&psc=1">View Product</a></div>
<div class="product"><a href="https://www.amazon.com/dp/B01NCM25K7?tag=eloabder-20&linkCode=osi&th=1&psc=1"><img src="https://m.media-amazon.com/images/I/416P4kSw1VL._SL500_.jpg" alt="Product Image"></a><p>New York Biology Dead Sea Mud Mask for Face and Body - Spa Quality Pore Reducer for Acne, Blackheads & Oily Skin, Natural Skincare for Women, Men - Tightens Skin for A Healthier Complexion - 8.8 oz</p><p>$16.95 ($1.93 / Ounce)</p><a href="https://www.amazon.com/dp/B01NCM25K7?tag=eloabder-20&linkCode=osi&th=1&psc=1">View Product</a></div><div class="product"><a href="https://www.amazon.com/dp/B00UREAGU8?tag=eloabder-20&linkCode=osi&th=1&psc=1"><img src="https://m.media-amazon.com/images/I/510FCuOHsNL._SL500_.jpg" alt="Product Image"></a><p>MAJESTIC PURE Dead Sea Mud Mask for Face and Body - Natural Skin Care for Women and Men - Best Facial Cleansing Clay for Blackhead, Whitehead, Acne and Pores - 8.8 fl. Oz</p><p>$9.99 ($1.14 / Fl Oz)</p><a href="https://www.amazon.com/dp/B00UREAGU8?tag=eloabder-20&linkCode=osi&th=1&psc=1">View Product</a></div><div class="product"><a href="https://www.amazon.com/dp/B0BNP68BMG?tag=eloabder-20&linkCode=osi&th=1&psc=1"><img src="https://m.media-amazon.com/images/I/41WoBVjFkyL._SL500_.jpg" alt="Product Image"></a><p>Aromasong 100% Pure Dead Sea Mud Mask for Face - Cleansing Natural Skin Care for Women and Men to Help Reduce Acne and Pores</p><p>$9.97 ($1.25 / Ounce)</p><a href="https://www.amazon.com/dp/B0BNP68BMG?tag=eloabder-20&linkCode=osi&th=1&psc=1">View Product</a></div><div class="product"><a href="https://www.amazon.com/dp/B08XY82146?tag=eloabder-20&linkCode=osi&th=1&psc=1"><img src="https://m.media-amazon.com/images/I/41Fcc-QZoiL._SL500_.jpg" alt="Product Image"></a><p>Borghese Advanced Fango Active Purifying Mud Mask, Detoxify & Clarify with Natural Minerals, For Face and Body, 7.5 Oz</p><p>$53.00 ($7.07 / Fl Oz)</p><a href="https://www.amazon.com/dp/B08XY82146?tag=eloabder-20&linkCode=osi&th=1&psc=1">View Product</a></div><div class="product"><a href="https://www.amazon.com/dp/B086V843R8?tag=eloabder-20&linkCode=osi&th=1&psc=1"><img src="https://m.media-amazon.com/images/I/410evC+SQHL._SL500_.jpg" alt="Product Image"></a><p>ANAI RUI Turmeric Clay Mask - Green Tea Clay Mask - Dead Sea Minerals Mud Mask, Spa Facial Mask Set, Face Mask Gift Set 2.5 oz each</p><p>$22.99</p><a href="https://www.amazon.com/dp/B086V843R8?tag=eloabder-20&linkCode=osi&th=1&psc=1">View Product</a></div><div class="product"><a href="https://www.amazon.com/dp/B0BZVQJMN2?tag=eloabder-20&linkCode=osi&th=1&psc=1"><img src="https://m.media-amazon.com/images/I/414evHf2H+L._SL500_.jpg" alt="Product Image"></a><p>20 Pods Clay Mask Set, Face Mask Skin Care，Green Tea, Turmeric, Dead Sea Mud, Rose, 24K Gold, Eggplant, Avocado, Mud Mask Deep Pore Cleansing Acne Blackhead Removal, Men & Women Facial Mask .</p><p>$17.97</p><a href="https://www.amazon.com/dp/B0BZVQJMN2?tag=eloabder-20&linkCode=osi&th=1&psc=1">View Product</a></div><div class="product"><a href="https://www.amazon.com/dp/B0D1G7XF9X?tag=eloabder-20&linkCode=osi&th=1&psc=1"><img src="https://m.media-amazon.com/images/I/31KAhEPTT2L._SL500_.jpg" alt="Product Image"></a><p>Medicube Zero Pore Blackhead Mud Facial Mask - Skin Cooling & Pore Tightening - 3 Minute Quick Dry Formula with AHA, BHA, PHA, and Pore-Purifying Clay - Korean Face Mask 3.52 oz</p><p>$17.90 ($5.09 / Ounce)</p><a href="https://www.amazon.com/dp/B0D1G7XF9X?tag=eloabder-20&linkCode=osi&th=1&psc=1">View Product</a></div><div class="product"><a href="https://www.amazon.com/dp/B0B538QDNY?tag=eloabder-20&linkCode=osi&th=1&psc=1"><img src="https://m.media-amazon.com/images/I/51MTBYPFdwL._SL500_.jpg" alt="Product Image"></a><p>4 Pcs Clay Facial Mask Set - Turmeric, Vitamin C, Green Tea, Dead Sea Mud, and Rose Clay for Deep Cleansing, Moisturizing, and Refining Pores - 240g</p><p>$19.99 ($2.36 / Ounce)</p><a href="https://www.amazon.com/dp/B0B538QDNY?tag=eloabder-20&linkCode=osi&th=1&psc=1">View Product</a></div><div class="product"><a href="https://www.amazon.com/dp/B09MN94BZW?tag=eloabder-20&linkCode=osi&th=1&psc=1"><img src="https://m.media-amazon.com/images/I/41dNAUrUGKL._SL500_.jpg" alt="Product Image"></a><p>Pure Clay Mud Mask, Clay Mask Pores for Face and Skin, Detox Clay Face Masks Skincare, Exfoliating Facial Treatment, Cleans & Purify Pores For Clear & Glowing Skin, Face Mask for Oily Skin & Normal</p><p>$5.99 ($0.70 / Ounce)</p><a href="https://www.amazon.com/dp/B09MN94BZW?tag=eloabder-20&linkCode=osi&th=1&psc=1">View Product</a></div>
<div class="product"><a href="https://www.amazon.com/dp/B08SHHLS4H?tag=eloabder-20&linkCode=osi&th=1&psc=1"><img src="https://m.media-amazon.com/images/I/51mcEX1fQQL._SL500_.jpg" alt="Product Image"></a><p>2PCS Gel Eye Mask Reusable Hot Cold Therapy Gel Bead Eye Mask for Puffiness/Dark Circles/Eye Bags/Dry Eyes/Headaches/Migraines/Stress Relief, Cooling Eye Mask Hot/Cold Compress Eye Mask (Blue)</p><p>$11.99 ($11.99 / Count)</p><a href="https://www.amazon.com/dp/B08SHHLS4H?tag=eloabder-20&linkCode=osi&th=1&psc=1">View Product</a></div><div class="product"><a href="https://www.amazon.com/dp/B0C8NR3Q5M?tag=eloabder-20&linkCode=osi&th=1&psc=1"><img src="https://m.media-amazon.com/images/I/51A6iv-SfEL._SL500_.jpg" alt="Product Image"></a><p>BeeVines Gel Eye Mask, 2 Pack Cooling Ice Masks for Puffy Eyes for Men & Women, Cold & Warm Compress for Post Surgery, Puffiness, Allergies, Sinuses & Migraines Treatment</p><p>$9.99 ($5.00 / Count)</p><a href="https://www.amazon.com/dp/B0C8NR3Q5M?tag=eloabder-20&linkCode=osi&th=1&psc=1">View Product</a></div><div class="product"><a href="https://www.amazon.com/dp/B07HD61PYN?tag=eloabder-20&linkCode=osi&th=1&psc=1"><img src="https://m.media-amazon.com/images/I/51NrypqKlOL._SL500_.jpg" alt="Product Image"></a><p>Cold Face Eye Mask Ice Pack Reduce Face Puff, Dark Circles, Gel Beads Hot Heat Cold Compress Pack, Face SPA for Woman Sleeping, Pressure, Headaches, Skin Care, Post Laser Care[Blue]</p><p>$9.99 ($9.99 / Count)</p><a href="https://www.amazon.com/dp/B07HD61PYN?tag=eloabder-20&linkCode=osi&th=1&psc=1">View Product</a></div><div class="product"><a href="https://www.amazon.com/dp/B075M9ZLB2?tag=eloabder-20&linkCode=osi&th=1&psc=1"><img src="https://m.media-amazon.com/images/I/51keceyL42L._SL500_.jpg" alt="Product Image"></a><p>Cooling Eye Mask - Reusable Gel Eye Mask Cold Pack - Our Ice Eye Mask Soothes Puffy Eyes & Dark Circles - Relieve Your Headaches & Sinus Pain with Cold Eye Mask & Eye Gel Mask Therapy - Halos</p><p>$9.99</p><a href="https://www.amazon.com/dp/B075M9ZLB2?tag=eloabder-20&linkCode=osi&th=1&psc=1">View Product</a></div><div class="product"><a href="https://www.amazon.com/dp/B0B9YLR2D6?tag=eloabder-20&linkCode=osi&th=1&psc=1"><img src="https://m.media-amazon.com/images/I/41byYk5cDeL._SL500_.jpg" alt="Product Image"></a><p>Lancity Jelly Mask Peel Off Face Masks SkinCare, Natural Gel Powder for Facial Mask, Professional hydrojelly Mask, Moisturizing & Hydrating 23 Fl Oz (Hyaluronic Acid)</p><p>$21.99 ($0.73 / Ounce)</p><a href="https://www.amazon.com/dp/B0B9YLR2D6?tag=eloabder-20&linkCode=osi&th=1&psc=1">View Product</a></div><div class="product"><a href="https://www.amazon.com/dp/B06XG249X4?tag=eloabder-20&linkCode=osi&th=1&psc=1"><img src="https://m.media-amazon.com/images/I/51YWeyoyTxL._SL500_.jpg" alt="Product Image"></a><p>Advanced Clinicals Hyaluronic Acid Gel Facial Mask Skin Care Treatment, Brightening, Hydrating Anti Aging Face Mask & Moisturizer Helps Transform Dry Skin W/Collagen, Chamomile, & Aloe Vera, 5 Fl Oz</p><p>$13.99 ($2.80 / Fl Oz)</p><a href="https://www.amazon.com/dp/B06XG249X4?tag=eloabder-20&linkCode=osi&th=1&psc=1">View Product</a></div><div class="product"><a href="https://www.amazon.com/dp/B0080FIRGQ?tag=eloabder-20&linkCode=osi&th=1&psc=1"><img src="https://m.media-amazon.com/images/I/41nFEw5jATS._SL500_.jpg" alt="Product Image"></a><p>Peter Thomas Roth | Cucumber Gel Mask | Extreme De-Tox Hydrator, Cooling and Hydrating Facial Mask, Helps Soothe the Look of Dry and Irritated Skin, 5 fl oz (Pack of 1)</p><p>$44.29 ($8.86 / Fl Oz)</p><a href="https://www.amazon.com/dp/B0080FIRGQ?tag=eloabder-20&linkCode=osi&th=1&psc=1">View Product</a></div>
<div class="product"><a href="https://www.amazon.com/dp/B014E2D6BY?tag=eloabder-20&linkCode=osi&th=1&psc=1"><img src="https://m.media-amazon.com/images/I/51V2D2PS2tL._SL500_.jpg" alt="Product Image"></a><p>grace & stella Under Eye Mask (Gold, 24 Pairs) Reduce Dark Circles, Puffy Eyes, Undereye Bags, Wrinkles - Gel Under Eye Patches - Gifts for Women - Birthday Gifts for Women - Vegan Cruelty Free</p><p>$21.95 ($0.91 / Count)</p><a href="https://www.amazon.com/dp/B014E2D6BY?tag=eloabder-20&linkCode=osi&th=1&psc=1">View Product</a></div><div class="product"><a href="https://www.amazon.com/dp/B0CPT8W3RV?tag=eloabder-20&linkCode=osi&th=1&psc=1"><img src="https://m.media-amazon.com/images/I/4184Q3-F9HL._SL500_.jpg" alt="Product Image"></a><p>grace & stella Purple Eye Treatment Gels - Dermatologist Tested - Under Eye Masks With Retinol - Restoring Under Eye Patches for Puffy Eyes and Dark Circles - Vegan, Cruelty-Free, 24 Pairs</p><p>$23.95 ($1.00 / Count)</p><a href="https://www.amazon.com/dp/B0CPT8W3RV?tag=eloabder-20&linkCode=osi&th=1&psc=1">View Product</a></div><div class="product"><a href="https://www.amazon.com/dp/B08DG3C22G?tag=eloabder-20&linkCode=osi&th=1&psc=1"><img src="https://m.media-amazon.com/images/I/51NCnFVfYTL._SL500_.jpg" alt="Product Image"></a><p>Celor Under Eye Patches for Puffy Eyes and Dark Circles - Eye Masks with Amino Acids & Collagen, Eye Care for Wrinkles - Birthday Gift for Women - Skincare Self Care - USA Tested (20 Pairs)</p><p>$9.99 ($0.50 / Count)</p><a href="https://www.amazon.com/dp/B08DG3C22G?tag=eloabder-20&linkCode=osi&th=1&psc=1">View Product</a></div><div class="product"><a href="https://www.amazon.com/dp/B0CQ2VBK8M?tag=eloabder-20&linkCode=osi&th=1&psc=1"><img src="https://m.media-amazon.com/images/I/61yjNxVwmgL._SL500_.jpg" alt="Product Image"></a><p>Under Eye Patches for Dark Circles and Puffy Eyes (30 Pairs), Marine Collagen Eye Gel Pads for Puffiness with Vitamin C, Hyaluronic Acid, and Pearl Extract, Eye Mask for Dark Circles and Puffiness</p><p>$19.95 ($0.66 / Count)</p><a href="https://www.amazon.com/dp/B0CQ2VBK8M?tag=eloabder-20&linkCode=osi&th=1&psc=1">View Product</a></div><div class="product"><a href="https://www.amazon.com/dp/B0CJJZYR9Y?tag=eloabder-20&linkCode=osi&th=1&psc=1"><img src="https://m.media-amazon.com/images/I/41Wxw8DLNVL._SL500_.jpg" alt="Product Image"></a><p>DRMTLGY Brightening Eye Masks (30 Pairs) - Caffeine Eye Masks for Dark Circles and Puffiness with Hyaluronic Acid, Eye Patches for Puffy Eyes</p><p>$44.00 ($0.73 / Count)</p><a href="https://www.amazon.com/dp/B0CJJZYR9Y?tag=eloabder-20&linkCode=osi&th=1&psc=1">View Product</a></div><div class="product"><a href="https://www.amazon.com/dp/B0CZ8JBDHQ?tag=eloabder-20&linkCode=osi&th=1&psc=1"><img src="https://m.media-amazon.com/images/I/41jK7RZj1NL._SL500_.jpg" alt="Product Image"></a><p>YOYORY Under Eye Patches Masks - for Dark Circles, Puffy Eyes, Fine Lines, Wrinkles, Eye Bags Treatment with Collagen and Hyaluronic Acid, Moisturizing and Hydrating (60 Pcs)…</p><p>$19.99 ($0.33 / Fl Oz)</p><a href="https://www.amazon.com/dp/B0CZ8JBDHQ?tag=eloabder-20&linkCode=osi&th=1&psc=1">View Product</a></div><div class="product"><a href="https://www.amazon.com/dp/B0C4NWGVTF?tag=eloabder-20&linkCode=osi&th=1&psc=1"><img src="https://m.media-amazon.com/images/I/51lAmpjfDsL._SL500_.jpg" alt="Product Image"></a><p>Taimand Under Eye Patches (30 Pairs), 24K Gold Under Eye Mask for Puffy Eyes, Dark Circles,Bags and Wrinkles with Collagen,Relieves Pressure and Reduces Wrinkles,Revitalises and Refreshes Your Skin</p><p>$7.99 ($0.27 / Count)</p><a href="https://www.amazon.com/dp/B0C4NWGVTF?tag=eloabder-20&linkCode=osi&th=1&psc=1">View Product</a></div><div class="product"><a href="https://www.amazon.com/dp/B0BDD7D34M?tag=eloabder-20&linkCode=osi&th=1&psc=1"><img src="https://m.media-amazon.com/images/I/51O5AVRXcUL._SL500_.jpg" alt="Product Image"></a><p>Maskiss 24k Gold Under Eye Patches (25 Pairs), eye mask, Collagen Skin Care Products, Eye Patches for Puffy Eyes, eye masks for dark circles and puffiness</p><p>$14.99 ($0.60 / Count)</p><a href="https://www.amazon.com/dp/B0BDD7D34M?tag=eloabder-20&linkCode=osi&th=1&psc=1">View Product</a></div><div class="product"><a href="https://www.amazon.com/dp/B0B1MFMS7W?tag=eloabder-20&linkCode=osi&th=1&psc=1"><img src="https://m.media-amazon.com/images/I/41BGKrFfFxL._SL500_.jpg" alt="Product Image"></a><p>CorneaCare Rest: Self Heating Warm Compress for Eyes | Heated Eye Mask for Fast Relief of Dry Eyes | No Microwave Needed | Eye Treatment Products for Dry Eye Relief | 30 Count | FSA & HSA Eligible</p><p>$35.00 ($1.17 / Count)</p><a href="https://www.amazon.com/dp/B0B1MFMS7W?tag=eloabder-20&linkCode=osi&th=1&psc=1">View Product</a></div><div class="product"><a href="https://www.amazon.com/dp/B0CTF8XSFX?tag=eloabder-20&linkCode=osi&th=1&psc=1"><img src="https://m.media-amazon.com/images/I/519z+NIvFHL._SL500_.jpg" alt="Product Image"></a><p>Under Eye Patches for Puffy Eyes Treatment 30 Pairs, 24K Gold Under Eye Masks for Dark Circles and Puffiness, Eye Gel Pads w/Collagen, Sodium Hyaluronate, Rose Essence for Eye Bags Treatment</p><p>$6.99 ($0.23 / Count)</p><a href="https://www.amazon.com/dp/B0CTF8XSFX?tag=eloabder-20&linkCode=osi&th=1&psc=1">View Product</a></div>
<div class="product"><a href="https://www.amazon.com/dp/B00JJPMXDO?tag=eloabder-20&linkCode=osi&th=1&psc=1"><img src="https://m.media-amazon.com/images/I/41xUbY21ojL._SL500_.jpg" alt="Product Image"></a><p>CeraVe Eye Repair Cream | Under Eye Cream For Puffiness And Bags Under Eyes | Hyaluronic Acid + Niacinamide + Marine Botanical Complex | Hydrating Eye Cream | Oil Free & Opthalmologist Tested</p><p>$10.70 ($21.40 / Ounce)</p><a href="https://www.amazon.com/dp/B00JJPMXDO?tag=eloabder-20&linkCode=osi&th=1&psc=1">View Product</a></div><div class="product"><a href="https://www.amazon.com/dp/B0B3GCCRVH?tag=eloabder-20&linkCode=osi&th=1&psc=1"><img src="https://m.media-amazon.com/images/I/41EdCdrw-AL._SL500_.jpg" alt="Product Image"></a><p>CeraVe Skin Renewing Eye Cream For Wrinkles | Under Eye Cream With Peptides + Caffeine + Niacinamide | Anti Aging Eye Cream For Wrinkles & Crows Feet | Paraben Free & Opthalmologist Tested</p><p>$18.49 ($36.98 / Ounce)</p><a href="https://www.amazon.com/dp/B0B3GCCRVH?tag=eloabder-20&linkCode=osi&th=1&psc=1">View Product</a></div><div class="product"><a href="https://www.amazon.com/dp/B00005333I?tag=eloabder-20&linkCode=osi&th=1&psc=1"><img src="https://m.media-amazon.com/images/I/31webfO63dL._SL500_.jpg" alt="Product Image"></a><p>L'Oreal Paris Dermo-Expertise Eye Defense Eye Cream with Caffeine and Hyaluronic Acid 0.5 oz</p><p>$12.27 ($24.54 / Ounce)</p><a href="https://www.amazon.com/dp/B00005333I?tag=eloabder-20&linkCode=osi&th=1&psc=1">View Product</a></div><div class="product"><a href="https://www.amazon.com/dp/B0CZJ8N83D?tag=eloabder-20&linkCode=osi&th=1&psc=1"><img src="https://m.media-amazon.com/images/I/31fQO3OHiML._SL500_.jpg" alt="Product Image"></a><p>PRIME PROMETICS PrimeEyes Hydrate Under Eye Cream for Mature Women – Hydrating Eye Cream for Dark Circles and Wrinkle Repair – Soft, Glowing & Healthy Under Eyes</p><p>$62.00</p><a href="https://www.amazon.com/dp/B0CZJ8N83D?tag=eloabder-20&linkCode=osi&th=1&psc=1">View Product</a></div><div class="product"><a href="https://www.amazon.com/dp/B0009RFB76?tag=eloabder-20&linkCode=osi&th=1&psc=1"><img src="https://m.media-amazon.com/images/I/31M2iQDNDOL._SL500_.jpg" alt="Product Image"></a><p>RoC Retinol Correxion Under Eye Cream for Dark Circles & Puffiness, Daily Wrinkle Cream, Anti Aging Line Smoothing Skin Care Treatment for Women and Men, 0.5 oz (Packaging May Vary)</p><p>$19.02 ($38.04 / Fl Oz)</p><a href="https://www.amazon.com/dp/B0009RFB76?tag=eloabder-20&linkCode=osi&th=1&psc=1">View Product</a></div><div class="product"><a href="https://www.amazon.com/dp/B0D3TG6MN3?tag=eloabder-20&linkCode=osi&th=1&psc=1"><img src="https://m.media-amazon.com/images/I/21-DQIJf5xL._SL500_.jpg" alt="Product Image"></a><p>Dr.Melaxin Eyephalt Eyebag Cream for Puffiness, Dark Circles & Fine Lines, Wrinkle, EGF Anti-Aging Under Eye Moisturizer with Niacinamide&Ceramide 0.33 fl.oz.</p><p>$59.00 ($178.79 / Fl Oz)</p><a href="https://www.amazon.com/dp/B0D3TG6MN3?tag=eloabder-20&linkCode=osi&th=1&psc=1">View Product</a></div><div class="product"><a href="https://www.amazon.com/dp/B07CKJRJXB?tag=eloabder-20&linkCode=osi&th=1&psc=1"><img src="https://m.media-amazon.com/images/I/31pJCzbhXrL._SL500_.jpg" alt="Product Image"></a><p>No7 Lift & Luminate Triple Action Eye Cream - Anti-Aging Under Eye Cream for Dark Circles, Puffiness & Wrinkles - Formulated with Vitamin C to Brighten and Refresh Tired Eyes (0.5 Fl Oz)</p><p>$15.93</p><a href="https://www.amazon.com/dp/B07CKJRJXB?tag=eloabder-20&linkCode=osi&th=1&psc=1">View Product</a></div><div class="product"><a href="https://www.amazon.com/dp/B07ZRF416W?tag=eloabder-20&linkCode=osi&th=1&psc=1"><img src="https://m.media-amazon.com/images/I/31cH7vzfBxL._SL500_.jpg" alt="Product Image"></a><p>COSRX Snail Peptide Eye Cream with 73.7% Snail Mucin and Niacinamide - Brightening Korean Night Cream for Fine Lines and Dark Circles</p><p>$13.89 ($16.34 / Fl Oz)</p><a href="https://www.amazon.com/dp/B07ZRF416W?tag=eloabder-20&linkCode=osi&th=1&psc=1">View Product</a></div>
<div class="product"><a href="https://www.amazon.com/dp/B01N9SPQHQ?tag=eloabder-20&linkCode=osi&th=1&psc=1"><img src="https://m.media-amazon.com/images/I/41NHgWAaYAL._SL500_.jpg" alt="Product Image"></a><p>La Roche-Posay Toleriane Double Repair Face Moisturizer, Daily Moisturizer Face Cream with Ceramide and Niacinamide for All Skin Types, Oil Free, Fragrance Free</p><p>$23.99 ($7.10 / Fl Oz)</p><a href="https://www.amazon.com/dp/B01N9SPQHQ?tag=eloabder-20&linkCode=osi&th=1&psc=1">View Product</a></div><div class="product"><a href="https://www.amazon.com/dp/B08BW46XXK?tag=eloabder-20&linkCode=osi&th=1&psc=1"><img src="https://m.media-amazon.com/images/I/41oCJ4BF8oL._SL500_.jpg" alt="Product Image"></a><p>Vanicream Daily Facial Moisturizer With Ceramides and Hyaluronic Acid - Formulated Without Common Irritants for Those with Sensitive Skin, 3 fl oz (Pack of 1)</p><p>$12.97 ($4.32 / Fl Oz)</p><a href="https://www.amazon.com/dp/B08BW46XXK?tag=eloabder-20&linkCode=osi&th=1&psc=1">View Product</a></div><div class="product"><a href="https://www.amazon.com/dp/B00TTD9BRC?tag=eloabder-20&linkCode=osi&th=1&psc=1"><img src="https://m.media-amazon.com/images/I/41Kc6H7fboL._SL500_.jpg" alt="Product Image"></a><p>CeraVe Moisturizing Cream | Body and Face Moisturizer for Dry Skin | Body Cream with Hyaluronic Acid and Ceramides | Daily Moisturizer | Oil-Free | Fragrance Free | Non-Comedogenic | 19 Ounce</p><p>$17.78 ($0.94 / Ounce)</p><a href="https://www.amazon.com/dp/B00TTD9BRC?tag=eloabder-20&linkCode=osi&th=1&psc=1">View Product</a></div><div class="product"><a href="https://www.amazon.com/dp/B000YJ2SLG?tag=eloabder-20&linkCode=osi&th=1&psc=1"><img src="https://m.media-amazon.com/images/I/31J9bWXnQ+L._SL500_.jpg" alt="Product Image"></a><p>CeraVe Daily Moisturizing Lotion for Dry Skin | Body Lotion & Face Moisturizer with Hyaluronic Acid and Ceramides | Daily Moisturizer | Fragrance Free | Oil-Free | 12 Ounce</p><p>$13.68 ($1.14 / Fl Oz)</p><a href="https://www.amazon.com/dp/B000YJ2SLG?tag=eloabder-20&linkCode=osi&th=1&psc=1">View Product</a></div><div class="product"><a href="https://www.amazon.com/dp/B01LEJ5MSK?tag=eloabder-20&linkCode=osi&th=1&psc=1"><img src="https://m.media-amazon.com/images/I/418xEMrk6LL._SL500_.jpg" alt="Product Image"></a><p>COSRX Snail Mucin 92% Repair Cream, Daily Face Gel Moisturizer for Dry Skin, Acne-prone, Sensitive Skin, Not Tested on Animals, No Parabens, Korean Skincare (3.52 Fl Oz (Pack of 1))</p><p>$13.99 ($3.97 / Fl Oz)</p><a href="https://www.amazon.com/dp/B01LEJ5MSK?tag=eloabder-20&linkCode=osi&th=1&psc=1">View Product</a></div><div class="product"><a href="https://www.amazon.com/dp/B0BBSP2JNQ?tag=eloabder-20&linkCode=osi&th=1&psc=1"><img src="https://m.media-amazon.com/images/I/51qb7tiAJgL._SL500_.jpg" alt="Product Image"></a><p>SimplyVital Face Moisturizer Collagen Cream - Anti Aging Neck and Décolleté - Made in USA Day & Night Face Cream - Moisturizing, Lifting & Recovery – 1.7oz</p><p>$22.89 ($13.46 / Fl Oz)</p><a href="https://www.amazon.com/dp/B0BBSP2JNQ?tag=eloabder-20&linkCode=osi&th=1&psc=1">View Product</a></div><div class="product"><a href="https://www.amazon.com/dp/B01NCWV3KM?tag=eloabder-20&linkCode=osi&th=1&psc=1"><img src="https://m.media-amazon.com/images/I/41Q1ESUhSeL._SL500_.jpg" alt="Product Image"></a><p>La Roche-Posay Toleriane Double Repair UV SPF Moisturizer for Face, Daily Facial Moisturizer with Sunscreen SPF 30, Niacinamide and Glycerin, Oil Free, Moisturizing Sun Protection</p><p>$24.99 ($10.00 / Fl Oz)</p><a href="https://www.amazon.com/dp/B01NCWV3KM?tag=eloabder-20&linkCode=osi&th=1&psc=1">View Product</a></div><div class="product"><a href="https://www.amazon.com/dp/B00F97FHAW?tag=eloabder-20&linkCode=osi&th=1&psc=1"><img src="https://m.media-amazon.com/images/I/41K+11aLxaL._SL500_.jpg" alt="Product Image"></a><p>CeraVe AM Facial Moisturizing Lotion with SPF 30 | Oil-Free Face Moisturizer with SPF | Formulated with Hyaluronic Acid, Niacinamide & Ceramides | Non-Comedogenic | Broad Spectrum Sunscreen | 3 Ounce</p><p>$14.99 ($5.00 / Fl Oz)</p><a href="https://www.amazon.com/dp/B00F97FHAW?tag=eloabder-20&linkCode=osi&th=1&psc=1">View Product</a></div><div class="product"><a href="https://www.amazon.com/dp/B00NR1YQHM?tag=eloabder-20&linkCode=osi&th=1&psc=1"><img src="https://m.media-amazon.com/images/I/41yzZFTW63L._SL500_.jpg" alt="Product Image"></a><p>Neutrogena Hydro Boost Face Moisturizer with Hyaluronic Acid for Dry Skin, Oil-Free and Non-Comedogenic Water Gel Face Lotion, 1.7 oz</p><p>$13.00 ($7.65 / Ounce)</p><a href="https://www.amazon.com/dp/B00NR1YQHM?tag=eloabder-20&linkCode=osi&th=1&psc=1">View Product</a></div><div class="product"><a href="https://www.amazon.com/dp/B08127SC4G?tag=eloabder-20&linkCode=osi&th=1&psc=1"><img src="https://m.media-amazon.com/images/I/31lAajvgToL._SL500_.jpg" alt="Product Image"></a><p>e.l.f. SKIN Holy Hydration! Face Cream, Moisturizer For Nourishing & Plumping Skin, Infused With Hyaluronic Acid, Vegan & Cruelty-Free, 1.8 Oz</p><p>$13.00 ($7.39 / Ounce)</p><a href="https://www.amazon.com/dp/B08127SC4G?tag=eloabder-20&linkCode=osi&th=1&psc=1">View Product</a></div>
<div class="product"><a href="https://www.amazon.com/dp/B00SNPCSUY?tag=eloabder-20&linkCode=osi&th=1&psc=1"><img src="https://m.media-amazon.com/images/I/411crd4ECqL._SL500_.jpg" alt="Product Image"></a><p>CeraVe Skin Renewing Night Cream | Niacinamide, Peptide Complex, and Hyaluronic Acid Moisturizer for Face | 1.7 Ounce, Packaging may Vary</p><p>$17.44 ($10.26 / Ounce)</p><a href="https://www.amazon.com/dp/B00SNPCSUY?tag=eloabder-20&linkCode=osi&th=1&psc=1">View Product</a></div><div class="product"><a href="https://www.amazon.com/dp/B00HNSSPDG?tag=eloabder-20&linkCode=osi&th=1&psc=1"><img src="https://m.media-amazon.com/images/I/41zARcUorbL._SL500_.jpg" alt="Product Image"></a><p>Neutrogena Triple Age Repair Anti-Aging Night Cream with Vitamin C; Fights Wrinkles & Evens Tone, Firming Anti-Wrinkle Face & Neck Cream; Glycerin & Shea Butter, 1.7 oz</p><p>$20.44 ($12.02 / Ounce)</p><a href="https://www.amazon.com/dp/B00HNSSPDG?tag=eloabder-20&linkCode=osi&th=1&psc=1">View Product</a></div><div class="product"><a href="https://www.amazon.com/dp/B01M4R7CC5?tag=eloabder-20&linkCode=osi&th=1&psc=1"><img src="https://m.media-amazon.com/images/I/414vBUMc1QL._SL500_.jpg" alt="Product Image"></a><p>Night Cream by Olay Regenerist Night Recovery Anti-Aging Face Moisturizer 1.7 oz</p><p>$21.34 ($12.55 / Ounce)</p><a href="https://www.amazon.com/dp/B01M4R7CC5?tag=eloabder-20&linkCode=osi&th=1&psc=1">View Product</a></div><div class="product"><a href="https://www.amazon.com/dp/B00365DABC?tag=eloabder-20&linkCode=osi&th=1&psc=1"><img src="https://m.media-amazon.com/images/I/41rqUy3OtML._SL500_.jpg" alt="Product Image"></a><p>CeraVe PM Facial Moisturizing Lotion | Night Cream with Hyaluronic Acid and Niacinamide | Ultra-Lightweight, Oil-Free Moisturizer for Face | 3 Ounce</p><p>$15.99 ($5.33 / Ounce)</p><a href="https://www.amazon.com/dp/B00365DABC?tag=eloabder-20&linkCode=osi&th=1&psc=1">View Product</a></div><div class="product"><a href="https://www.amazon.com/dp/B0877PX27D?tag=eloabder-20&linkCode=osi&th=1&psc=1"><img src="https://m.media-amazon.com/images/I/41UsZNavFeL._SL500_.jpg" alt="Product Image"></a><p>Eucerin Q10 Anti-Wrinkle Night Cream + Pro-Retinol, Facial Cream for Sensitive Skin, 1.7 Oz Jar</p><p>$12.49 ($7.35 / Ounce)</p><a href="https://www.amazon.com/dp/B0877PX27D?tag=eloabder-20&linkCode=osi&th=1&psc=1">View Product</a></div><div class="product"><a href="https://www.amazon.com/dp/B09843F4WG?tag=eloabder-20&linkCode=osi&th=1&psc=1"><img src="https://m.media-amazon.com/images/I/41rbHY+4UCL._SL500_.jpg" alt="Product Image"></a><p>L'Oreal Paris Age Perfect Collagen Expert Anti-Aging, Anti-Wrinkle Night Moisturizer 2.5 oz</p><p>$14.06 ($5.62 / Ounce)</p><a href="https://www.amazon.com/dp/B09843F4WG?tag=eloabder-20&linkCode=osi&th=1&psc=1">View Product</a></div><div class="product"><a href="https://www.amazon.com/dp/B00D440TZU?tag=eloabder-20&linkCode=osi&th=1&psc=1"><img src="https://m.media-amazon.com/images/I/41th+Ofm0oL._SL500_.jpg" alt="Product Image"></a><p>RoC Multi Correxion 5 in 1 Restoring/Anti Aging Facial Night Cream with Hexinol, 1.7 Ounces (Packaging May Vary)</p><p>$24.47 ($14.39 / Ounce)</p><a href="https://www.amazon.com/dp/B00D440TZU?tag=eloabder-20&linkCode=osi&th=1&psc=1">View Product</a></div><div class="product"><a href="https://www.amazon.com/dp/B0C15N3473?tag=eloabder-20&linkCode=osi&th=1&psc=1"><img src="https://m.media-amazon.com/images/I/415J39xM8eL._SL500_.jpg" alt="Product Image"></a><p>Cetaphil Healthy Renew Skin Tightening Night Cream 1.7 Oz, Wrinkle Repair Cream for Face with Peptides, Retinol Alternative Cream For Sensitive Skin, Fragrance Free</p><p>$16.64 ($9.79 / Fl Oz)</p><a href="https://www.amazon.com/dp/B0C15N3473?tag=eloabder-20&linkCode=osi&th=1&psc=1">View Product</a></div><div class="product"><a href="https://www.amazon.com/dp/B09W4TZVPZ?tag=eloabder-20&linkCode=osi&th=1&psc=1"><img src="https://m.media-amazon.com/images/I/411CiT2MjTL._SL500_.jpg" alt="Product Image"></a><p>Eight Saints Skin Care Up the Anti Night Cream Face Moisturizer to Reduce Fine Lines and Wrinkles, Natural and Organic Anti Aging Cream For Face & Neck with Niacinamide and Hyaluronic Acid, 2 Ounces</p><p>$34.00 ($17.00 / Ounce)</p><a href="https://www.amazon.com/dp/B09W4TZVPZ?tag=eloabder-20&linkCode=osi&th=1&psc=1">View Product</a></div><div class="product"><a href="https://www.amazon.com/dp/B0B64GY9MC?tag=eloabder-20&linkCode=osi&th=1&psc=1"><img src="https://m.media-amazon.com/images/I/416zsLeSx8L._SL500_.jpg" alt="Product Image"></a><p>L'Oreal Paris Age Perfect Anti-Aging Midnight Cream, Reduce Wrinkles & Firm 1.7oz + Serum Sample</p><p>$27.77 ($16.34 / Ounce)</p><a href="https://www.amazon.com/dp/B0B64GY9MC?tag=eloabder-20&linkCode=osi&th=1&psc=1">View Product</a></div>
<div class="product"><a href="https://www.amazon.com/dp/B002JDUMFO?tag=eloabder-20&linkCode=osi&th=1&psc=1"><img src="https://m.media-amazon.com/images/I/41h3+tOcptL._SL500_.jpg" alt="Product Image"></a><p>L’Oréal Paris Collagen Daily Face Moisturizer, Reduce Wrinkles, Face Cream 1.7 oz</p><p>$7.14 ($4.20 / Ounce)</p><a href="https://www.amazon.com/dp/B002JDUMFO?tag=eloabder-20&linkCode=osi&th=1&psc=1">View Product</a></div><div class="product"><a href="https://www.amazon.com/dp/B07D61XRFT?tag=eloabder-20&linkCode=osi&th=1&psc=1"><img src="https://m.media-amazon.com/images/I/41jMcJ9ZkDL._SL500_.jpg" alt="Product Image"></a><p>L'Oreal Paris Skincare Age Perfect Hydra-Nutrition Anti-Aging Day Cream with Manuka Honey Extract, 1.7 Ounce</p><p>$14.99 ($8.82 / Ounce)</p><a href="https://www.amazon.com/dp/B07D61XRFT?tag=eloabder-20&linkCode=osi&th=1&psc=1">View Product</a></div><div class="product"><a href="https://www.amazon.com/dp/B00OYBAMKY?tag=eloabder-20&linkCode=osi&th=1&psc=1"><img src="https://m.media-amazon.com/images/I/31F5FUo3BnL._SL500_.jpg" alt="Product Image"></a><p>Grown Alchemist Hydra-Repair Day Cream. Face Moisturizer that Primes and Hydrates Skin (100ml).</p><p>$65.00 ($19.23 / Fl Oz)</p><a href="https://www.amazon.com/dp/B00OYBAMKY?tag=eloabder-20&linkCode=osi&th=1&psc=1">View Product</a></div><div class="product"><a href="https://www.amazon.com/dp/B0C9VXS6VY?tag=eloabder-20&linkCode=osi&th=1&psc=1"><img src="https://m.media-amazon.com/images/I/41jZJbsswdL._SL500_.jpg" alt="Product Image"></a><p>La Vie Protective Anti-Aging Face Cream – Day Cream with Hyaluronic Acid, Shea Butter & Vitamins – Firming Face Cream with SPF & Aloe Vera – 1.7Fl Oz</p><p>$21.50 ($12.65 / Fl Oz)</p><a href="https://www.amazon.com/dp/B0C9VXS6VY?tag=eloabder-20&linkCode=osi&th=1&psc=1">View Product</a></div><div class="product"><a href="https://www.amazon.com/dp/B0CWVN2PKH?tag=eloabder-20&linkCode=osi&th=1&psc=1"><img src="https://m.media-amazon.com/images/I/41qIK3gKbEL._SL500_.jpg" alt="Product Image"></a><p>EnaSkin Retinol Cream for Wrinkles: Face Collagen Cream for Tightening Skin - Anti Aging Facial Moisturizer Day and Night for Women and Men 1.7 Fl OZ</p><p>$19.89 ($11.70 / Fl Oz)</p><a href="https://www.amazon.com/dp/B0CWVN2PKH?tag=eloabder-20&linkCode=osi&th=1&psc=1">View Product</a></div>
<div class="product"><a href="https://www.amazon.com/dp/B0CKPQJ13T?tag=eloabder-20&linkCode=osi&th=1&psc=1"><img src="https://m.media-amazon.com/images/I/31h2CQ5KWBL._SL500_.jpg" alt="Product Image"></a><p>Niacinamide Serum for Face, Anti Aging Serum, Hydrating Serum for Moisturize Skin, Oil Control, Pores Reducer, Reduces Skin Dullness and Delay Aging, Niacinamide Face Serum for all Skin Type</p><p>$9.99 ($9.99 / Fl Oz)</p><a href="https://www.amazon.com/dp/B0CKPQJ13T?tag=eloabder-20&linkCode=osi&th=1&psc=1">View Product</a></div><div class="product"><a href="https://www.amazon.com/dp/B072K1LNNY?tag=eloabder-20&linkCode=osi&th=1&psc=1"><img src="https://m.media-amazon.com/images/I/51frH2pII1L._SL500_.jpg" alt="Product Image"></a><p>SeoulCeuticals Korean Skin Care 20% Vitamin C Hyaluronic Acid Serum + CE Ferulic Acid - Potent Anti Aging, Anti Wrinkle Korean Beauty 1oz</p><p>$19.98</p><a href="https://www.amazon.com/dp/B072K1LNNY?tag=eloabder-20&linkCode=osi&th=1&psc=1">View Product</a></div><div class="product"><a href="https://www.amazon.com/dp/B01M4MCUAF?tag=eloabder-20&linkCode=osi&th=1&psc=1"><img src="https://m.media-amazon.com/images/I/41aQhk7cn+L._SL500_.jpg" alt="Product Image"></a><p>TruSkin Vitamin C Serum – Anti Aging Facial Serum with Vitamin C, Hyaluronic Acid, Vitamin E & More – Brightening Serum for Dark Spots, Even Skin Tone, Eye Area, Fine Lines & Wrinkles, 1 Fl Oz</p><p>$21.97</p><a href="https://www.amazon.com/dp/B01M4MCUAF?tag=eloabder-20&linkCode=osi&th=1&psc=1">View Product</a></div><div class="product"><a href="https://www.amazon.com/dp/B08L8B5JR2?tag=eloabder-20&linkCode=osi&th=1&psc=1"><img src="https://m.media-amazon.com/images/I/51Ee0RzYONL._SL500_.jpg" alt="Product Image"></a><p>Vibriance Super C Serum for Mature Skin, Made in USA, All-In-One Formula Hydrates, Firms, Lifts, Smooths, Targets Age Spots, Wrinkles, Vitamin C Serum; 1 fl oz</p><p>$32.90</p><a href="https://www.amazon.com/dp/B08L8B5JR2?tag=eloabder-20&linkCode=osi&th=1&psc=1">View Product</a></div><div class="product"><a href="https://www.amazon.com/dp/B07P5TMHD9?tag=eloabder-20&linkCode=osi&th=1&psc=1"><img src="https://m.media-amazon.com/images/I/51xr2lw0Y7L._SL500_.jpg" alt="Product Image"></a><p>Vitamin C Face Serum - Dark Spot Remover Facial Serum, Vit C Serum with Hyaluronic Acid, Ferulic Acid, & Vit E - Anti Aging and Skin Brightening Serum, Pure Vitamin C Serum Skin Care</p><p>$9.98</p><a href="https://www.amazon.com/dp/B07P5TMHD9?tag=eloabder-20&linkCode=osi&th=1&psc=1">View Product</a></div><div class="product"><a href="https://www.amazon.com/dp/B09TPXJP8R?tag=eloabder-20&linkCode=osi&th=1&psc=1"><img src="https://m.media-amazon.com/images/I/41wFAnopZkL._SL500_.jpg" alt="Product Image"></a><p>Vichy LiftActiv Vitamin C Serum, Brightening and Anti Aging Serum for Face with 15% Pure Vitamin C, Skin Firming and Antioxidant Facial Serum for Brightness and Moisturizing</p><p>$34.99 ($52.22 / Fl Oz)</p><a href="https://www.amazon.com/dp/B09TPXJP8R?tag=eloabder-20&linkCode=osi&th=1&psc=1">View Product</a></div><div class="product"><a href="https://www.amazon.com/dp/B075VX4QVM?tag=eloabder-20&linkCode=osi&th=1&psc=1"><img src="https://m.media-amazon.com/images/I/31uFKKKGUhL._SL500_.jpg" alt="Product Image"></a><p>La Roche-Posay Hyalu B5 Pure Hyaluronic Acid Serum for Face | Vitamin B5 + Hyaluronic Acid + Madecassoside | Hydrating Serum Visibly Plumps Skin | Sensitive Skin Safe | Anti Aging Serum | Oil-Free</p><p>$39.99</p><a href="https://www.amazon.com/dp/B075VX4QVM?tag=eloabder-20&linkCode=osi&th=1&psc=1">View Product</a></div><div class="product"><a href="https://www.amazon.com/dp/B0CLLV2T1P?tag=eloabder-20&linkCode=osi&th=1&psc=1"><img src="https://m.media-amazon.com/images/I/31ZBa-zgbjL._SL500_.jpg" alt="Product Image"></a><p>Anua 10% Niacinamide+ 4% Tranexamic Acid Serum, Ceramide, Hyaluronic Acid, Vitamin B12 natural color, for Sensitive skin, Korean Glass Skin, Fragrance-Free (30ml /1.01 fl.oz.)</p><p>$19.00 ($18.81 / Fl Oz)</p><a href="https://www.amazon.com/dp/B0CLLV2T1P?tag=eloabder-20&linkCode=osi&th=1&psc=1">View Product</a></div><div class="product"><a href="https://www.amazon.com/dp/B07VWSN95S?tag=eloabder-20&linkCode=osi&th=1&psc=1"><img src="https://m.media-amazon.com/images/I/411Y0nzh9zL._SL500_.jpg" alt="Product Image"></a><p>CeraVe Retinol Serum for Post-Acne Marks and Skin Texture | Pore Refining, Resurfacing, Brightening Facial Serum with Retinol and Niacinamide | Fragrance Free, Paraben Free & Non-Comedogenic| 1 Oz</p><p>$18.68</p><a href="https://www.amazon.com/dp/B07VWSN95S?tag=eloabder-20&linkCode=osi&th=1&psc=1">View Product</a></div>
<div class="product"><a href="https://www.amazon.com/dp/B00J1FNW28?tag=eloabder-20&linkCode=osi&th=1&psc=1"><img src="https://m.media-amazon.com/images/I/414w8iNQRqL._SL500_.jpg" alt="Product Image"></a><p>Palmer's Cocoa Butter Formula Moisturizing Skin Therapy Oil for Face with Vitamin E, C & 10 Pure Facial Oil Blend, Rosehip Fragrance, 1 Ounce</p><p>$10.97 ($10.97 / Fl Oz)</p><a href="https://www.amazon.com/dp/B00J1FNW28?tag=eloabder-20&linkCode=osi&th=1&psc=1">View Product</a></div><div class="product"><a href="https://www.amazon.com/dp/B01N3340K7?tag=eloabder-20&linkCode=osi&th=1&psc=1"><img src="https://m.media-amazon.com/images/I/41QYm09uWiL._SL500_.jpg" alt="Product Image"></a><p>Kate Blanc Cosmetics Rosehip Oil for Face & Skin. Rosehip Seed Face Oil for Facial & Gua Sha Massage (1oz, Organic, Pure, Cold Pressed)</p><p>$8.99</p><a href="https://www.amazon.com/dp/B01N3340K7?tag=eloabder-20&linkCode=osi&th=1&psc=1">View Product</a></div><div class="product"><a href="https://www.amazon.com/dp/B01GYHLW4U?tag=eloabder-20&linkCode=osi&th=1&psc=1"><img src="https://m.media-amazon.com/images/I/31oeUKDfrOL._SL500_.jpg" alt="Product Image"></a><p>KORA Organics Noni Glow Hydrating Face Oil with Antioxidants, Nourish & Illuminate, Certified Organic, Cruelty Free, 0.34 fl oz</p><p>$29.00 ($85.29 / Fl Oz)</p><a href="https://www.amazon.com/dp/B01GYHLW4U?tag=eloabder-20&linkCode=osi&th=1&psc=1">View Product</a></div><div class="product"><a href="https://www.amazon.com/dp/B09Q2XYMLM?tag=eloabder-20&linkCode=osi&th=1&psc=1"><img src="https://m.media-amazon.com/images/I/41LM+-HnjiL._SL500_.jpg" alt="Product Image"></a><p>Good Molecules Squalane Oil - Moisturizer for Face, Skin, and Hair, Plumping, Firming, Anti-Aging - Skincare for Face to Hydrate and Calm the Skin</p><p>$8.00 ($18.18 / Fl Oz)</p><a href="https://www.amazon.com/dp/B09Q2XYMLM?tag=eloabder-20&linkCode=osi&th=1&psc=1">View Product</a></div><div class="product"><a href="https://www.amazon.com/dp/B0CNG6YPB8?tag=eloabder-20&linkCode=osi&th=1&psc=1"><img src="https://m.media-amazon.com/images/I/41gbDKoodrL._SL500_.jpg" alt="Product Image"></a><p>Black Seed Oil, Rosehip Oil, Castor Oil Organic Cold Pressed for Face Anti-Aging Miracle Facial Moisturizer Serum Natural Skincare Fortifying Hydrates Skin Moisturizing Beauty Glow Oil 1 Fl Oz/30mL</p><p>$16.99 ($16.99 / Fl Oz)</p><a href="https://www.amazon.com/dp/B0CNG6YPB8?tag=eloabder-20&linkCode=osi&th=1&psc=1">View Product</a></div><div class="product"><a href="https://www.amazon.com/dp/B000VPPUEA?tag=eloabder-20&linkCode=osi&th=1&psc=1"><img src="https://m.media-amazon.com/images/I/31e4JzjWhkL._SL500_.jpg" alt="Product Image"></a><p>Bio-Oil Skincare Body Oil, Vitamin E, Serum for Scars & Stretchmarks, Face & Body Moisturizer, 2 oz, All Skin Types</p><p>$11.04 ($5.52 / Fl Oz)</p><a href="https://www.amazon.com/dp/B000VPPUEA?tag=eloabder-20&linkCode=osi&th=1&psc=1">View Product</a></div><div class="product"><a href="https://www.amazon.com/dp/B001UE60E0?tag=eloabder-20&linkCode=osi&th=1&psc=1"><img src="https://m.media-amazon.com/images/I/31cFL31-1pL._SL500_.jpg" alt="Product Image"></a><p>DHC Deep Cleansing Oil, Facial Cleansing Oil, Makeup Remover, Cleanses without Clogging Pores, Residue-Free, Fragrance and Colorant Free, All Skin Types, 6.7 fl. oz.</p><p>$21.99 ($3.28 / Fl Oz)</p><a href="https://www.amazon.com/dp/B001UE60E0?tag=eloabder-20&linkCode=osi&th=1&psc=1">View Product</a></div><div class="product"><a href="https://www.amazon.com/dp/B0BN2PX8V3?tag=eloabder-20&linkCode=osi&th=1&psc=1"><img src="https://m.media-amazon.com/images/I/31vN6RNetML._SL500_.jpg" alt="Product Image"></a><p>ANUA Heartleaf Pore Control Cleansing Oil, Oil Cleanser for Face, Makeup Blackhead Remover, Korean Skin Care 6.76 fl oz(200ml) (original)</p><p>$17.69 ($2.64 / Fl Oz)</p><a href="https://www.amazon.com/dp/B0BN2PX8V3?tag=eloabder-20&linkCode=osi&th=1&psc=1">View Product</a></div><div class="product"><a href="https://www.amazon.com/dp/B07H2GP6VX?tag=eloabder-20&linkCode=osi&th=1&psc=1"><img src="https://m.media-amazon.com/images/I/41OxX+xF61L._SL500_.jpg" alt="Product Image"></a><p>Skin Glow Serum for Face Care - Gua Sha Oil for Glowing Skin with Turmeric Oil for Face Dark Spots Fine Lines & Wrinkles - Hydrating Face Oil for Women's Vegan Organic Skin Care (30mL)</p><p>$29.70 ($29.70 / Fl Oz)</p><a href="https://www.amazon.com/dp/B07H2GP6VX?tag=eloabder-20&linkCode=osi&th=1&psc=1">View Product</a></div><div class="product"><a href="https://www.amazon.com/dp/B098553XRB?tag=eloabder-20&linkCode=osi&th=1&psc=1"><img src="https://m.media-amazon.com/images/I/31jJT07RSqL._SL500_.jpg" alt="Product Image"></a><p>Derma E Vitamin C Glow Face Oil, Facial Oil Nourishes, Brightens and Illuminates for a Radiant Glow, Moisturizing Face Oil with Turmeric, Seabuckthorn and Red Raspberry, 1 Fl Oz</p><p>$13.05</p><a href="https://www.amazon.com/dp/B098553XRB?tag=eloabder-20&linkCode=osi&th=1&psc=1">View Product</a></div>
<div class="product"><a href="https://www.amazon.com/dp/B005IHT94S?tag=eloabder-20&linkCode=osi&th=1&psc=1"><img src="https://m.media-amazon.com/images/I/31YAXVCRMAL._SL500_.jpg" alt="Product Image"></a><p>Neutrogena Ultra Sheer Dry-Touch Water Resistant and Non-Greasy Sunscreen Lotion with Broad Spectrum SPF 70, 3 Fl Oz (Pack of 1)</p><p>$9.88 ($3.29 / Fl Oz)</p><a href="https://www.amazon.com/dp/B005IHT94S?tag=eloabder-20&linkCode=osi&th=1&psc=1">View Product</a></div><div class="product"><a href="https://www.amazon.com/dp/B078BC1NJ6?tag=eloabder-20&linkCode=osi&th=1&psc=1"><img src="https://m.media-amazon.com/images/I/51V4LMN2zEL._SL500_.jpg" alt="Product Image"></a><p>Coppertone Sport Sunscreen Spray SPF 50, Water Resistant Spray Sunscreen, Broad Spectrum SPF 50 Sunscreen, Bulk Sunscreen Pack, 5.5 Oz Bottle, Pack of 3</p><p>$20.63 ($1.25 / Ounce)</p><a href="https://www.amazon.com/dp/B078BC1NJ6?tag=eloabder-20&linkCode=osi&th=1&psc=1">View Product</a></div><div class="product"><a href="https://www.amazon.com/dp/B01MQXX9US?tag=eloabder-20&linkCode=osi&th=1&psc=1"><img src="https://m.media-amazon.com/images/I/41Zi7BP15NL._SL500_.jpg" alt="Product Image"></a><p>Banana Boat Sport Ultra SPF 50 Sunscreen Spray Twin Pack | Banana Boat Sunscreen Spray SPF 50, Spray On Sunscreen, Water Resistant Sunscreen, Oxybenzone Free Sunscreen Pack, 6oz each</p><p>$13.97 ($1.16 / Ounce)</p><a href="https://www.amazon.com/dp/B01MQXX9US?tag=eloabder-20&linkCode=osi&th=1&psc=1">View Product</a></div><div class="product"><a href="https://www.amazon.com/dp/B002MSN3QQ?tag=eloabder-20&linkCode=osi&th=1&psc=1"><img src="https://m.media-amazon.com/images/I/3100avaA74L._SL500_.jpg" alt="Product Image"></a><p>EltaMD UV Clear Face Sunscreen, Oil Free Sunscreen with Zinc Oxide, Dermatologist Recommended Sunscreen, 1.7 oz Pump</p><p>$43.00 ($25.29 / Ounce)</p><a href="https://www.amazon.com/dp/B002MSN3QQ?tag=eloabder-20&linkCode=osi&th=1&psc=1">View Product</a></div><div class="product"><a href="https://www.amazon.com/dp/B00AEN4QZ8?tag=eloabder-20&linkCode=osi&th=1&psc=1"><img src="https://m.media-amazon.com/images/I/31QMrCJPoeL._SL500_.jpg" alt="Product Image"></a><p>Neutrogena Beach Defense Water-Resistant Face & Body SPF 70 Sunscreen Lotion with Broad Spectrum UVA/UVB Protection, Oil-Free Fast-Absorbing Sunscreen Lotion, Oxybenzone-Free, 6.7 oz</p><p>$9.60 ($1.43 / Fl Oz)</p><a href="https://www.amazon.com/dp/B00AEN4QZ8?tag=eloabder-20&linkCode=osi&th=1&psc=1">View Product</a></div><div class="product"><a href="https://www.amazon.com/dp/B076GZX3KL?tag=eloabder-20&linkCode=osi&th=1&psc=1"><img src="https://m.media-amazon.com/images/I/41BQoEZMuTL._SL500_.jpg" alt="Product Image"></a><p>Neutrogena Sunscreen Spray, Ultra Sheer ® Body Mist, Broad Spectrum SPF 70, Non-Greasy Water Resistant Body Sunscreen Mist, Non-Comedogenic, 5 oz (Pack of 3)</p><p>$22.60 ($1.51 / Ounce)</p><a href="https://www.amazon.com/dp/B076GZX3KL?tag=eloabder-20&linkCode=osi&th=1&psc=1">View Product</a></div><div class="product"><a href="https://www.amazon.com/dp/B004D2DR0Q?tag=eloabder-20&linkCode=osi&th=1&psc=1"><img src="https://m.media-amazon.com/images/I/41QwzCWNnFL._SL500_.jpg" alt="Product Image"></a><p>Neutrogena Ultra Sheer Dry-Touch Water Resistant and Non-Greasy Sunscreen Lotion with Broad Spectrum SPF 45, TSA-Compliant travel Size, 3 Fl Oz, Pack of 2, 6 Fl Oz</p><p>$13.99 ($2.33 / Fl Oz)</p><a href="https://www.amazon.com/dp/B004D2DR0Q?tag=eloabder-20&linkCode=osi&th=1&psc=1">View Product</a></div><div class="product"><a href="https://www.amazon.com/dp/B07YGVSGMW?tag=eloabder-20&linkCode=osi&th=1&psc=1"><img src="https://m.media-amazon.com/images/I/416T611PGUL._SL500_.jpg" alt="Product Image"></a><p>La Roche-Posay Anthelios Melt-In Milk Sunscreen SPF 100 | Sunscreen For Body & Face | Broad Spectrum SPF + Antioxidants | Oil Free Sunscreen Lotion | For Sun Sensitive Skin | Oxybenzone Free</p><p>$26.99 ($9.00 / Fl Oz)</p><a href="https://www.amazon.com/dp/B07YGVSGMW?tag=eloabder-20&linkCode=osi&th=1&psc=1">View Product</a></div><div class="product"><a href="https://www.amazon.com/dp/B002CML1VG?tag=eloabder-20&linkCode=osi&th=1&psc=1"><img src="https://m.media-amazon.com/images/I/41ufC4L5QQL._SL500_.jpg" alt="Product Image"></a><p>La Roche-Posay Anthelios Melt-In Milk Sunscreen SPF 60 | Sunscreen For Body & Face | Broad Spectrum SPF + Antioxidants | Oil Free Sunscreen Lotion | Lightweight & Fast Absorbing | Oxybenzone Free</p><p>$37.99 ($7.60 / Fl Oz)</p><a href="https://www.amazon.com/dp/B002CML1VG?tag=eloabder-20&linkCode=osi&th=1&psc=1">View Product</a></div>
<div class="product"><a href="https://www.amazon.com/dp/B004CDV7EY?tag=eloabder-20&linkCode=osi&th=1&psc=1"><img src="https://m.media-amazon.com/images/I/41tTwTi8GdL._SL500_.jpg" alt="Product Image"></a><p>Banana Boat Sport Ultra SPF 50 Sunscreen Lotion, 12oz | Banana Boat Sunscreen SPF 50 Lotion, Oxybenzone Free Sunscreen, Sunblock Lotion Sunscreen, Family Size Sunscreen, 12oz</p><p>$10.97 ($0.91 / Fl Oz)</p><a href="https://www.amazon.com/dp/B004CDV7EY?tag=eloabder-20&linkCode=osi&th=1&psc=1">View Product</a></div><div class="product"><a href="https://www.amazon.com/dp/B001P92FMG?tag=eloabder-20&linkCode=osi&th=1&psc=1"><img src="https://m.media-amazon.com/images/I/41G20SiwQqL._SL500_.jpg" alt="Product Image"></a><p>Neutrogena Sport Face Sunscreen, Broad Spectrum Sunblock SPF 70+, Water Resistant Sunscreen For Face, Sweat Resistant Oil Free Sunscreen Lotion, 2.5 FL OZ</p><p>$10.30 ($4.12 / Fl Oz)</p><a href="https://www.amazon.com/dp/B001P92FMG?tag=eloabder-20&linkCode=osi&th=1&psc=1">View Product</a></div><div class="product"><a href="https://www.amazon.com/dp/B01MY051NZ?tag=eloabder-20&linkCode=osi&th=1&psc=1"><img src="https://m.media-amazon.com/images/I/316sFsnyZ6L._SL500_.jpg" alt="Product Image"></a><p>Hawaiian Tropic Everyday Active Lotion Sunscreen SPF 50, 8oz | Hawaiian Tropic Sunscreen SPF 50, Sunblock, Broad Spectrum Sunscreen, Oxybenzone Free Sunscreen, Water Resistant Sunscreen, 8oz</p><p>$10.97 ($1.37 / Fl Oz)</p><a href="https://www.amazon.com/dp/B01MY051NZ?tag=eloabder-20&linkCode=osi&th=1&psc=1">View Product</a></div><div class="product"><a href="https://www.amazon.com/dp/B074WBHHYY?tag=eloabder-20&linkCode=osi&th=1&psc=1"><img src="https://m.media-amazon.com/images/I/41uIcq6eNrL._SL500_.jpg" alt="Product Image"></a><p>Coppertone Sport Sunscreen Spray SPF 50, Water Resistant Spray Sunscreen, Broad Spectrum SPF 50 Sunscreen, Bulk Sunscreen Pack, 5.5 Oz Bottle, Pack of 2</p><p>$14.49 ($1.32 / Ounce)</p><a href="https://www.amazon.com/dp/B074WBHHYY?tag=eloabder-20&linkCode=osi&th=1&psc=1">View Product</a></div><div class="product"><a href="https://www.amazon.com/dp/B077D7L95C?tag=eloabder-20&linkCode=osi&th=1&psc=1"><img src="https://m.media-amazon.com/images/I/4124cUh+pGL._SL500_.jpg" alt="Product Image"></a><p>Banana Boat Kids Sport Sunscreen Spray SPF 50, Twin Pack | Kids Sunscreen Spray, Kids Sunblock Spray, Oxybenzone Free Sunscreen for Kids, Spray Sunscreen SPF 50, 6oz each</p><p>$13.97 ($1.16 / Ounce)</p><a href="https://www.amazon.com/dp/B077D7L95C?tag=eloabder-20&linkCode=osi&th=1&psc=1">View Product</a></div>
<div class="product"><a href="https://www.amazon.com/dp/B08Q2R18HH?tag=eloabder-20&linkCode=osi&th=1&psc=1"><img src="https://m.media-amazon.com/images/I/51uR35zoH+L._SL500_.jpg" alt="Product Image"></a><p>Hawaiian Tropic Lime Coolada After Sun Lotion, 16oz | After Sun Care, Daily Moisturizing Lotion, After Sun Aloe, Cocoa Butter Lotion, Shea Butter Lotion, After Sun Skin Care, 16oz each Twin Pack</p><p>$14.99 ($0.47 / Fl Oz)</p><a href="https://www.amazon.com/dp/B08Q2R18HH?tag=eloabder-20&linkCode=osi&th=1&psc=1">View Product</a></div><div class="product"><a href="https://www.amazon.com/dp/B08Q2QK7F1?tag=eloabder-20&linkCode=osi&th=1&psc=1"><img src="https://m.media-amazon.com/images/I/41I370DTitL._SL500_.jpg" alt="Product Image"></a><p>Hawaiian Tropic Silk Hydration After Sun Lotion 6 Fl Oz (Pack of 2)</p><p>$19.98 ($1.66 / Fl Oz)</p><a href="https://www.amazon.com/dp/B08Q2QK7F1?tag=eloabder-20&linkCode=osi&th=1&psc=1">View Product</a></div><div class="product"><a href="https://www.amazon.com/dp/B004YAUZKM?tag=eloabder-20&linkCode=osi&th=1&psc=1"><img src="https://m.media-amazon.com/images/I/31QrLmSRyrL._SL500_.jpg" alt="Product Image"></a><p>Sun Bum Cool Down Aloe Vera Lotion - Vegan After Sun Care with Cocoa Butter to Soothe and Hydrate Sunburn- 8 oz</p><p>$12.99 ($1.62 / Fl Oz)</p><a href="https://www.amazon.com/dp/B004YAUZKM?tag=eloabder-20&linkCode=osi&th=1&psc=1">View Product</a></div><div class="product"><a href="https://www.amazon.com/dp/B07BH4DD2M?tag=eloabder-20&linkCode=osi&th=1&psc=1"><img src="https://m.media-amazon.com/images/I/41+JG2VHifL._SL500_.jpg" alt="Product Image"></a><p>Hawaiian Tropic After Sun Body Butter with Coconut Oil, 8oz | After Sun Lotion, Moisturizing Body Lotion, After Sun Moisturizer, Coconut Body Butter, After Sun Care, After Sun Skin Care, 8oz</p><p>$12.49 ($1.56 / Fl Oz)</p><a href="https://www.amazon.com/dp/B07BH4DD2M?tag=eloabder-20&linkCode=osi&th=1&psc=1">View Product</a></div><div class="product"><a href="https://www.amazon.com/dp/B091YZ5L12?tag=eloabder-20&linkCode=osi&th=1&psc=1"><img src="https://m.media-amazon.com/images/I/31otykDIBaL._SL500_.jpg" alt="Product Image"></a><p>B.TAN After Sun Lotion | Ooooh Aftersun Delight - Aloe Vera & Hyaluronic Acid, Sun Burn Skin Relief, Moisturizing Body Cream, 16 Fl oz</p><p>$12.99 ($0.81 / Fl Oz)</p><a href="https://www.amazon.com/dp/B091YZ5L12?tag=eloabder-20&linkCode=osi&th=1&psc=1">View Product</a></div><div class="product"><a href="https://www.amazon.com/dp/B0013L55U0?tag=eloabder-20&linkCode=osi&th=1&psc=1"><img src="https://m.media-amazon.com/images/I/41BErPueiSL._SL500_.jpg" alt="Product Image"></a><p>Burt's Bees After Sun Lotion with Hydrating Aloe Vera & Coconut Oil - Summer Essentials, Sunburn Relief, Natural After Sun Soother, 6 oz</p><p>$12.96 ($2.16 / Fl Oz)</p><a href="https://www.amazon.com/dp/B0013L55U0?tag=eloabder-20&linkCode=osi&th=1&psc=1">View Product</a></div><div class="product"><a href="https://www.amazon.com/dp/B01N6SVTBN?tag=eloabder-20&linkCode=osi&th=1&psc=1"><img src="https://m.media-amazon.com/images/I/51sE2A31qgL._SL500_.jpg" alt="Product Image"></a><p>Sunburnt Advanced After-Sun Lotion, 6 Ounce</p><p>$9.79 ($1.63 / Ounce)</p><a href="https://www.amazon.com/dp/B01N6SVTBN?tag=eloabder-20&linkCode=osi&th=1&psc=1">View Product</a></div><div class="product"><a href="https://www.amazon.com/dp/B098CTZYJX?tag=eloabder-20&linkCode=osi&th=1&psc=1"><img src="https://m.media-amazon.com/images/I/31hNQRVEp2L._SL500_.jpg" alt="Product Image"></a><p>Coola Organic Radical Recovery After Sun Body Lotion, Includes Aloe Vera, Agave and Lavender Oil for Sunburn Relief, 5 Fl Oz</p><p>$32.00 ($6.40 / Fl Oz)</p><a href="https://www.amazon.com/dp/B098CTZYJX?tag=eloabder-20&linkCode=osi&th=1&psc=1">View Product</a></div>
<div class="product"><a href="https://www.amazon.com/dp/B0CTBF3WLS?tag=eloabder-20&linkCode=osi&th=1&psc=1"><img src="https://m.media-amazon.com/images/I/41nFaIDnL9L._SL500_.jpg" alt="Product Image"></a><p>b.tan UV Tanning Bed Lotion | I Want The Darkest Tan Possible - x4000 Tan Intensifiers, Indoor & Outdoor Tan Accelerator, Best Browning Lotion, 12 Fl Oz</p><p>$14.99 ($1.25 / Fl Oz)</p><a href="https://www.amazon.com/dp/B0CTBF3WLS?tag=eloabder-20&linkCode=osi&th=1&psc=1">View Product</a></div><div class="product"><a href="https://www.amazon.com/dp/B001UTK76C?tag=eloabder-20&linkCode=osi&th=1&psc=1"><img src="https://m.media-amazon.com/images/I/31JM3ZgxMjL._SL500_.jpg" alt="Product Image"></a><p>Jergens Natural Glow +FIRMING Self Tanner, Sunless Tanning Lotion for Fair to Medium Skin Tone, Anti Cellulite Firming Body Lotion for Natural-Looking Tan, 7.5 Ounce</p><p>$10.47 ($1.40 / Fl Oz)</p><a href="https://www.amazon.com/dp/B001UTK76C?tag=eloabder-20&linkCode=osi&th=1&psc=1">View Product</a></div><div class="product"><a href="https://www.amazon.com/dp/B07XGS1NW9?tag=eloabder-20&linkCode=osi&th=1&psc=1"><img src="https://m.media-amazon.com/images/I/411h-bfoKfL._SL500_.jpg" alt="Product Image"></a><p>European Gold Flash Black 4000X Indoor Tanning Lotion with Time-Release DHA Bronzers, 12 oz</p><p>$13.99 ($1.17 / Fl Oz)</p><a href="https://www.amazon.com/dp/B07XGS1NW9?tag=eloabder-20&linkCode=osi&th=1&psc=1">View Product</a></div><div class="product"><a href="https://www.amazon.com/dp/B0058E3XJI?tag=eloabder-20&linkCode=osi&th=1&psc=1"><img src="https://m.media-amazon.com/images/I/41KNj0nprcL._SL500_.jpg" alt="Product Image"></a><p>Millennium Tanning Solid Black 100X Indoor Tanning Lotion for Tanning Beds (13.5 Fluid Ounces)</p><p>$29.99 ($2.22 / Fl Oz)</p><a href="https://www.amazon.com/dp/B0058E3XJI?tag=eloabder-20&linkCode=osi&th=1&psc=1">View Product</a></div><div class="product"><a href="https://www.amazon.com/dp/B003GX5SSC?tag=eloabder-20&linkCode=osi&th=1&psc=1"><img src="https://m.media-amazon.com/images/I/314WWYZVTGL._SL500_.jpg" alt="Product Image"></a><p>Australian Gold Dark Tanning Accelerator Lotion With Bronzer, 8 Ounce, New Package Same Formula, B003GX5SSC</p><p>$8.99 ($1.12 / Fl Oz)</p><a href="https://www.amazon.com/dp/B003GX5SSC?tag=eloabder-20&linkCode=osi&th=1&psc=1">View Product</a></div><div class="product"><a href="https://www.amazon.com/dp/B009YKK78C?tag=eloabder-20&linkCode=osi&th=1&psc=1"><img src="https://m.media-amazon.com/images/I/51VhZauUFYS._SL500_.jpg" alt="Product Image"></a><p>Ed Hardy Coconut Kisses Golden Tanning Lotion Cruelty Free, Gluten Free, Mineral Oil Free, DHA Free for All skin type,13.5 oz</p><p>$25.95 ($1.92 / Fl Oz)</p><a href="https://www.amazon.com/dp/B009YKK78C?tag=eloabder-20&linkCode=osi&th=1&psc=1">View Product</a></div><div class="product"><a href="https://www.amazon.com/dp/B09J1LZCWH?tag=eloabder-20&linkCode=osi&th=1&psc=1"><img src="https://m.media-amazon.com/images/I/41RzUs3u55L._SL500_.jpg" alt="Product Image"></a><p>Tanning Lotion Self Tanner - With Natural and Organic Ingredients Non Toxic Sunless Browning Lotion - Best Gradual Tan Lotion for Men and Women, Fair to Medium</p><p>$35.99 ($4.80 / Fl Oz)</p><a href="https://www.amazon.com/dp/B09J1LZCWH?tag=eloabder-20&linkCode=osi&th=1&psc=1">View Product</a></div><div class="product"><a href="https://www.amazon.com/dp/B00T7MZQ3S?tag=eloabder-20&linkCode=osi&th=1&psc=1"><img src="https://m.media-amazon.com/images/I/41yGeo8I0IL._SL500_.jpg" alt="Product Image"></a><p>Australian Gold Rapid Tanning Intensifier Lotion, 8.5 Fl Oz | With Tea Tree Oil and Aloe Vera | Vitamin E</p><p>$7.37 ($0.87 / Fl Oz)</p><a href="https://www.amazon.com/dp/B00T7MZQ3S?tag=eloabder-20&linkCode=osi&th=1&psc=1">View Product</a></div><div class="product"><a href="https://www.amazon.com/dp/B08MVJ5Y8Y?tag=eloabder-20&linkCode=osi&th=1&psc=1"><img src="https://m.media-amazon.com/images/I/51Mugq3kI+L._SL500_.jpg" alt="Product Image"></a><p>Tanning Paradise Black Coconut Love Tanning Lotion | Coconut Oil | Age-Defying | Tattoo Protecting Formula | Ultra Hydrating Dark Tanning Lotion, 13.5oz</p><p>$27.99 ($2.07 / Fl Oz)</p><a href="https://www.amazon.com/dp/B08MVJ5Y8Y?tag=eloabder-20&linkCode=osi&th=1&psc=1">View Product</a></div>
<div class="product"><a href="https://www.amazon.com/dp/B08FZZ4HPM?tag=eloabder-20&linkCode=osi&th=1&psc=1"><img src="https://m.media-amazon.com/images/I/31mReI9Wc6L._SL500_.jpg" alt="Product Image"></a><p>b.tan Ultra Dark Self Tanner | Too Tan - Fast, 1 Hour Express Sunless Tanning Mousse, No Gimmicks, No Fake Tan Smell, No Added Nasties, Vegan, Cruelty & Paraben Free, 6.7 Fl Oz</p><p>$9.97 ($1.49 / Fl Oz)</p><a href="https://www.amazon.com/dp/B08FZZ4HPM?tag=eloabder-20&linkCode=osi&th=1&psc=1">View Product</a></div><div class="product"><a href="https://www.amazon.com/dp/B0888B6TBN?tag=eloabder-20&linkCode=osi&th=1&psc=1"><img src="https://m.media-amazon.com/images/I/41K4-e3Kj9L._SL500_.jpg" alt="Product Image"></a><p>b.tan Darker Self Tanner Kit | Fall In Love at First Tan Bundle - Darker Self Tan Mousse with Self Tanning Mitt Applicator, Violet Base, 1 Hour Sunless Fast Tanner, No Fake Tan Smell, No Added Nasties, Vegan, Cruelty Free, 6.7 Fl Oz</p><p>$14.99 ($2.24 / Fl Oz)</p><a href="https://www.amazon.com/dp/B0888B6TBN?tag=eloabder-20&linkCode=osi&th=1&psc=1">View Product</a></div><div class="product"><a href="https://www.amazon.com/dp/B013WVAHJ2?tag=eloabder-20&linkCode=osi&th=1&psc=1"><img src="https://m.media-amazon.com/images/I/21yYdk2vOnL._SL500_.jpg" alt="Product Image"></a><p>Bondi Sands Self Tanning Foam | Lightweight, Self-Tanner Foam Enriched with Aloe Vera and Coconut Provides an Even, Streak-Free Tan | 6.76 oz/200 mL</p><p>$24.00 ($3.55 / Fl Oz )</p><a href="https://www.amazon.com/dp/B013WVAHJ2?tag=eloabder-20&linkCode=osi&th=1&psc=1">View Product</a></div><div class="product"><a href="https://www.amazon.com/dp/B09551QSJ3?tag=eloabder-20&linkCode=osi&th=1&psc=1"><img src="https://m.media-amazon.com/images/I/41tFLINqKrL._SL500_.jpg" alt="Product Image"></a><p>Self Tanner Mousse - USA Made with Natural & Organic Ingredients, Self Tanning Mousse for Dark Fake Tan, Sunless Tanner, Clear & Non Toxic Tanning Foam for Streak Free Finish, No Nasty Smell</p><p>$34.99 ($4.67 / Fl Oz)</p><a href="https://www.amazon.com/dp/B09551QSJ3?tag=eloabder-20&linkCode=osi&th=1&psc=1">View Product</a></div><div class="product"><a href="https://www.amazon.com/dp/B07Z53DKH3?tag=eloabder-20&linkCode=osi&th=1&psc=1"><img src="https://m.media-amazon.com/images/I/31WXxRTQ9rL._SL500_.jpg" alt="Product Image"></a><p>Coco & Eve Sunny Honey Bali Bronzing Foam (Ultra Dark). Natural Sunless Self Tanner Mousse. Anti Cellulite, Anti Aging, Organic Sunless Self Tanning Lotion</p><p>$38.00 ($5.59 / Fl Oz)</p><a href="https://www.amazon.com/dp/B07Z53DKH3?tag=eloabder-20&linkCode=osi&th=1&psc=1">View Product</a></div><div class="product"><a href="https://www.amazon.com/dp/B00GLS5DHU?tag=eloabder-20&linkCode=osi&th=1&psc=1"><img src="https://m.media-amazon.com/images/I/31EOp3BgHcL._SL500_.jpg" alt="Product Image"></a><p>Jergens Natural Glow 3-Day Self Tanner for Fair to Medium Skin Tone, Sunless Tanning Daily Moisturizer, for Streak-free and Natural-Looking Color, 10 Ounce</p><p>$14.49 ($1.45 / Fl Oz)</p><a href="https://www.amazon.com/dp/B00GLS5DHU?tag=eloabder-20&linkCode=osi&th=1&psc=1">View Product</a></div><div class="product"><a href="https://www.amazon.com/dp/B08G1LQGLN?tag=eloabder-20&linkCode=osi&th=1&psc=1"><img src="https://m.media-amazon.com/images/I/411EXWnc3cS._SL500_.jpg" alt="Product Image"></a><p>Coco & Eve Self Tanner Mousse Kit - All Natural Sunless Tanning (Dark) | Instant Lotion with Bronzer Mitt Applicator Sunny Honey Bali Bronzing</p><p>$41.00 ($6.12 / Fl Oz)</p><a href="https://www.amazon.com/dp/B08G1LQGLN?tag=eloabder-20&linkCode=osi&th=1&psc=1">View Product</a></div><div class="product"><a href="https://www.amazon.com/dp/B00KSS3MJ0?tag=eloabder-20&linkCode=osi&th=1&psc=1"><img src="https://m.media-amazon.com/images/I/31pZi3ANSfL._SL500_.jpg" alt="Product Image"></a><p>St.Tropez Self Tan Express Mousse, Fast Acting Fake Tan, Develops in 1-3 Hours, Streak-Free Finish, Vegan, Natural & Cruelty Free, 6.7 Fl Oz</p><p>$46.00 ($6.87 / Fl Oz)</p><a href="https://www.amazon.com/dp/B00KSS3MJ0?tag=eloabder-20&linkCode=osi&th=1&psc=1">View Product</a></div>
<div class="product"><a href="https://www.amazon.com/dp/B08KT2Z93D?tag=eloabder-20&linkCode=osi&th=1&psc=1"><img src="https://m.media-amazon.com/images/I/31IObY4C0xL._SL500_.jpg" alt="Product Image"></a><p>eos Shea Better Body Lotion- Vanilla Cashmere, 24-Hour Moisture Skin Care, Lightweight & Non-Greasy, Made with Natural Shea, Vegan, 16 fl oz</p><p>$8.98 ($0.56 / Fl Oz)</p><a href="https://www.amazon.com/dp/B08KT2Z93D?tag=eloabder-20&linkCode=osi&th=1&psc=1">View Product</a></div><div class="product"><a href="https://www.amazon.com/dp/B076G2XGY3?tag=eloabder-20&linkCode=osi&th=1&psc=1"><img src="https://m.media-amazon.com/images/I/41jIXvha20L._SL500_.jpg" alt="Product Image"></a><p>NIVEA Essentially Enriched Body Lotion for Dry Skin, Pack of 2, 16.9 Fl Oz Pump Bottles</p><p>$10.98 ($0.32 / Fl Oz)</p><a href="https://www.amazon.com/dp/B076G2XGY3?tag=eloabder-20&linkCode=osi&th=1&psc=1">View Product</a></div><div class="product"><a href="https://www.amazon.com/dp/B00DG8EZKO?tag=eloabder-20&linkCode=osi&th=1&psc=1"><img src="https://m.media-amazon.com/images/I/31DT3ghuyXL._SL500_.jpg" alt="Product Image"></a><p>NIVEA Intense Healing Body Lotion for Dry Skin, 72-Hour Moisturizing Lotion with Deep Nourishing Serum and Provitamin B5, 16.9 Fl Oz Pump Bottle</p><p>$6.24 ($0.37 / Fl Oz)</p><a href="https://www.amazon.com/dp/B00DG8EZKO?tag=eloabder-20&linkCode=osi&th=1&psc=1">View Product</a></div><div class="product"><a href="https://www.amazon.com/dp/B07RK4HST7?tag=eloabder-20&linkCode=osi&th=1&psc=1"><img src="https://m.media-amazon.com/images/I/412DGoW35mL._SL500_.jpg" alt="Product Image"></a><p>CeraVe Daily Moisturizing Lotion for Dry Skin | Body Lotion & Face Moisturizer with Hyaluronic Acid and Ceramides | Daily Moisturizer | Fragrance Free | Oil-Free | 19 Ounce</p><p>$18.50 ($0.97 / Fl Oz)</p><a href="https://www.amazon.com/dp/B07RK4HST7?tag=eloabder-20&linkCode=osi&th=1&psc=1">View Product</a></div><div class="product"><a href="https://www.amazon.com/dp/B0034F9K36?tag=eloabder-20&linkCode=osi&th=1&psc=1"><img src="https://m.media-amazon.com/images/I/319i3EFVPvL._SL500_.jpg" alt="Product Image"></a><p>Jergens Ultra Healing Dry Skin Moisturizer, Body and Hand Lotion for Dry Skin, for Quick Absorption into Extra Dry Skin, with HYDRALUCENCE blend, Vitamins C, E, and B5, 32 Ounce</p><p>$10.47 ($0.33 / Fl Oz)</p><a href="https://www.amazon.com/dp/B0034F9K36?tag=eloabder-20&linkCode=osi&th=1&psc=1">View Product</a></div><div class="product"><a href="https://www.amazon.com/dp/B003JT8PKQ?tag=eloabder-20&linkCode=osi&th=1&psc=1"><img src="https://m.media-amazon.com/images/I/31TFisQDpKL._SL500_.jpg" alt="Product Image"></a><p>Lubriderm Daily Moisture Lotion + Pro-Ceramide with Shea Butter & Glycerin Helps Moisturize Dry Skin, Hydrating Face, Hand & Body Lotion is Lightly Scented & Non-Greasy, 24 fl. oz</p><p>$10.12 ($0.42 / Fl Oz)</p><a href="https://www.amazon.com/dp/B003JT8PKQ?tag=eloabder-20&linkCode=osi&th=1&psc=1">View Product</a></div><div class="product"><a href="https://www.amazon.com/dp/B0D484X4RL?tag=eloabder-20&linkCode=osi&th=1&psc=1"><img src="https://m.media-amazon.com/images/I/31rZLOx+KEL._SL500_.jpg" alt="Product Image"></a><p>Native Body Lotion Contains Naturally Derived Plant-Based Moisturizers for Women and Men | Restores Dry Skin, Coconut & Vanilla, 16.5 fl oz</p><p>$13.97 ($0.85 / Fl Oz)</p><a href="https://www.amazon.com/dp/B0D484X4RL?tag=eloabder-20&linkCode=osi&th=1&psc=1">View Product</a></div><div class="product"><a href="https://www.amazon.com/dp/B073CXZ8KR?tag=eloabder-20&linkCode=osi&th=1&psc=1"><img src="https://m.media-amazon.com/images/I/31r1ImnqoOL._SL500_.jpg" alt="Product Image"></a><p>Nivea Oil Infused Cherry Blossom and Jojoba Oil Body Lotion, Non-Greasy Cherry Blossom Scented Lotion Moisturizes for 24+ Hours, 16.9 Fl Oz Pump Bottle</p><p>$6.29 ($0.37 / Fl Oz)</p><a href="https://www.amazon.com/dp/B073CXZ8KR?tag=eloabder-20&linkCode=osi&th=1&psc=1">View Product</a></div><div class="product"><a href="https://www.amazon.com/dp/B00W4TWD7I?tag=eloabder-20&linkCode=osi&th=1&psc=1"><img src="https://m.media-amazon.com/images/I/31hhrMRSQBL._SL500_.jpg" alt="Product Image"></a><p>Jergens Skin Firming Body Lotion for Dry to Extra Dry Skin, Skin Tightening Cream with Collagen and Elastin, Hydralucence Blend Formula, 16.8 oz</p><p>$7.47 ($0.44 / Fl Oz)</p><a href="https://www.amazon.com/dp/B00W4TWD7I?tag=eloabder-20&linkCode=osi&th=1&psc=1">View Product</a></div>
<div class="product"><a href="https://www.amazon.com/dp/B07C23RCR8?tag=eloabder-20&linkCode=osi&th=1&psc=1"><img src="https://m.media-amazon.com/images/I/41RZuPGWrcL._SL500_.jpg" alt="Product Image"></a><p>Petal Fresh Restoring Body Butter with Honey, Coconut Oil and Shea - Intense Hydration, Cruelty Free</p><p>$7.67 ($7.67 / Count)</p><a href="https://www.amazon.com/dp/B07C23RCR8?tag=eloabder-20&linkCode=osi&th=1&psc=1">View Product</a></div><div class="product"><a href="https://www.amazon.com/dp/B0BKCN9WRX?tag=eloabder-20&linkCode=osi&th=1&psc=1"><img src="https://m.media-amazon.com/images/I/41Jk3XD9gtL._SL500_.jpg" alt="Product Image"></a><p>Tree Hut Moroccan Rose Whipped Shea Body Butter, 8.4oz, Lightweight, Long-lasting, Hydrating Moisturizer with Natural Shea Butter for Nourishing Essential Body Care</p><p>$8.49 ($1.01 / Ounce)</p><a href="https://www.amazon.com/dp/B0BKCN9WRX?tag=eloabder-20&linkCode=osi&th=1&psc=1">View Product</a></div><div class="product"><a href="https://www.amazon.com/dp/B01H6OYPU8?tag=eloabder-20&linkCode=osi&th=1&psc=1"><img src="https://m.media-amazon.com/images/I/41Vkhay5SBL._SL500_.jpg" alt="Product Image"></a><p>NIVEA Cocoa Butter Body Cream with Deep Nourishing Serum, 15.5 Ounce</p><p>$7.05 ($0.45 / Ounce)</p><a href="https://www.amazon.com/dp/B01H6OYPU8?tag=eloabder-20&linkCode=osi&th=1&psc=1">View Product</a></div><div class="product"><a href="https://www.amazon.com/dp/B089N6B4ST?tag=eloabder-20&linkCode=osi&th=1&psc=1"><img src="https://m.media-amazon.com/images/I/41ropAOpQNL._SL500_.jpg" alt="Product Image"></a><p>Vaseline Illuminate Me Shea Butter Whipped Body Butter for Melanin Rich Skin Provides 24 Hour Moisturization for Dry Skin 11 oz</p><p>$12.80 ($1.16 / Fl Oz)</p><a href="https://www.amazon.com/dp/B089N6B4ST?tag=eloabder-20&linkCode=osi&th=1&psc=1">View Product</a></div><div class="product"><a href="https://www.amazon.com/dp/B09QMT3CVT?tag=eloabder-20&linkCode=osi&th=1&psc=1"><img src="https://m.media-amazon.com/images/I/41eMy8c3dcL._SL500_.jpg" alt="Product Image"></a><p>MAJESTIC PURE Whipped Argan Oil Body Butter for Women & Men - With Ceramides, Vitamin E & A & Vegan Collagen - For Skin, Face, & Appearance of Wrinkles & Fine Lines - 8oz</p><p>$9.99 ($1.25 / Ounce)</p><a href="https://www.amazon.com/dp/B09QMT3CVT?tag=eloabder-20&linkCode=osi&th=1&psc=1">View Product</a></div><div class="product"><a href="https://www.amazon.com/dp/B00GBH8TBS?tag=eloabder-20&linkCode=osi&th=1&psc=1"><img src="https://m.media-amazon.com/images/I/31L5XHEF9qL._SL500_.jpg" alt="Product Image"></a><p>Bliss Lemon and Sage Body Butter - Maximum Moisture Cream - 6.7 Fl Oz Lotion for Dry Skin - Long-Lasting Moisturizer for Women & Men - Vegan and Cruelty-Free</p><p>$11.99 ($1.79 / Fl Oz)</p><a href="https://www.amazon.com/dp/B00GBH8TBS?tag=eloabder-20&linkCode=osi&th=1&psc=1">View Product</a></div><div class="product"><a href="https://www.amazon.com/dp/B0013UQQAE?tag=eloabder-20&linkCode=osi&th=1&psc=1"><img src="https://m.media-amazon.com/images/I/411EPzhuAHL._SL500_.jpg" alt="Product Image"></a><p>Palmer’s Shea Butter Formula Raw African Shea Butter Balm, Nourishing Body Moisturizer for Rough, Dry Skin, 7.25 Ounces</p><p>$7.68 ($1.06 / Ounce)</p><a href="https://www.amazon.com/dp/B0013UQQAE?tag=eloabder-20&linkCode=osi&th=1&psc=1">View Product</a></div><div class="product"><a href="https://www.amazon.com/dp/B09SRGSNZR?tag=eloabder-20&linkCode=osi&th=1&psc=1"><img src="https://m.media-amazon.com/images/I/31knGR24zJL._SL500_.jpg" alt="Product Image"></a><p>Kopari Ultra Restore Body Butter with Hyaluronic Acid and Vitamin B5 - Vegan Moisturizing Lotion for Dry Skin, 7.7 oz</p><p>$36.00 ($4.68 / Fl Oz)</p><a href="https://www.amazon.com/dp/B09SRGSNZR?tag=eloabder-20&linkCode=osi&th=1&psc=1">View Product</a></div><div class="product"><a href="https://www.amazon.com/dp/B0C4Q95W1T?tag=eloabder-20&linkCode=osi&th=1&psc=1"><img src="https://m.media-amazon.com/images/I/417J+mMnNXL._SL500_.jpg" alt="Product Image"></a><p>Vaseline Illuminate Me Body Butter & Body Oil - Shimmering Body Bronzer, Hydrating Whipped Organic Shea Butter with 24-Hour Moisture for Melanin-Rich Skin, Radiant Body Glow Oil (2 Piece Set)</p><p>$22.99 ($1.61 / Fl Oz)</p><a href="https://www.amazon.com/dp/B0C4Q95W1T?tag=eloabder-20&linkCode=osi&th=1&psc=1">View Product</a></div>
<div class="product"><a href="https://www.amazon.com/dp/B004L17FKC?tag=eloabder-20&linkCode=osi&th=1&psc=1"><img src="https://m.media-amazon.com/images/I/31nbXT8PueL._SL500_.jpg" alt="Product Image"></a><p>OSEA Undaria Algae Body Oil 5 oz - After Shower Body Oil - Non-Greasy Body Serum & Fast Absorbing Skincare - Clean Beauty & Vegan Seaweed Body Moisturizer for Dry Skin</p><p>$51.95 ($10.39 / Fl Oz)</p><a href="https://www.amazon.com/dp/B004L17FKC?tag=eloabder-20&linkCode=osi&th=1&psc=1">View Product</a></div><div class="product"><a href="https://www.amazon.com/dp/B00008BK7H?tag=eloabder-20&linkCode=osi&th=1&psc=1"><img src="https://m.media-amazon.com/images/I/31NaIvcVrtL._SL500_.jpg" alt="Product Image"></a><p>Neutrogena Body Oil Light Sesame Formula, Dry Skin Moisturizer and Hydrating Body Massage Oil for Radiant and Healthy Looking Glow, Nourishing Bath Oil for Sheer Moisture, 16 FL OZ</p><p>$23.41 ($1.46 / Fl Oz)</p><a href="https://www.amazon.com/dp/B00008BK7H?tag=eloabder-20&linkCode=osi&th=1&psc=1">View Product</a></div><div class="product"><a href="https://www.amazon.com/dp/B08D43LHYP?tag=eloabder-20&linkCode=osi&th=1&psc=1"><img src="https://m.media-amazon.com/images/I/315zlZLfRWL._SL500_.jpg" alt="Product Image"></a><p>Aveeno Daily Moisturizing Dry Body Oil Mist with Oat and Jojoba Oil for Dry, Rough Sensitive Skin, Nourishing & Hypoallergenic Body Spray, Paraben-, Silicone- & Phthalate-Free, 6.7 fl. oz</p><p>$9.58 ($1.43 / Fl Oz)</p><a href="https://www.amazon.com/dp/B08D43LHYP?tag=eloabder-20&linkCode=osi&th=1&psc=1">View Product</a></div><div class="product"><a href="https://www.amazon.com/dp/B00AREGVUM?tag=eloabder-20&linkCode=osi&th=1&psc=1"><img src="https://m.media-amazon.com/images/I/41qfuNZmKRL._SL500_.jpg" alt="Product Image"></a><p>Bio-Oil Skincare Body Oil, Vitamin E Serum for Scars & Stretchmarks, Dermatologist Recommended, All Skin Types, 6.7 oz</p><p>$28.99 ($4.33 / Fl Oz)</p><a href="https://www.amazon.com/dp/B00AREGVUM?tag=eloabder-20&linkCode=osi&th=1&psc=1">View Product</a></div><div class="product"><a href="https://www.amazon.com/dp/B000056W74?tag=eloabder-20&linkCode=osi&th=1&psc=1"><img src="https://m.media-amazon.com/images/I/51iuZeO24dL._SL500_.jpg" alt="Product Image"></a><p>Palmer's Cocoa Butter Moisturizing Body Oil with Vitamin E, Radiant Looking Glow and Skin Hydration, Instant Absorption, Bath, Body and Shower, 8.5 Ounces</p><p>$7.49 ($0.88 / Fl Oz)</p><a href="https://www.amazon.com/dp/B000056W74?tag=eloabder-20&linkCode=osi&th=1&psc=1">View Product</a></div><div class="product"><a href="https://www.amazon.com/dp/B001B0ZZFS?tag=eloabder-20&linkCode=osi&th=1&psc=1"><img src="https://m.media-amazon.com/images/I/31CraOP2i5L._SL500_.jpg" alt="Product Image"></a><p>Neutrogena Fragrance-Free Body Oil Light Sesame Formula, Dry Skin Moisturizer & Hydrating Body Massage Oil, for Radiant & Healthy Glow, Nourishing After Shower & Bath Oil, 8.5 fl. oz</p><p>$8.86 ($1.04 / Fl Oz)</p><a href="https://www.amazon.com/dp/B001B0ZZFS?tag=eloabder-20&linkCode=osi&th=1&psc=1">View Product</a></div><div class="product"><a href="https://www.amazon.com/dp/B0CFSVH4L7?tag=eloabder-20&linkCode=osi&th=1&psc=1"><img src="https://m.media-amazon.com/images/I/31VtRL8qSpL._SL500_.jpg" alt="Product Image"></a><p>Saltair - Santal Bloom Body Oil - Nourishing Body Moisturizer</p><p>$22.00 ($5.50 / Fl Oz)</p><a href="https://www.amazon.com/dp/B0CFSVH4L7?tag=eloabder-20&linkCode=osi&th=1&psc=1">View Product</a></div><div class="product"><a href="https://www.amazon.com/dp/B089NCFBQZ?tag=eloabder-20&linkCode=osi&th=1&psc=1"><img src="https://m.media-amazon.com/images/I/41WGBM4YipL._SL500_.jpg" alt="Product Image"></a><p>Vaseline Illuminate Me Shimmering Body Oil Created for Melanin Rich Skin, Illuminates Skin with Finishing Touch of Shimmer for Glowing Skin 3.3 oz</p><p>$8.75 ($2.65 / Fl Oz)</p><a href="https://www.amazon.com/dp/B089NCFBQZ?tag=eloabder-20&linkCode=osi&th=1&psc=1">View Product</a></div><div class="product"><a href="https://www.amazon.com/dp/B076MGQ5SW?tag=eloabder-20&linkCode=osi&th=1&psc=1"><img src="https://m.media-amazon.com/images/I/31i7GSTXsoL._SL500_.jpg" alt="Product Image"></a><p>SheaMoisture Daily Hydration Body Oil Virgin Coconut Oil For Dry Skin Paraben Free 8 oz</p><p>$8.93 ($1.12 / Fl Oz)</p><a href="https://www.amazon.com/dp/B076MGQ5SW?tag=eloabder-20&linkCode=osi&th=1&psc=1">View Product</a></div>
<div class="product"><a href="https://www.amazon.com/dp/B07GJR4KXM?tag=eloabder-20&linkCode=osi&th=1&psc=1"><img src="https://m.media-amazon.com/images/I/41Zl1DjrGpL._SL500_.jpg" alt="Product Image"></a><p>Brooklyn Botany Brown Sugar Body Scrub - Moisturizing and Exfoliating Body, Face, Hand, Foot Scrub - Fights Acne, Fine Lines & Wrinkles, Great Gifts For Women & Men - 10 oz</p><p>$9.99 ($1.00 / Ounce)</p><a href="https://www.amazon.com/dp/B07GJR4KXM?tag=eloabder-20&linkCode=osi&th=1&psc=1">View Product</a></div><div class="product"><a href="https://www.amazon.com/dp/B095Z7HQP3?tag=eloabder-20&linkCode=osi&th=1&psc=1"><img src="https://m.media-amazon.com/images/I/31oWHQkNovL._SL500_.jpg" alt="Product Image"></a><p>First Aid Beauty KP Bump Eraser Body Scrub Exfoliant for Keratosis Pilaris with 10% AHA 4 oz.</p><p>$20.00 ($5.00 / Ounce)</p><a href="https://www.amazon.com/dp/B095Z7HQP3?tag=eloabder-20&linkCode=osi&th=1&psc=1">View Product</a></div><div class="product"><a href="https://www.amazon.com/dp/B0CQLTP6JM?tag=eloabder-20&linkCode=osi&th=1&psc=1"><img src="https://m.media-amazon.com/images/I/41oU0wGhtHL._SL500_.jpg" alt="Product Image"></a><p>Elvira KP Bump Eraser Body Scrub, Exfoliating Body Scrub for Keratosis Pilaris, Smooth Skin with 10% AHA/BHA & Niacinamide, Moisturizing and Brightening, Body Skin Care Products, Deep Cleansing - 7 oz</p><p>$16.99 ($2.43 / Fl Oz)</p><a href="https://www.amazon.com/dp/B0CQLTP6JM?tag=eloabder-20&linkCode=osi&th=1&psc=1">View Product</a></div><div class="product"><a href="https://www.amazon.com/dp/B09VH79Z17?tag=eloabder-20&linkCode=osi&th=1&psc=1"><img src="https://m.media-amazon.com/images/I/41VgTZ12TwL._SL500_.jpg" alt="Product Image"></a><p>Dr Teal's Shea Sugar Body Scrub, Shea Butter with Almond Oil & Essential Oils, 19 oz (Pack of 3) (Packaging May Vary)</p><p>$20.94 ($0.37 / Ounce)</p><a href="https://www.amazon.com/dp/B09VH79Z17?tag=eloabder-20&linkCode=osi&th=1&psc=1">View Product</a></div>
<div class="product"><a href="https://www.amazon.com/dp/B0BVBZPX9B?tag=eloabder-20&linkCode=osi&th=1&psc=1"><img src="https://m.media-amazon.com/images/I/61Y09jlKZkL._SL500_.jpg" alt="Product Image"></a><p>Dove Deep Moisture Body Wash 30.6 Fl Oz Pack of 3 with Pump, Luxurious Hydration for Dry Skin, Cleanser with 24hr Renewing MicroMoisture</p><p>$23.22 ($0.25 / Fl Oz)</p><a href="https://www.amazon.com/dp/B0BVBZPX9B?tag=eloabder-20&linkCode=osi&th=1&psc=1">View Product</a></div><div class="product"><a href="https://www.amazon.com/dp/B0BT1VXDGD?tag=eloabder-20&linkCode=osi&th=1&psc=1"><img src="https://m.media-amazon.com/images/I/217eAv7yKyL._SL500_.jpg" alt="Product Image"></a><p>Method Body Wash, Pure Peace, Paraben and Phthalate Free, Biodegradable Formula, 28 oz (Pack of 1)</p><p>$11.48 ($0.41 / Fl Oz)</p><a href="https://www.amazon.com/dp/B0BT1VXDGD?tag=eloabder-20&linkCode=osi&th=1&psc=1">View Product</a></div><div class="product"><a href="https://www.amazon.com/dp/B0BVBYQGTW?tag=eloabder-20&linkCode=osi&th=1&psc=1"><img src="https://m.media-amazon.com/images/I/61En44WjwPL._SL500_.jpg" alt="Product Image"></a><p>Dove Body Wash with Pump Sensitive Skin 3 Count Hypoallergenic, Paraben-Free, Sulfate-Free, Cruelty-Free, Moisturizing Skin Cleanser Effectively Washes Away Bacteria While Nourishing Skin 30.6 oz</p><p>$23.22 ($0.25 / Fl Oz)</p><a href="https://www.amazon.com/dp/B0BVBYQGTW?tag=eloabder-20&linkCode=osi&th=1&psc=1">View Product</a></div><div class="product"><a href="https://www.amazon.com/dp/B0CGY5BLBW?tag=eloabder-20&linkCode=osi&th=1&psc=1"><img src="https://m.media-amazon.com/images/I/61X7MjVU6uL._SL500_.jpg" alt="Product Image"></a><p>Dove Exfoliating Body Wash Glow Recharge Energizes & illuminates skin 3% brightening serum with vitamin C 18.5 oz</p><p>$9.79 ($0.53 / Fl Oz)</p><a href="https://www.amazon.com/dp/B0CGY5BLBW?tag=eloabder-20&linkCode=osi&th=1&psc=1">View Product</a></div><div class="product"><a href="https://www.amazon.com/dp/B082QB23YG?tag=eloabder-20&linkCode=osi&th=1&psc=1"><img src="https://m.media-amazon.com/images/I/31QPAuuaLwL._SL500_.jpg" alt="Product Image"></a><p>NIVEA Refreshing White Peach and Jasmine Body Wash, Scented Body Wash with Nourishing Serum, Plant-Derived Oils, Essential Skin Lipids and Vitamins, 20 Fl Oz Bottle</p><p>$4.89 ($0.24 / Fl Oz)</p><a href="https://www.amazon.com/dp/B082QB23YG?tag=eloabder-20&linkCode=osi&th=1&psc=1">View Product</a></div><div class="product"><a href="https://www.amazon.com/dp/B0BHH1LBX2?tag=eloabder-20&linkCode=osi&th=1&psc=1"><img src="https://m.media-amazon.com/images/I/41aG-jLyOqL._SL500_.jpg" alt="Product Image"></a><p>Olay Ultra Rich Moisture Body Wash for Women, Deeply Nourishes, Vitamin B3 Complex, Clinically Proven, Shea Butter Scent, 22 fl oz (Pack of 4)</p><p>$26.95 ($0.31 / Fl Oz)</p><a href="https://www.amazon.com/dp/B0BHH1LBX2?tag=eloabder-20&linkCode=osi&th=1&psc=1">View Product</a></div><div class="product"><a href="https://www.amazon.com/dp/B0BVBYDTZ6?tag=eloabder-20&linkCode=osi&th=1&psc=1"><img src="https://m.media-amazon.com/images/I/61UbJzK8yIL._SL500_.jpg" alt="Product Image"></a><p>Dove Body Wash with Pump Refreshing Cucumber and Green Tea 3 Count Refreshes Skin Cleanser That Effectively Washes Away Bacteria While Nourishing Your Skin 30.6 oz</p><p>$29.91 ($0.33 / Fl Oz)</p><a href="https://www.amazon.com/dp/B0BVBYDTZ6?tag=eloabder-20&linkCode=osi&th=1&psc=1">View Product</a></div><div class="product"><a href="https://www.amazon.com/dp/B082QC2MCX?tag=eloabder-20&linkCode=osi&th=1&psc=1"><img src="https://m.media-amazon.com/images/I/31ohT5XH1TS._SL500_.jpg" alt="Product Image"></a><p>NIVEA Shea Butter Nourishing Body Wash, Moisturizing Body Wash with Nourishing Serum, Plant-Derived Oils, Essential Skin Lipids and Vitamins, 20 Fl Oz Bottle</p><p>$5.29 ($0.26 / Fl Oz)</p><a href="https://www.amazon.com/dp/B082QC2MCX?tag=eloabder-20&linkCode=osi&th=1&psc=1">View Product</a></div><div class="product"><a href="https://www.amazon.com/dp/B07FD24RTR?tag=eloabder-20&linkCode=osi&th=1&psc=1"><img src="https://m.media-amazon.com/images/I/31klAgInvXL._SL500_.jpg" alt="Product Image"></a><p>Aveeno Stress Relief Body Wash with Soothing Oat for Sensitive Skin, Lavender Body Wash to help you feel Calm and Relaxed, Sulfate-Free, 33 FL OZ</p><p>$13.48 ($0.41 / Fl Oz)</p><a href="https://www.amazon.com/dp/B07FD24RTR?tag=eloabder-20&linkCode=osi&th=1&psc=1">View Product</a></div><div class="product"><a href="https://www.amazon.com/dp/B082QBPDJC?tag=eloabder-20&linkCode=osi&th=1&psc=1"><img src="https://m.media-amazon.com/images/I/31tC4JDwHQL._SL500_.jpg" alt="Product Image"></a><p>NIVEA Coconut and Almond Milk Pampering Body Wash, Moisturizing Body Wash with Nourishing Serum, Plant-Derived Oils, Essential Skin Lipids and Vitamins, 20 Fl Oz Bottle</p><p>$4.99 ($0.25 / Fl Oz)</p><a href="https://www.amazon.com/dp/B082QBPDJC?tag=eloabder-20&linkCode=osi&th=1&psc=1">View Product</a></div>
<div class="product"><a href="https://www.amazon.com/dp/B0BNQWFWLF?tag=eloabder-20&linkCode=osi&th=1&psc=1"><img src="https://m.media-amazon.com/images/I/41trFLlJ04L._SL500_.jpg" alt="Product Image"></a><p>Neutrogena Rainbath Body Wash, Refreshing, Moisturizing Daily Body Cleanser and Shaving Gel with Clean Rinsing Lather, Original Scent, 32 fl. Oz</p><p>$15.98 ($0.50 / Fl Oz)</p><a href="https://www.amazon.com/dp/B0BNQWFWLF?tag=eloabder-20&linkCode=osi&th=1&psc=1">View Product</a></div><div class="product"><a href="https://www.amazon.com/dp/B0BT1WN3ZD?tag=eloabder-20&linkCode=osi&th=1&psc=1"><img src="https://m.media-amazon.com/images/I/21GMn0pFzCL._SL500_.jpg" alt="Product Image"></a><p>Method Body Wash, Sea + Surf, Paraben and Phthalate Free, Biodegradable Formula, 28 oz, (Pack of 1)</p><p>$11.48 ($0.41 / Fl Oz)</p><a href="https://www.amazon.com/dp/B0BT1WN3ZD?tag=eloabder-20&linkCode=osi&th=1&psc=1">View Product</a></div><div class="product"><a href="https://www.amazon.com/dp/B09M7SPFSJ?tag=eloabder-20&linkCode=osi&th=1&psc=1"><img src="https://m.media-amazon.com/images/I/31bOOl+IL6L._SL500_.jpg" alt="Product Image"></a><p>Ivory Mild & Gentle Body Wash, Original Scent, 35oz</p><p>$5.97 ($0.17 / Ounce)</p><a href="https://www.amazon.com/dp/B09M7SPFSJ?tag=eloabder-20&linkCode=osi&th=1&psc=1">View Product</a></div><div class="product"><a href="https://www.amazon.com/dp/B0CK4YS1SV?tag=eloabder-20&linkCode=osi&th=1&psc=1"><img src="https://m.media-amazon.com/images/I/518js3kBNfL._SL500_.jpg" alt="Product Image"></a><p>Dr Teal's Body Wash with Pure Epsom Salt, Relax & Relief with Eucalyptus & Spearmint, 24 fl oz (Pack of 2) (Packaging May Vary)</p><p>$11.74 ($0.24 / Fl Oz)</p><a href="https://www.amazon.com/dp/B0CK4YS1SV?tag=eloabder-20&linkCode=osi&th=1&psc=1">View Product</a></div><div class="product"><a href="https://www.amazon.com/dp/B0CNL19TQG?tag=eloabder-20&linkCode=osi&th=1&psc=1"><img src="https://m.media-amazon.com/images/I/61kqkkFXOkL._SL500_.jpg" alt="Product Image"></a><p>Dove Men+Care Body Wash Eucalyptus + Cedar Oil to Rebuild Skin in the Shower with Plant-Based Cleansers and Moisturizers 26 oz</p><p>$9.99 ($0.38 / Fl Oz)</p><a href="https://www.amazon.com/dp/B0CNL19TQG?tag=eloabder-20&linkCode=osi&th=1&psc=1">View Product</a></div><div class="product"><a href="https://www.amazon.com/dp/B01IMEJV5U?tag=eloabder-20&linkCode=osi&th=1&psc=1"><img src="https://m.media-amazon.com/images/I/41q8gXtf06S._SL500_.jpg" alt="Product Image"></a><p>OGX Extra Creamy + Coconut Miracle Oil Ultra Moisture Body Wash, 19.5 Fl Oz</p><p>$6.57 ($0.34 / Fl Oz)</p><a href="https://www.amazon.com/dp/B01IMEJV5U?tag=eloabder-20&linkCode=osi&th=1&psc=1">View Product</a></div>
<div class="product"><a href="https://www.amazon.com/dp/B00A8S6HM4?tag=eloabder-20&linkCode=osi&th=1&psc=1"><img src="https://m.media-amazon.com/images/I/31tIssP5CQL._SL500_.jpg" alt="Product Image"></a><p>Gold Bond Healing Hand Cream, 3 oz., With Aloe, Moisture That Lasts Through Handwashing</p><p>$3.97 ($1.32 / Ounce)</p><a href="https://www.amazon.com/dp/B00A8S6HM4?tag=eloabder-20&linkCode=osi&th=1&psc=1">View Product</a></div><div class="product"><a href="https://www.amazon.com/dp/B006UEOQ5K?tag=eloabder-20&linkCode=osi&th=1&psc=1"><img src="https://m.media-amazon.com/images/I/316StCvRHcL._SL500_.jpg" alt="Product Image"></a><p>L’Occitane Shea Butter Hand Cream 5.1 Oz: Nourishes Very Dry Hands, Protects Skin, With 20% Organic Shea Butter, Vegan, 1 Sold Every 3 Seconds*</p><p>$27.00</p><a href="https://www.amazon.com/dp/B006UEOQ5K?tag=eloabder-20&linkCode=osi&th=1&psc=1">View Product</a></div><div class="product"><a href="https://www.amazon.com/dp/B00EYOSA9G?tag=eloabder-20&linkCode=osi&th=1&psc=1"><img src="https://m.media-amazon.com/images/I/41bhc+gcG0L._SL500_.jpg" alt="Product Image"></a><p>La Roche-Posay Cicaplast Hand Cream, Instant Relief Moisturizing Dry Hands Shea Butter Lotion for Dry Cracked Hands, Non Greasy, Fragrance Free, 1.69 Fl Oz (Pack of 1)</p><p>$11.99 ($7.05 / Fl Oz)</p><a href="https://www.amazon.com/dp/B00EYOSA9G?tag=eloabder-20&linkCode=osi&th=1&psc=1">View Product</a></div><div class="product"><a href="https://www.amazon.com/dp/B00BN2UF54?tag=eloabder-20&linkCode=osi&th=1&psc=1"><img src="https://m.media-amazon.com/images/I/41JdUlyNn5L._SL500_.jpg" alt="Product Image"></a><p>CeraVe Therapeutic Hand Cream for Dry Cracked Hands With Hyaluronic Acid and Niacinamide | Fragrance Free 3 Ounce</p><p>$10.47 ($3.49 / Ounce)</p><a href="https://www.amazon.com/dp/B00BN2UF54?tag=eloabder-20&linkCode=osi&th=1&psc=1">View Product</a></div><div class="product"><a href="https://www.amazon.com/dp/B09QP658PT?tag=eloabder-20&linkCode=osi&th=1&psc=1"><img src="https://m.media-amazon.com/images/I/31W-klVFPhL._SL500_.jpg" alt="Product Image"></a><p>eos Shea Better Hand Cream - Vanilla Cashmere | Instant Hydration + Lasting Protection | 2.5 oz</p><p>$3.97 ($1.59 / Fl Oz)</p><a href="https://www.amazon.com/dp/B09QP658PT?tag=eloabder-20&linkCode=osi&th=1&psc=1">View Product</a></div><div class="product"><a href="https://www.amazon.com/dp/B00121UVU0?tag=eloabder-20&linkCode=osi&th=1&psc=1"><img src="https://m.media-amazon.com/images/I/41eeed+P5BL._SL500_.jpg" alt="Product Image"></a><p>O'Keeffe's Working Hands Hand Cream for Extremely Dry, Cracked Hands, 3.4 Ounce Jar, (Pack 1)</p><p>$8.48 ($2.49 / Ounce)</p><a href="https://www.amazon.com/dp/B00121UVU0?tag=eloabder-20&linkCode=osi&th=1&psc=1">View Product</a></div><div class="product"><a href="https://www.amazon.com/dp/B0148PKYXU?tag=eloabder-20&linkCode=osi&th=1&psc=1"><img src="https://m.media-amazon.com/images/I/41cwut0DGKL._SL500_.jpg" alt="Product Image"></a><p>O'Keeffe's Working Hands Hand Cream, Relieves and Repairs Extremely Dry Hands, 3 oz Tube, (Pack of 2)</p><p>$15.17 ($2.53 / Ounce)</p><a href="https://www.amazon.com/dp/B0148PKYXU?tag=eloabder-20&linkCode=osi&th=1&psc=1">View Product</a></div><div class="product"><a href="https://www.amazon.com/dp/B08Q1B7DVZ?tag=eloabder-20&linkCode=osi&th=1&psc=1"><img src="https://m.media-amazon.com/images/I/41KbVXj2k4L._SL500_.jpg" alt="Product Image"></a><p>Neutrogena Norwegian Formula Moisturizing Hand Cream Formulated with Glycerin for Dry, Rough Hands, Fragrance-Free Intensive Hand Lotion, 2 oz, Pack of 6</p><p>$32.94 ($2.74 / Ounce)</p><a href="https://www.amazon.com/dp/B08Q1B7DVZ?tag=eloabder-20&linkCode=osi&th=1&psc=1">View Product</a></div><div class="product"><a href="https://www.amazon.com/dp/B002PK0ROM?tag=eloabder-20&linkCode=osi&th=1&psc=1"><img src="https://m.media-amazon.com/images/I/51ACxQvzcbL._SL500_.jpg" alt="Product Image"></a><p>Burt's Bees Almond & Milk Hand Cream, 2 Oz (Package May Vary)</p><p>$8.84 ($4.42 / Ounce)</p><a href="https://www.amazon.com/dp/B002PK0ROM?tag=eloabder-20&linkCode=osi&th=1&psc=1">View Product</a></div><div class="product"><a href="https://www.amazon.com/dp/B09YYZWSSY?tag=eloabder-20&linkCode=osi&th=1&psc=1"><img src="https://m.media-amazon.com/images/I/31iud1lgyFL._SL500_.jpg" alt="Product Image"></a><p>Gold Bond Age Renew Crepe Corrector Hand Cream, Replenishing & Smoothing Formula, 3 oz.</p><p>$5.98 ($1.99 / Ounce)</p><a href="https://www.amazon.com/dp/B09YYZWSSY?tag=eloabder-20&linkCode=osi&th=1&psc=1">View Product</a></div>
<div class="product"><a href="https://www.amazon.com/dp/B0002QB9NE?tag=eloabder-20&linkCode=osi&th=1&psc=1"><img src="https://m.media-amazon.com/images/I/416vf0q0uqL._SL500_.jpg" alt="Product Image"></a><p>O'Keeffe's for Healthy Feet Foot Cream, Guaranteed Relief for Extremely Dry, Cracked Feet, Instantly Boosts Moisture Levels, 3.2 Ounce Jar, (Pack of 1)</p><p>$9.01 ($2.82 / Ounce)</p><a href="https://www.amazon.com/dp/B0002QB9NE?tag=eloabder-20&linkCode=osi&th=1&psc=1">View Product</a></div><div class="product"><a href="https://www.amazon.com/dp/B082TSRP9J?tag=eloabder-20&linkCode=osi&th=1&psc=1"><img src="https://m.media-amazon.com/images/I/51coMhCd1ML._SL500_.jpg" alt="Product Image"></a><p>Ebanel Urea Cream 40% plus Salicylic Acid 2%, Foot Cream for Dry Cracked Heels Feet Knees Elbows Hands, Foot Dead Skin Cuticle Callus Remover Toenail Softener, Keratolytic Skin Barrier Repair Cream</p><p>$15.95 ($3.47 / Ounce)</p><a href="https://www.amazon.com/dp/B082TSRP9J?tag=eloabder-20&linkCode=osi&th=1&psc=1">View Product</a></div><div class="product"><a href="https://www.amazon.com/dp/B08YZBKZPB?tag=eloabder-20&linkCode=osi&th=1&psc=1"><img src="https://m.media-amazon.com/images/I/41ktbxpRfPL._SL500_.jpg" alt="Product Image"></a><p>Dr. Scholl's Dry, Cracked Foot Repair Ultra-Hydrating Foot Cream Moisturizer, 3.5 oz, Skin Care Foot Lotion with 25% Urea for Dry Cracked Feet, Heals and Moisturizes for Healthy Feet</p><p>$5.89 ($1.68 / Ounce)</p><a href="https://www.amazon.com/dp/B08YZBKZPB?tag=eloabder-20&linkCode=osi&th=1&psc=1">View Product</a></div><div class="product"><a href="https://www.amazon.com/dp/B0859JFWDT?tag=eloabder-20&linkCode=osi&th=1&psc=1"><img src="https://m.media-amazon.com/images/I/51JZjw73KSL._SL500_.jpg" alt="Product Image"></a><p>New York Biology Tea Tree Oil Foot Cream for Dry Cracked Feet, Athletes Foot, Nail Fungus, Jock Itch, Ringworm, Cracked Heels and Itchy Skin - Foot Cream - 8 oz</p><p>$9.99 ($1.25 / Ounce)</p><a href="https://www.amazon.com/dp/B0859JFWDT?tag=eloabder-20&linkCode=osi&th=1&psc=1">View Product</a></div><div class="product"><a href="https://www.amazon.com/dp/B09854CPGD?tag=eloabder-20&linkCode=osi&th=1&psc=1"><img src="https://m.media-amazon.com/images/I/31CmRbfOBBL._SL500_.jpg" alt="Product Image"></a><p>OUKEYA Urea Cream 40 Percent, Urea Foot & Hand Cream for Dry Cracked, 40 per Urea Lotion for Feet Maximum Strength</p><p>$9.59 ($1.81 / Ounce)</p><a href="https://www.amazon.com/dp/B09854CPGD?tag=eloabder-20&linkCode=osi&th=1&psc=1">View Product</a></div><div class="product"><a href="https://www.amazon.com/dp/B0081C2I22?tag=eloabder-20&linkCode=osi&th=1&psc=1"><img src="https://m.media-amazon.com/images/I/41f3N9+RSFL._SL500_.jpg" alt="Product Image"></a><p>Palmer's Cocoa Butter Formula Foot Magic Moisturizing Foot Cream for Dry, Cracked Heels, Feet Moisturizer with Peppermint Oil & Vitamin E, 2.1 Ounces</p><p>$4.22 ($2.01 / Ounce)</p><a href="https://www.amazon.com/dp/B0081C2I22?tag=eloabder-20&linkCode=osi&th=1&psc=1">View Product</a></div><div class="product"><a href="https://www.amazon.com/dp/B072VSYFNY?tag=eloabder-20&linkCode=osi&th=1&psc=1"><img src="https://m.media-amazon.com/images/I/41mzQGUdFmL._SL500_.jpg" alt="Product Image"></a><p>O'Keeffe's Healthy Feet Intense Renewal Cream with Alpha Hydroxy Acid, Softens and Exfoliates Extremely Dry, Callused Feet, 3oz Tube (Pack of 1)</p><p>$8.77 ($2.92 / Ounce)</p><a href="https://www.amazon.com/dp/B072VSYFNY?tag=eloabder-20&linkCode=osi&th=1&psc=1">View Product</a></div><div class="product"><a href="https://www.amazon.com/dp/B087N7QYN1?tag=eloabder-20&linkCode=osi&th=1&psc=1"><img src="https://m.media-amazon.com/images/I/41AOHWv5UaL._SL500_.jpg" alt="Product Image"></a><p>O'Keeffe's for Healthy Feet Foot Cream, Guaranteed Relief for Extremely Dry, Cracked Feet, Instantly Boosts Moisture Levels, 6.4 Ounce Jar, Value Size, (Pack of 1)</p><p>$15.09 ($2.36 / Ounce)</p><a href="https://www.amazon.com/dp/B087N7QYN1?tag=eloabder-20&linkCode=osi&th=1&psc=1">View Product</a></div><div class="product"><a href="https://www.amazon.com/dp/B07CKKQWSN?tag=eloabder-20&linkCode=osi&th=1&psc=1"><img src="https://m.media-amazon.com/images/I/513WcwplzkL._SL500_.jpg" alt="Product Image"></a><p>Profoot Heel Rescue Foot Cream 16 Ounce Bottle, 2 Pack, for Cracked, Calloused or Chapped Skin</p><p>$13.92 ($0.44 / Ounce)</p><a href="https://www.amazon.com/dp/B07CKKQWSN?tag=eloabder-20&linkCode=osi&th=1&psc=1">View Product</a></div>
<div class="product"><a href="https://www.amazon.com/dp/B0CS2XBMG5?tag=eloabder-20&linkCode=osi&th=1&psc=1"><img src="https://m.media-amazon.com/images/I/41SVGjvtkXL._SL500_.jpg" alt="Product Image"></a><p>SAVILAND Natural Cuticle Oil Pen: 12PCS Revitalizing Cuticle Oil for Nails with Vitamin E For Repair Cuticles Overnight Cuticle Softener Nail Strengthener Protector for Damaged Skin Thin Nail</p><p>$9.99 ($9.99 / Fl Oz)</p><a href="https://www.amazon.com/dp/B0CS2XBMG5?tag=eloabder-20&linkCode=osi&th=1&psc=1">View Product</a></div><div class="product"><a href="https://www.amazon.com/dp/B0037MIMLW?tag=eloabder-20&linkCode=osi&th=1&psc=1"><img src="https://m.media-amazon.com/images/I/41M3z8vrUzL._SL500_.jpg" alt="Product Image"></a><p>CND SolarOil Cuticle Oil, Natural Blend Of Jojoba, Vitamin E, Rice Bran and Sweet Almond Oils, Moisturizes and Conditions Skin, Pack Of 1, 0.25 oz.</p><p>$9.90 ($49.50 / Fl Oz)</p><a href="https://www.amazon.com/dp/B0037MIMLW?tag=eloabder-20&linkCode=osi&th=1&psc=1">View Product</a></div><div class="product"><a href="https://www.amazon.com/dp/B09K3VX6XB?tag=eloabder-20&linkCode=osi&th=1&psc=1"><img src="https://m.media-amazon.com/images/I/41KQk0SauIL._SL500_.jpg" alt="Product Image"></a><p>modelones Cuticle Oil for Nails 15ml Natural Nail Oil for Growth and Strength Damaged Nails Vitamin E Revitalizing Essential Oils Cuticle Care</p><p>$8.99 ($17.63 / Fl Oz)</p><a href="https://www.amazon.com/dp/B09K3VX6XB?tag=eloabder-20&linkCode=osi&th=1&psc=1">View Product</a></div><div class="product"><a href="https://www.amazon.com/dp/B072C4GT6P?tag=eloabder-20&linkCode=osi&th=1&psc=1"><img src="https://m.media-amazon.com/images/I/31AcTRIcNCL._SL500_.jpg" alt="Product Image"></a><p>OPI ProSpa Nail and Cuticle Oil To Go, 0.25 fl oz</p><p>$11.49 ($45.96 / Fl Oz)</p><a href="https://www.amazon.com/dp/B072C4GT6P?tag=eloabder-20&linkCode=osi&th=1&psc=1">View Product</a></div><div class="product"><a href="https://www.amazon.com/dp/B0725XWF6R?tag=eloabder-20&linkCode=osi&th=1&psc=1"><img src="https://m.media-amazon.com/images/I/3167QE6enxL._SL500_.jpg" alt="Product Image"></a><p>OPI ProSpa Nail and Cuticle Oil, 0.29 fl oz</p><p>$10.82 ($37.31 / Fl Oz)</p><a href="https://www.amazon.com/dp/B0725XWF6R?tag=eloabder-20&linkCode=osi&th=1&psc=1">View Product</a></div><div class="product"><a href="https://www.amazon.com/dp/B0CN65Q5LD?tag=eloabder-20&linkCode=osi&th=1&psc=1"><img src="https://m.media-amazon.com/images/I/41ixcyjMHNL._SL500_.jpg" alt="Product Image"></a><p>NXJ INFILILA Cuticle Oil Bulk 3.3 Fl Oz, 100Pcs Mini Cuticle Oil for Nails, Hydrating Cuticle Care Product Ttravel Size for Repaired Cuticles Overnight, Cuticle Repair and Nail Care (Milk & Honey)</p><p>$9.99 ($0.10 / Count)</p><a href="https://www.amazon.com/dp/B0CN65Q5LD?tag=eloabder-20&linkCode=osi&th=1&psc=1">View Product</a></div><div class="product"><a href="https://www.amazon.com/dp/B0B29JZ5KL?tag=eloabder-20&linkCode=osi&th=1&psc=1"><img src="https://m.media-amazon.com/images/I/41c+VvEUnZL._SL500_.jpg" alt="Product Image"></a><p>C CARE Lavender and chamomile Cuticle Oil For Nails - Repairs Cuticles Overnight - Moisturizes and Strengthens Nails and Cuticles - Dropper & Brush included - 2.5oz</p><p>$9.99 ($4.00 / Fl Oz)</p><a href="https://www.amazon.com/dp/B0B29JZ5KL?tag=eloabder-20&linkCode=osi&th=1&psc=1">View Product</a></div>
<div class="product"><a href="https://www.amazon.com/dp/B0CMHSNYG8?tag=eloabder-20&linkCode=osi&th=1&psc=1"><img src="https://m.media-amazon.com/images/I/51iVcKQ6eIL._SL500_.jpg" alt="Product Image"></a><p>JODSONE Gel Nail Set 20 Colors High Shine Gorgeous Gel Polish Base Top Matte Coat Nice Gifts Show Charm</p><p>$19.99</p><a href="https://www.amazon.com/dp/B0CMHSNYG8?tag=eloabder-20&linkCode=osi&th=1&psc=1">View Product</a></div><div class="product"><a href="https://www.amazon.com/dp/B09KC56289?tag=eloabder-20&linkCode=osi&th=1&psc=1"><img src="https://m.media-amazon.com/images/I/51M-P1nM7QL._SL500_.jpg" alt="Product Image"></a><p>JODSONE 36 PCS Gel Nail Polish Set-32 Colors Gel Polish Kit Base Coat Glossy Matte and Glitter Top Coat Nail Polish Set Green Blue Red Pink Collection Gifts for Women</p><p>$25.99</p><a href="https://www.amazon.com/dp/B09KC56289?tag=eloabder-20&linkCode=osi&th=1&psc=1">View Product</a></div><div class="product"><a href="https://www.amazon.com/dp/B0987JZSP8?tag=eloabder-20&linkCode=osi&th=1&psc=1"><img src="https://m.media-amazon.com/images/I/31VZYZfCKbL._SL500_.jpg" alt="Product Image"></a><p>OPI Nature Strong Vegan Nail Polish, Knowledge is Flower, Pink Nail Polish, Natural Origin, Cruelty-Free Nail Lacquer, 0.5 fl oz.</p><p>$12.99 ($25.98 / Fl Oz)</p><a href="https://www.amazon.com/dp/B0987JZSP8?tag=eloabder-20&linkCode=osi&th=1&psc=1">View Product</a></div><div class="product"><a href="https://www.amazon.com/dp/B00GXVVDG0?tag=eloabder-20&linkCode=osi&th=1&psc=1"><img src="https://m.media-amazon.com/images/I/21vF-y2FfJL._SL500_.jpg" alt="Product Image"></a><p>Essie Nail Polish, Salon-Quality, 8-free Vegan, Finish, Mademoiselle, 0.46 Ounces (Packaging May Vary) Sheer Pink</p><p>$8.97</p><a href="https://www.amazon.com/dp/B00GXVVDG0?tag=eloabder-20&linkCode=osi&th=1&psc=1">View Product</a></div><div class="product"><a href="https://www.amazon.com/dp/B00149RO2S?tag=eloabder-20&linkCode=osi&th=1&psc=1"><img src="https://m.media-amazon.com/images/I/411K8WtBjML._SL500_.jpg" alt="Product Image"></a><p>OPI Nail Lacquer, Black Cherry Chutney, Red Nail Polish, 0.5 fl oz</p><p>$11.99 ($23.98 / Fl Oz)</p><a href="https://www.amazon.com/dp/B00149RO2S?tag=eloabder-20&linkCode=osi&th=1&psc=1">View Product</a></div>
<div class="product"><a href="https://www.amazon.com/dp/B07TLZDSWR?tag=eloabder-20&linkCode=osi&th=1&psc=1"><img src="https://m.media-amazon.com/images/I/31lsbbYkXFL._SL500_.jpg" alt="Product Image"></a><p>Pronto 100% Pure Acetone - Quick, Professional Nail Polish Remover - For Natural, Gel, Acrylic, Sculptured Nails (8 FL. OZ.)</p><p>$9.99 ($1.25 / Fl Oz)</p><a href="https://www.amazon.com/dp/B07TLZDSWR?tag=eloabder-20&linkCode=osi&th=1&psc=1">View Product</a></div><div class="product"><a href="https://www.amazon.com/dp/B08N2XBP1D?tag=eloabder-20&linkCode=osi&th=1&psc=1"><img src="https://m.media-amazon.com/images/I/41SDa89WDxL._SL500_.jpg" alt="Product Image"></a><p>Mineral Fusion Nail Polish Remover, 6 fl oz, 2 count</p><p>$16.50</p><a href="https://www.amazon.com/dp/B08N2XBP1D?tag=eloabder-20&linkCode=osi&th=1&psc=1">View Product</a></div><div class="product"><a href="https://www.amazon.com/dp/B004KJ7AGE?tag=eloabder-20&linkCode=osi&th=1&psc=1"><img src="https://m.media-amazon.com/images/I/41jL3jJJEEL._SL500_.jpg" alt="Product Image"></a><p>Super Nail Pure Acetone Polish Remover, 8 Fl Oz</p><p>$6.25</p><a href="https://www.amazon.com/dp/B004KJ7AGE?tag=eloabder-20&linkCode=osi&th=1&psc=1">View Product</a></div><div class="product"><a href="https://www.amazon.com/dp/B0CQLWZGQC?tag=eloabder-20&linkCode=osi&th=1&psc=1"><img src="https://m.media-amazon.com/images/I/51RNLfN+X4L._SL500_.jpg" alt="Product Image"></a><p>Morovan Gel Nail Polish Remover Kit: Gel Polish Remover for Nails with Liquid Latex Tape Peel off Nail Strengthener Cuticle Pusher Quick & Easy Gel Remover for Nails in 3-5 mins No Soaking Or Wrapping</p><p>$9.99</p><a href="https://www.amazon.com/dp/B0CQLWZGQC?tag=eloabder-20&linkCode=osi&th=1&psc=1">View Product</a></div><div class="product"><a href="https://www.amazon.com/dp/B09Z2V94LY?tag=eloabder-20&linkCode=osi&th=1&psc=1"><img src="https://m.media-amazon.com/images/I/41aI3wwnE3L._SL500_.jpg" alt="Product Image"></a><p>Gel Nail Polish Remover 1pcs, Professional Gel Polish Remover for Nails, No Need for Foil, Quick & Easy Polish Remover In 2-3 Minutes, No Need Soaking Or Wrapping-15ml</p><p>$9.99</p><a href="https://www.amazon.com/dp/B09Z2V94LY?tag=eloabder-20&linkCode=osi&th=1&psc=1">View Product</a></div><div class="product"><a href="https://www.amazon.com/dp/B07STW4VR3?tag=eloabder-20&linkCode=osi&th=1&psc=1"><img src="https://m.media-amazon.com/images/I/41H-8Xsu7OL._SL500_.jpg" alt="Product Image"></a><p>Butter LONDON Nail Polish Remover Pads, Nail Scrubbers (10 Count) - 2-in-1 Prep & Lacquer Remover Nail Wipes - Travel-Friendly Gel Fingernail Polish Remover - Cruelty-Free, Paraben-Free & Gluten-Free</p><p>$10.00 ($1.00 / Count)</p><a href="https://www.amazon.com/dp/B07STW4VR3?tag=eloabder-20&linkCode=osi&th=1&psc=1">View Product</a></div><div class="product"><a href="https://www.amazon.com/dp/B001DTZK0C?tag=eloabder-20&linkCode=osi&th=1&psc=1"><img src="https://m.media-amazon.com/images/I/31H2xmoYh2L._SL500_.jpg" alt="Product Image"></a><p>ZOYA Remove Plus 3 in 1 Formula - Liquid Polish Remover, Nail Cleaner, Nail Prep, 8 Fl Oz</p><p>$12.00 ($1.50 / Fl Oz)</p><a href="https://www.amazon.com/dp/B001DTZK0C?tag=eloabder-20&linkCode=osi&th=1&psc=1">View Product</a></div>
<div class="product"><a href="https://www.amazon.com/dp/B07F12SZDS?tag=eloabder-20&linkCode=osi&th=1&psc=1"><img src="https://m.media-amazon.com/images/I/415-o2OwWqL._SL500_.jpg" alt="Product Image"></a><p>Beetles 2 Pcs 15ml No Wipe Gel Top Coat and Base Coat Set - Shine Finish and Long Lasting, Soak Off LED Nail Lamp Gel Base Top Coat Finish Nail Art Design Manicure Gifts for Women</p><p>$7.99</p><a href="https://www.amazon.com/dp/B07F12SZDS?tag=eloabder-20&linkCode=osi&th=1&psc=1">View Product</a></div><div class="product"><a href="https://www.amazon.com/dp/B004220C6E?tag=eloabder-20&linkCode=osi&th=1&psc=1"><img src="https://m.media-amazon.com/images/I/41UDx4gfvEL._SL500_.jpg" alt="Product Image"></a><p>OPI Natural Nail Base Coat, Nail Polish Base Coat, 0.5 fl oz</p><p>$11.99 ($23.98 / Fl Oz)</p><a href="https://www.amazon.com/dp/B004220C6E?tag=eloabder-20&linkCode=osi&th=1&psc=1">View Product</a></div><div class="product"><a href="https://www.amazon.com/dp/B07KYNY7C4?tag=eloabder-20&linkCode=osi&th=1&psc=1"><img src="https://m.media-amazon.com/images/I/41nRG35oupL._SL500_.jpg" alt="Product Image"></a><p>essie nail care, vegan, clear base coat, strengthener, Strong Start, 0.46 fl oz</p><p>$9.28</p><a href="https://www.amazon.com/dp/B07KYNY7C4?tag=eloabder-20&linkCode=osi&th=1&psc=1">View Product</a></div><div class="product"><a href="https://www.amazon.com/dp/B0BX77172B?tag=eloabder-20&linkCode=osi&th=1&psc=1"><img src="https://m.media-amazon.com/images/I/41NS6hYFFYL._SL500_.jpg" alt="Product Image"></a><p>beetles Gel Polish Gel No Wipe Base Coat,15ml for Gel Nail Polish Soak Off LED Nail Lamp Gel Base Coat Upgraded Formula Long-Lasting DIY Home and Nail Salon</p><p>$6.99 ($13.71 / Fl Oz)</p><a href="https://www.amazon.com/dp/B0BX77172B?tag=eloabder-20&linkCode=osi&th=1&psc=1">View Product</a></div><div class="product"><a href="https://www.amazon.com/dp/B0BD4MMFVM?tag=eloabder-20&linkCode=osi&th=1&psc=1"><img src="https://m.media-amazon.com/images/I/414wIShbm+L._SL500_.jpg" alt="Product Image"></a><p>GAOY 16ml 2 Pcs Glassy Gel Top Coat and Base Coat Set,No Wipe Foundation Combination for UV Light Cure Nail Polish</p><p>$6.99</p><a href="https://www.amazon.com/dp/B0BD4MMFVM?tag=eloabder-20&linkCode=osi&th=1&psc=1">View Product</a></div><div class="product"><a href="https://www.amazon.com/dp/B08Z7JSXQ1?tag=eloabder-20&linkCode=osi&th=1&psc=1"><img src="https://m.media-amazon.com/images/I/41+02CKnU7L._SL500_.jpg" alt="Product Image"></a><p>modelones 2024 Upgrade Super Shiny Gel Top Coat, 15ml No Wipe Clear Glossy Gel Base and Top Coat Set, Soak Off Nail Lamp Acid Free Base Top Gel Nail Polish Starter Kit</p><p>$6.35</p><a href="https://www.amazon.com/dp/B08Z7JSXQ1?tag=eloabder-20&linkCode=osi&th=1&psc=1">View Product</a></div><div class="product"><a href="https://www.amazon.com/dp/B00770JW9Q?tag=eloabder-20&linkCode=osi&th=1&psc=1"><img src="https://m.media-amazon.com/images/I/41l5O38NktL._SL500_.jpg" alt="Product Image"></a><p>Seche Clear and Seche Vite, Base Coat and Top Coat for Nail Polish</p><p>$9.99</p><a href="https://www.amazon.com/dp/B00770JW9Q?tag=eloabder-20&linkCode=osi&th=1&psc=1">View Product</a></div><div class="product"><a href="https://www.amazon.com/dp/B07FXR67KP?tag=eloabder-20&linkCode=osi&th=1&psc=1"><img src="https://m.media-amazon.com/images/I/41TDlHtLVPL._SL500_.jpg" alt="Product Image"></a><p>Vishine 15ml No Wipe Top Coat Base Coat Soak off UV LED Drying Long Lasting Shiny Nail Varnish Set</p><p>$8.99</p><a href="https://www.amazon.com/dp/B07FXR67KP?tag=eloabder-20&linkCode=osi&th=1&psc=1">View Product</a></div><div class="product"><a href="https://www.amazon.com/dp/B000VUT39S?tag=eloabder-20&linkCode=osi&th=1&psc=1"><img src="https://m.media-amazon.com/images/I/31XB8+yUKnL._SL500_.jpg" alt="Product Image"></a><p>Orly Base Nail Coat, Bonder, 0.6 Ounce</p><p>$8.00 ($13.33 / Fl Oz)</p><a href="https://www.amazon.com/dp/B000VUT39S?tag=eloabder-20&linkCode=osi&th=1&psc=1">View Product</a></div>
<div class="product"><a href="https://www.amazon.com/dp/B08VZ6VSJ5?tag=eloabder-20&linkCode=osi&th=1&psc=1"><img src="https://m.media-amazon.com/images/I/317piUMa1pL._SL500_.jpg" alt="Product Image"></a><p>KUPA GelFinity - Soak Off Gel - Top Coat Glossy Finish (No-Wipe) 0.5 Fl Oz</p><p>$7.79 ($15.58 / Fl Oz)</p><a href="https://www.amazon.com/dp/B08VZ6VSJ5?tag=eloabder-20&linkCode=osi&th=1&psc=1">View Product</a></div><div class="product"><a href="https://www.amazon.com/dp/B0CHBB9S4J?tag=eloabder-20&linkCode=osi&th=1&psc=1"><img src="https://m.media-amazon.com/images/I/41qRu1votRL._SL500_.jpg" alt="Product Image"></a><p>beetles Gel Polish 2Pcs 15ml No Wipe Top Coat High Gloss Shiny Long-Lasting Clear Gel Top Coat, Soak Off Nail Lamp Nail Gel, Home DIY Professional Manicure and Nail Salon</p><p>$9.98 ($9.78 / Fl Oz)</p><a href="https://www.amazon.com/dp/B0CHBB9S4J?tag=eloabder-20&linkCode=osi&th=1&psc=1">View Product</a></div><div class="product"><a href="https://www.amazon.com/dp/B07FG7ZVFF?tag=eloabder-20&linkCode=osi&th=1&psc=1"><img src="https://m.media-amazon.com/images/I/41zWBPeG5RL._SL500_.jpg" alt="Product Image"></a><p>beetles Gel Polish No Wipe Gel Top Coat - Clear Color Gel Shine Finish and Long Lasting, Soak Off Nail Lamp Gel, 15ml Gift for Girls</p><p>$6.99 ($13.71 / Fl Oz)</p><a href="https://www.amazon.com/dp/B07FG7ZVFF?tag=eloabder-20&linkCode=osi&th=1&psc=1">View Product</a></div><div class="product"><a href="https://www.amazon.com/dp/B08J9WZB29?tag=eloabder-20&linkCode=osi&th=1&psc=1"><img src="https://m.media-amazon.com/images/I/31WQqYx1BLL._SL500_.jpg" alt="Product Image"></a><p>Vishine Top Coat- 15ML No Wipe Top Coat Gel Nail Polish High Gloss Shine Finish Long Lasting Home DIY Professional Manicure</p><p>$6.99 ($13.98 / Fl Oz)</p><a href="https://www.amazon.com/dp/B08J9WZB29?tag=eloabder-20&linkCode=osi&th=1&psc=1">View Product</a></div><div class="product"><a href="https://www.amazon.com/dp/B00178VX50?tag=eloabder-20&linkCode=osi&th=1&psc=1"><img src="https://m.media-amazon.com/images/I/31MWdGSTydL._SL500_.jpg" alt="Product Image"></a><p>OPI Top Coat, Protective High Gloss Shine Nail Polish Top Coat, 0.5 fl oz</p><p>$11.99 ($0.80 / millilitre)</p><a href="https://www.amazon.com/dp/B00178VX50?tag=eloabder-20&linkCode=osi&th=1&psc=1">View Product</a></div><div class="product"><a href="https://www.amazon.com/dp/B00150LT40?tag=eloabder-20&linkCode=osi&th=1&psc=1"><img src="https://m.media-amazon.com/images/I/410pKBFvS9L._SL500_.jpg" alt="Product Image"></a><p>Seche Vite Dry Fast Top Coat - .5 fl oz</p><p>$7.05</p><a href="https://www.amazon.com/dp/B00150LT40?tag=eloabder-20&linkCode=osi&th=1&psc=1">View Product</a></div>
<div class="product"><a href="https://www.amazon.com/dp/B000052WZD?tag=eloabder-20&linkCode=osi&th=1&psc=1"><img src="https://m.media-amazon.com/images/I/31neIP1eUnL._SL500_.jpg" alt="Product Image"></a><p>Trim Nail Files, 2 Count – Dual-Sided Nail Board with 280/320 Grit – Cushioned, Easy Grip for Comfortable Use – Emery Boards for Smoothing & Finishing Nails</p><p>$1.89 ($0.94 / Count)</p><a href="https://www.amazon.com/dp/B000052WZD?tag=eloabder-20&linkCode=osi&th=1&psc=1">View Product</a></div><div class="product"><a href="https://www.amazon.com/dp/B007242LWC?tag=eloabder-20&linkCode=osi&th=1&psc=1"><img src="https://m.media-amazon.com/images/I/41+E1EwskpS._SL500_.jpg" alt="Product Image"></a><p>3 Swords Germany - Brand Quality Double Sided (fine & coarse) Sapphire Metal Pocket Nail File (1 Piece), Made in Solingen Germany</p><p>$9.95</p><a href="https://www.amazon.com/dp/B007242LWC?tag=eloabder-20&linkCode=osi&th=1&psc=1">View Product</a></div><div class="product"><a href="https://www.amazon.com/dp/B0017KCQ2W?tag=eloabder-20&linkCode=osi&th=1&psc=1"><img src="https://m.media-amazon.com/images/I/21bzfUjSMwL._SL500_.jpg" alt="Product Image"></a><p>Revlon Nail Buffer, Gifts for Women, Stocking Stuffers, Shape 'N' Buff Nail File & Buffer, Nail Care Tool, All-in-One Shaping & Buffing, Easy to Use (Pack of 1)</p><p>$3.76</p><a href="https://www.amazon.com/dp/B0017KCQ2W?tag=eloabder-20&linkCode=osi&th=1&psc=1">View Product</a></div>
<div class="product"><a href="https://www.amazon.com/dp/B07M5RNH4Z?tag=eloabder-20&linkCode=osi&th=1&psc=1"><img src="https://m.media-amazon.com/images/I/41VsLZvsbKL._SL500_.jpg" alt="Product Image"></a><p>HAWATOUR Nail Clippers Set, Ultra Sharp Sturdy Fingernail and Toenail Clipper Cutters with Visibly Tin Case, Black</p><p>$9.97</p><a href="https://www.amazon.com/dp/B07M5RNH4Z?tag=eloabder-20&linkCode=osi&th=1&psc=1">View Product</a></div><div class="product"><a href="https://www.amazon.com/dp/B0015HKN3G?tag=eloabder-20&linkCode=osi&th=1&psc=1"><img src="https://m.media-amazon.com/images/I/31Y23jebqxL._SL500_.jpg" alt="Product Image"></a><p>Revlon Nail Clipper, Gifts for Men & Women, Stocking Stuffers, Nail Care Tools, Curved Blade & Foldaway Nail File for Trimming & Grooming, Easy to Use (Pack of 1)</p><p>$2.98</p><a href="https://www.amazon.com/dp/B0015HKN3G?tag=eloabder-20&linkCode=osi&th=1&psc=1">View Product</a></div><div class="product"><a href="https://www.amazon.com/dp/B00CRMHEJE?tag=eloabder-20&linkCode=osi&th=1&psc=1"><img src="https://m.media-amazon.com/images/I/41UM1wHFbiL._SL500_.jpg" alt="Product Image"></a><p>Tweezerman Stainless Steel Nail Combo Set with Fingernail and Toenail Clippers</p><p>$11.98</p><a href="https://www.amazon.com/dp/B00CRMHEJE?tag=eloabder-20&linkCode=osi&th=1&psc=1">View Product</a></div><div class="product"><a href="https://www.amazon.com/dp/B09VPM99J8?tag=eloabder-20&linkCode=osi&th=1&psc=1"><img src="https://m.media-amazon.com/images/I/31t5pEdSClL._SL500_.jpg" alt="Product Image"></a><p>Amazon Basics Nail Clippers 2-Pack, Black</p><p>$5.18</p><a href="https://www.amazon.com/dp/B09VPM99J8?tag=eloabder-20&linkCode=osi&th=1&psc=1">View Product</a></div><div class="product"><a href="https://www.amazon.com/dp/B004NZDY42?tag=eloabder-20&linkCode=osi&th=1&psc=1"><img src="https://m.media-amazon.com/images/I/31ehL-AtFBL._SL500_.jpg" alt="Product Image"></a><p>Revlon Mini Nail Clipper, Nail Care Tools, Curved Blade for Trimming & Grooming, Easy to Use (Pack of 1)</p><p>$2.98</p><a href="https://www.amazon.com/dp/B004NZDY42?tag=eloabder-20&linkCode=osi&th=1&psc=1">View Product</a></div>

<div class="product"><a href="https://www.amazon.com/dp/B0037O2J7I?tag=eloabder-20&linkCode=osi&th=1&psc=1"><img src="https://m.media-amazon.com/images/I/31fwHgXkJ7L._SL500_.jpg" alt="Product Image"></a><p>4 Way Shiny Block / 4 Step Buffing Block Shine Nail Buffer</p><p>$3.99 ($3.99 / Count)</p><a href="https://www.amazon.com/dp/B0037O2J7I?tag=eloabder-20&linkCode=osi&th=1&psc=1">View Product</a></div>

<div class="product"><a href="https://www.amazon.com/dp/B0BRRLF5N6?tag=eloabder-20&linkCode=osi&th=1&psc=1"><img src="https://m.media-amazon.com/images/I/51YW58bcDsL._SL500_.jpg" alt="Product Image"></a><p>Foot Soak Set Pedicure Kit Foot Spa Callus Remover for Feet Cuticle Remover Foot File for Dead Skin Pink Salt Urea Cream for Feet Aloe Lavender Pedicure Supplies Dry Cracked Feet for Women Men</p><p>$15.99</p><a href="https://www.amazon.com/dp/B0BRRLF5N6?tag=eloabder-20&linkCode=osi&th=1&psc=1">View Product</a></div><div class="product"><a href="https://www.amazon.com/dp/B09JWMBYJN?tag=eloabder-20&linkCode=osi&th=1&psc=1"><img src="https://m.media-amazon.com/images/I/51FgTeeSJKL._SL500_.jpg" alt="Product Image"></a><p>nbc BeautiLab Pedicure Kit Foot Soak Set: Bubble Salt, Sugar Scrub, Massage Mask, Massage Lotion in a Box, 4 Step Foot Spa Kit for Dry Feet, Softens Calluses, Tired Feet（3 Set Lavender)</p><p>$16.99 ($1.42 / Ounce)</p><a href="https://www.amazon.com/dp/B09JWMBYJN?tag=eloabder-20&linkCode=osi&th=1&psc=1">View Product</a></div>
<div class="product"><a href="https://www.amazon.com/dp/B07BHCB9Y2?tag=eloabder-20&linkCode=osi&th=1&psc=1"><img src="https://m.media-amazon.com/images/I/51V47D7WZ1L._SL500_.jpg" alt="Product Image"></a><p>PURA D'OR Anti-Thinning Biotin Shampoo & Deep Moisturizing Conditioner Original Gold Label Set (16Oz x2) Natural Earthy Scent, Clinically Tested Proven Results, DHT Blocker Thickening, For Women & Men</p><p>$39.99 ($1.25 / Fl Oz)</p><a href="https://www.amazon.com/dp/B07BHCB9Y2?tag=eloabder-20&linkCode=osi&th=1&psc=1">View Product</a></div><div class="product"><a href="https://www.amazon.com/dp/B07N7MWX72?tag=eloabder-20&linkCode=osi&th=1&psc=1"><img src="https://m.media-amazon.com/images/I/414aNTDFuRL._SL500_.jpg" alt="Product Image"></a><p>Mielle Organics Rosemary Mint Strengthening Shampoo Infused with Biotin, Cleanses and Helps Strengthen Weak and Brittle Hair, 12 Ounces</p><p>$9.97 ($0.83 / Fl Oz)</p><a href="https://www.amazon.com/dp/B07N7MWX72?tag=eloabder-20&linkCode=osi&th=1&psc=1">View Product</a></div><div class="product"><a href="https://www.amazon.com/dp/B08SSM21R4?tag=eloabder-20&linkCode=osi&th=1&psc=1"><img src="https://m.media-amazon.com/images/I/31WbRm+ZKEL._SL500_.jpg" alt="Product Image"></a><p>Redken All Soft Shampoo | Deeply Moisturizes and Hydrates | Softens, Smooths, and Adds Shine | Safe for Color-Treated Hair | Nourishing Shampoo for Dry Hair | With Argan Oil</p><p>$26.00 ($2.57 / Fl Oz)</p><a href="https://www.amazon.com/dp/B08SSM21R4?tag=eloabder-20&linkCode=osi&th=1&psc=1">View Product</a></div><div class="product"><a href="https://www.amazon.com/dp/B00ADRH2OM?tag=eloabder-20&linkCode=osi&th=1&psc=1"><img src="https://m.media-amazon.com/images/I/413WPcPNDbL._SL500_.jpg" alt="Product Image"></a><p>OGX Thick & Full + Biotin & Collagen Volumizing Shampoo, Nutrient-Infused Hair Shampoo with Vitamin B7 Biotin Gives Hair Volume & Body for 72+ Hours, Sulfate-Free Surfactants, 13 fl. oz</p><p>$6.97 ($0.54 / Fl Oz)</p><a href="https://www.amazon.com/dp/B00ADRH2OM?tag=eloabder-20&linkCode=osi&th=1&psc=1">View Product</a></div><div class="product"><a href="https://www.amazon.com/dp/B01ENCBOA0?tag=eloabder-20&linkCode=osi&th=1&psc=1"><img src="https://m.media-amazon.com/images/I/41wcbs9bSAL._SL500_.jpg" alt="Product Image"></a><p>Rosemary and Biotin Shampoo for Thinning Hair - Vegan Volumizing Shampoo for Fine Hair with Argan and Tea Tree Oil - Paraben Silicone and Sulfate Free Shampoo for Dry Damaged Weak and Thin Hair Care</p><p>$12.95 ($1.62 / Fl Oz)</p><a href="https://www.amazon.com/dp/B01ENCBOA0?tag=eloabder-20&linkCode=osi&th=1&psc=1">View Product</a></div><div class="product"><a href="https://www.amazon.com/dp/B00FH692PQ?tag=eloabder-20&linkCode=osi&th=1&psc=1"><img src="https://m.media-amazon.com/images/I/41Sqc25WpzL._SL500_.jpg" alt="Product Image"></a><p>PURA D'OR Original Gold Label Anti-Thinning Biotin Shampoo Natural Earthy Scent, Clinically Tested Proven Results, Herbal DHT Blocker Hair Thickening Products For Women & Men, Color Treated Hair, 16oz</p><p>$29.99 ($1.87 / Fl Oz)</p><a href="https://www.amazon.com/dp/B00FH692PQ?tag=eloabder-20&linkCode=osi&th=1&psc=1">View Product</a></div><div class="product"><a href="https://www.amazon.com/dp/B07D37PQGL?tag=eloabder-20&linkCode=osi&th=1&psc=1"><img src="https://m.media-amazon.com/images/I/31+tZhs5TNL._SL500_.jpg" alt="Product Image"></a><p>Olaplex No. 4 Bond Maintenance Shampoo, Repairs, Strengthens, & Nourishes All Hair Types, Adds Shine & Leaves Hair Feeling Soft, 8.5 fl oz</p><p>$30.00 ($3.53 / Fl Oz)</p><a href="https://www.amazon.com/dp/B07D37PQGL?tag=eloabder-20&linkCode=osi&th=1&psc=1">View Product</a></div><div class="product"><a href="https://www.amazon.com/dp/B07525QJC8?tag=eloabder-20&linkCode=osi&th=1&psc=1"><img src="https://m.media-amazon.com/images/I/31Zl6Upjq4S._SL500_.jpg" alt="Product Image"></a><p>L'Oreal Paris Elvive Total Repair 5 Repairing Shampoo for Damaged Hair Shampoo with Protein and Ceramide for Strong Silky Shiny Healthy Renewed Hair 28 Fl Oz</p><p>$7.68 ($0.27 / Fl Oz)</p><a href="https://www.amazon.com/dp/B07525QJC8?tag=eloabder-20&linkCode=osi&th=1&psc=1">View Product</a></div><div class="product"><a href="https://www.amazon.com/dp/B0098QPV3I?tag=eloabder-20&linkCode=osi&th=1&psc=1"><img src="https://m.media-amazon.com/images/I/31OzU+ogltL._SL500_.jpg" alt="Product Image"></a><p>Moroccanoil Hydrating Shampoo, 8.5 Fl. Oz.</p><p>$26.00 ($3.06 / Fl Oz)</p><a href="https://www.amazon.com/dp/B0098QPV3I?tag=eloabder-20&linkCode=osi&th=1&psc=1">View Product</a></div><div class="product"><a href="https://www.amazon.com/dp/B07HMK15G9?tag=eloabder-20&linkCode=osi&th=1&psc=1"><img src="https://m.media-amazon.com/images/I/31Tdk9qdj7L._SL500_.jpg" alt="Product Image"></a><p>Aveeno Fresh Greens Blend Natural Volumizing Shampoo, Cucumber, Rosemary, for Fine Hair, 12 fl oz</p><p>$8.12 ($0.68 / Ounce)</p><a href="https://www.amazon.com/dp/B07HMK15G9?tag=eloabder-20&linkCode=osi&th=1&psc=1">View Product</a></div>
<div class="product"><a href="https://www.amazon.com/dp/B0752CBW5T?tag=eloabder-20&linkCode=osi&th=1&psc=1"><img src="https://m.media-amazon.com/images/I/31-KMa7LAlS._SL500_.jpg" alt="Product Image"></a><p>L'Oreal Paris Elvive Total Repair 5 Repairing Conditioner for Damaged Hair Conditioner with Protein and Ceramide for Strong Silky Shiny Healthy Renewed Hair 28 Fl Oz</p><p>$8.49 ($0.30 / Fl Oz)</p><a href="https://www.amazon.com/dp/B0752CBW5T?tag=eloabder-20&linkCode=osi&th=1&psc=1">View Product</a></div><div class="product"><a href="https://www.amazon.com/dp/B07CLD17F5?tag=eloabder-20&linkCode=osi&th=1&psc=1"><img src="https://m.media-amazon.com/images/I/61hTHQjDOkL._SL500_.jpg" alt="Product Image"></a><p>Dove Ultra Care Conditioner Coconut & Hydration for Dry Hair Conditioner with Coconut Oil, Jojoba Oil & Sweet Almond Oil 25.4 oz</p><p>$7.49 ($0.29 / Fl Oz)</p><a href="https://www.amazon.com/dp/B07CLD17F5?tag=eloabder-20&linkCode=osi&th=1&psc=1">View Product</a></div><div class="product"><a href="https://www.amazon.com/dp/B0098QQ88U?tag=eloabder-20&linkCode=osi&th=1&psc=1"><img src="https://m.media-amazon.com/images/I/31kA4N9VngL._SL500_.jpg" alt="Product Image"></a><p>Moroccanoil Hydrating Conditioner, 8.5 Fl Oz</p><p>$26.00 ($3.10 / Fl Oz)</p><a href="https://www.amazon.com/dp/B0098QQ88U?tag=eloabder-20&linkCode=osi&th=1&psc=1">View Product</a></div><div class="product"><a href="https://www.amazon.com/dp/B07D37SBHF?tag=eloabder-20&linkCode=osi&th=1&psc=1"><img src="https://m.media-amazon.com/images/I/31ivDW-ouZL._SL500_.jpg" alt="Product Image"></a><p>Olaplex No. 5 Bond Maintenance Conditioner, Repairs, Strengthens, & Nourishes All Hair Types, Leaving Hair Feeling Soft & Adds Shine, 8.5 fl oz"</p><p>$30.00 ($3.53 / Fl Oz)</p><a href="https://www.amazon.com/dp/B07D37SBHF?tag=eloabder-20&linkCode=osi&th=1&psc=1">View Product</a></div><div class="product"><a href="https://www.amazon.com/dp/B07NR2B9HS?tag=eloabder-20&linkCode=osi&th=1&psc=1"><img src="https://m.media-amazon.com/images/I/51pWHfe9iNL._SL500_.jpg" alt="Product Image"></a><p>Aussie 3 Minute Miracle Moist Deep Conditioner for Dry Hair, Avocado & Jojoba Oil, Safe for Color Treated Hair, Nourishing Hydration, Silky Shine, Paraben-Free, 16 Fl Oz Each, Triple Pack</p><p>$20.97 ($0.44 / Fl Oz)</p><a href="https://www.amazon.com/dp/B07NR2B9HS?tag=eloabder-20&linkCode=osi&th=1&psc=1">View Product</a></div><div class="product"><a href="https://www.amazon.com/dp/B0891BBRHW?tag=eloabder-20&linkCode=osi&th=1&psc=1"><img src="https://m.media-amazon.com/images/I/31ndDwe7VSL._SL500_.jpg" alt="Product Image"></a><p>Pureology Hydrate Moisturizing Conditioner | Softens and Deeply Hydrates Dry Hair | For Medium to Thick Color Treated or Natural Hair | Sulfate Free Conditioner | Vegan</p><p>$37.00 ($4.11 / Fl Oz)</p><a href="https://www.amazon.com/dp/B0891BBRHW?tag=eloabder-20&linkCode=osi&th=1&psc=1">View Product</a></div><div class="product"><a href="https://www.amazon.com/dp/B00I32AN4K?tag=eloabder-20&linkCode=osi&th=1&psc=1"><img src="https://m.media-amazon.com/images/I/51KpmxinYYL._SL500_.jpg" alt="Product Image"></a><p>Arvazallia Hydrating Argan Oil Hair Mask and Deep Conditioner for Dry or Damaged Hair - 8.45 Oz</p><p>$12.95 ($1.53 / Fl Oz)</p><a href="https://www.amazon.com/dp/B00I32AN4K?tag=eloabder-20&linkCode=osi&th=1&psc=1">View Product</a></div><div class="product"><a href="https://www.amazon.com/dp/B092PVHFL3?tag=eloabder-20&linkCode=osi&th=1&psc=1"><img src="https://m.media-amazon.com/images/I/31v45qQhKOL._SL500_.jpg" alt="Product Image"></a><p>MONDAY HAIRCARE Moisture Conditioner 12oz for Dry, Coarse, Stressed, Coily and Curly Hair, Made from Coconut Oil, Rice Protein, Shea Butter, & Vitamin E, 100% Recyclable Bottles (350ml) (10434)</p><p>$6.97 ($0.58 / Fl Oz)</p><a href="https://www.amazon.com/dp/B092PVHFL3?tag=eloabder-20&linkCode=osi&th=1&psc=1">View Product</a></div><div class="product"><a href="https://www.amazon.com/dp/B00OVQO66S?tag=eloabder-20&linkCode=osi&th=1&psc=1"><img src="https://m.media-amazon.com/images/I/61S7x6GUaFL._SL500_.jpg" alt="Product Image"></a><p>SheaMoisture Conditioner Intensive Hydration for Dry, Damaged Hair Manuka Honey and Mafura Oil to Nourish and Soften Hair 13 oz</p><p>$9.68 ($0.74 / Fl Oz)</p><a href="https://www.amazon.com/dp/B00OVQO66S?tag=eloabder-20&linkCode=osi&th=1&psc=1">View Product</a></div><div class="product"><a href="https://www.amazon.com/dp/B08BTKN3P9?tag=eloabder-20&linkCode=osi&th=1&psc=1"><img src="https://m.media-amazon.com/images/I/41sjzOJHhiL._SL500_.jpg" alt="Product Image"></a><p>TRESemmé Conditioner Moisture Rich 3 Count for Dry Hair Professional Quality Salon-Healthy Look and Shine Moisture Rich Formulated with Vitamin E and Biotin 28 oz</p><p>$16.80 ($0.20 / Fl Oz)</p><a href="https://www.amazon.com/dp/B08BTKN3P9?tag=eloabder-20&linkCode=osi&th=1&psc=1">View Product</a></div>
<div class="product"><a href="https://www.amazon.com/dp/B01I2ZQJSG?tag=eloabder-20&linkCode=osi&th=1&psc=1"><img src="https://m.media-amazon.com/images/I/41ctrFUeQAL._SL500_.jpg" alt="Product Image"></a><p>Elizavecca cer-100 collagen coating hair protein treatment 100ml</p><p>$7.40 ($2.19 / Fl Oz)</p><a href="https://www.amazon.com/dp/B01I2ZQJSG?tag=eloabder-20&linkCode=osi&th=1&psc=1">View Product</a></div><div class="product"><a href="https://www.amazon.com/dp/B07H3GBSC3?tag=eloabder-20&linkCode=osi&th=1&psc=1"><img src="https://m.media-amazon.com/images/I/41I862UzKRL._SL500_.jpg" alt="Product Image"></a><p>amika soulfood nourishing Mask, 8 Fl oz</p><p>$34.00 ($4.25 / Fl Oz)</p><a href="https://www.amazon.com/dp/B07H3GBSC3?tag=eloabder-20&linkCode=osi&th=1&psc=1">View Product</a></div><div class="product"><a href="https://www.amazon.com/dp/B075L6BL61?tag=eloabder-20&linkCode=osi&th=1&psc=1"><img src="https://m.media-amazon.com/images/I/41zCFV7oGTL._SL500_.jpg" alt="Product Image"></a><p>Karseell Collagen Hair Treatment Deep Repair Conditioning Argan Oil Collagen Hair Mask Essence for Dry Damaged Hair All Hair Types 16.90 oz 500ml</p><p>$23.00 ($1.36 / Fl Oz)</p><a href="https://www.amazon.com/dp/B075L6BL61?tag=eloabder-20&linkCode=osi&th=1&psc=1">View Product</a></div><div class="product"><a href="https://www.amazon.com/dp/B07N7NBYSP?tag=eloabder-20&linkCode=osi&th=1&psc=1"><img src="https://m.media-amazon.com/images/I/515lD0OXQ+L._SL500_.jpg" alt="Product Image"></a><p>Mielle Organics Rosemary Mint Strengthening Hair Masque, Essential Oil & Biotin Deep Treatment, Miracle Repair for Dry, Damaged, & Frizzy Hair, 12 Ounces</p><p>$9.97 ($0.83 / Ounce)</p><a href="https://www.amazon.com/dp/B07N7NBYSP?tag=eloabder-20&linkCode=osi&th=1&psc=1">View Product</a></div><div class="product"><a href="https://www.amazon.com/dp/B0BQ54DQNM?tag=eloabder-20&linkCode=osi&th=1&psc=1"><img src="https://m.media-amazon.com/images/I/41uhtWPJeuL._SL500_.jpg" alt="Product Image"></a><p>Eva NYC Therapy Session Hair Mask, Deep Conditioning Hair Mask Infused with Argan Oil and Plant Protein, 16.9 fl oz</p><p>$19.00 ($1.12 / Fl Oz)</p><a href="https://www.amazon.com/dp/B0BQ54DQNM?tag=eloabder-20&linkCode=osi&th=1&psc=1">View Product</a></div><div class="product"><a href="https://www.amazon.com/dp/B09HR5KSR8?tag=eloabder-20&linkCode=osi&th=1&psc=1"><img src="https://m.media-amazon.com/images/I/51aIw6AhsXL._SL500_.jpg" alt="Product Image"></a><p>K18 Mini Leave-In Molecular Hair Mask, Repairs Dry or Damaged Hair, Reverse Hair Damage from Bleach, Color, Chemical Services & Heat, 0.51 Fl Oz</p><p>$29.00 ($56.86 / Fl Oz)</p><a href="https://www.amazon.com/dp/B09HR5KSR8?tag=eloabder-20&linkCode=osi&th=1&psc=1">View Product</a></div><div class="product"><a href="https://www.amazon.com/dp/B07M7PP9KX?tag=eloabder-20&linkCode=osi&th=1&psc=1"><img src="https://m.media-amazon.com/images/I/41Mpv3wIxEL._SL500_.jpg" alt="Product Image"></a><p>Marc Anthony Grow Long Hair Anti-Breakage Mask, 10.4 OZ</p><p>$8.99 ($0.90 / Fl Oz)</p><a href="https://www.amazon.com/dp/B07M7PP9KX?tag=eloabder-20&linkCode=osi&th=1&psc=1">View Product</a></div>
<div class="product"><a href="https://www.amazon.com/dp/B00BC3YL2W?tag=eloabder-20&linkCode=osi&th=1&psc=1"><img src="https://m.media-amazon.com/images/I/31OKo9u6V4L._SL500_.jpg" alt="Product Image"></a><p>HerStyler Hair Repair Serum - Argan Oil, Vitamin E and Aloe Vera Hair Serum for Frizz Control, Shine and Straightening - Coz Love is in the Hair - 2 Fl. Oz., 60 Ml</p><p>$9.99 ($5.00 / Fl Oz)</p><a href="https://www.amazon.com/dp/B00BC3YL2W?tag=eloabder-20&linkCode=osi&th=1&psc=1">View Product</a></div><div class="product"><a href="https://www.amazon.com/dp/B08N9L6C93?tag=eloabder-20&linkCode=osi&th=1&psc=1"><img src="https://m.media-amazon.com/images/I/3184fIylDmL._SL500_.jpg" alt="Product Image"></a><p>Paul Mitchell Super Skinny Serum, Speeds Up Drying Time, Humidity Resistant, For Frizzy Hair, 5.1 fl. oz.</p><p>$28.50 ($5.59 / Fl Oz)</p><a href="https://www.amazon.com/dp/B08N9L6C93?tag=eloabder-20&linkCode=osi&th=1&psc=1">View Product</a></div><div class="product"><a href="https://www.amazon.com/dp/B081JHTPKP?tag=eloabder-20&linkCode=osi&th=1&psc=1"><img src="https://m.media-amazon.com/images/I/31+F0Qz4RUL._SL500_.jpg" alt="Product Image"></a><p>Mise En Scene Perfect Serum Original - Hair Oil for Frizzy & Dry Hair, Hydration and Nutrition Hair Essence for Damage Care, Floral Fragrance, Korean Hair Care Product, Korean Hair Serum 2.71 Fl. Oz.</p><p>$11.20 ($4.15 / Fl Oz)</p><a href="https://www.amazon.com/dp/B081JHTPKP?tag=eloabder-20&linkCode=osi&th=1&psc=1">View Product</a></div><div class="product"><a href="https://www.amazon.com/dp/B09WMT8HYB?tag=eloabder-20&linkCode=osi&th=1&psc=1"><img src="https://m.media-amazon.com/images/I/31poyY3nFGL._SL500_.jpg" alt="Product Image"></a><p>Hair Growth Serum for Men and Women- Vegan Hair Growth Serum Designed for Thinning Hair & Hair Loss- 1 Month-60ml</p><p>$23.40 ($11.70 / Fl Oz)</p><a href="https://www.amazon.com/dp/B09WMT8HYB?tag=eloabder-20&linkCode=osi&th=1&psc=1">View Product</a></div><div class="product"><a href="https://www.amazon.com/dp/B0CJ7ZVDZR?tag=eloabder-20&linkCode=osi&th=1&psc=1"><img src="https://m.media-amazon.com/images/I/51bMtBk0LHL._SL500_.jpg" alt="Product Image"></a><p>MAREE Hair Styling Serum for Frizzy & Dry Hair - Keratin Styling & Moisturizing Oil Capsules with Avocado, Jojoba & Argan Oil - Leave-in Anti Frizz Conditioner with Vitamins A, C, E & B5-30 Capsules</p><p>$17.95 ($5.61 / Fl Oz)</p><a href="https://www.amazon.com/dp/B0CJ7ZVDZR?tag=eloabder-20&linkCode=osi&th=1&psc=1">View Product</a></div><div class="product"><a href="https://www.amazon.com/dp/B07GSZYLGJ?tag=eloabder-20&linkCode=osi&th=1&psc=1"><img src="https://m.media-amazon.com/images/I/41e6dzzvKtL._SL500_.jpg" alt="Product Image"></a><p>HUSSELL Bali Secret Hair Treatment Serum - no Rinse with Argan Macadamia & Avocado Oils - Vitamins A, E, Pro B5 - Conditioner for Women & Men</p><p>$24.75 ($0.62 / Fl Oz)</p><a href="https://www.amazon.com/dp/B07GSZYLGJ?tag=eloabder-20&linkCode=osi&th=1&psc=1">View Product</a></div><div class="product"><a href="https://www.amazon.com/dp/B000P9DS4Q?tag=eloabder-20&linkCode=osi&th=1&psc=1"><img src="https://m.media-amazon.com/images/I/31m7be8mSHL._SL500_.jpg" alt="Product Image"></a><p>John Frieda Anti Frizz, Frizz Ease Extra Strength Hair Serum with Argan Oil, Anti-Humidity Spray for Hair, Nourishing Treatment for Thick, Coarse Hair, 1.69 Oz</p><p>$10.05 ($5.95 / Fl Oz)</p><a href="https://www.amazon.com/dp/B000P9DS4Q?tag=eloabder-20&linkCode=osi&th=1&psc=1">View Product</a></div><div class="product"><a href="https://www.amazon.com/dp/B01456DJ66?tag=eloabder-20&linkCode=osi&th=1&psc=1"><img src="https://m.media-amazon.com/images/I/41hciQXaA0L._SL500_.jpg" alt="Product Image"></a><p>Vitamins Keratin Protein Hair Serum - Anti Frizz Control Hair Oil Repair Treatment - Hair Gloss Shine & Heat Protectant for Frizzy Dry Damaged Hair</p><p>$21.98 ($5.17 / Fl Oz)</p><a href="https://www.amazon.com/dp/B01456DJ66?tag=eloabder-20&linkCode=osi&th=1&psc=1">View Product</a></div>
<div class="product"><a href="https://www.amazon.com/dp/B07VR1NDSQ?tag=eloabder-20&linkCode=osi&th=1&psc=1"><img src="https://m.media-amazon.com/images/I/41z5MLqbvaL._SL500_.jpg" alt="Product Image"></a><p>Olaplex No. 7 Bonding Oil, Concentrated High Shine Oil, Heat Protectant, Visibly Smooths & Softens Hair, Added Color Vibrancy, Up to 72 Hour Frizz Control, For All Hair Types, 1 fl oz</p><p>$30.00 ($29.70 / Fl Oz)</p><a href="https://www.amazon.com/dp/B07VR1NDSQ?tag=eloabder-20&linkCode=osi&th=1&psc=1">View Product</a></div><div class="product"><a href="https://www.amazon.com/dp/B07N7PK9QK?tag=eloabder-20&linkCode=osi&th=1&psc=1"><img src="https://m.media-amazon.com/images/I/416K3ahcJsL._SL500_.jpg" alt="Product Image"></a><p>Mielle Organics Rosemary Mint Scalp & Hair Strengthening Oil for All Hair Types, 2 Ounce</p><p>$9.50 ($4.75 / Fl Oz)</p><a href="https://www.amazon.com/dp/B07N7PK9QK?tag=eloabder-20&linkCode=osi&th=1&psc=1">View Product</a></div><div class="product"><a href="https://www.amazon.com/dp/B0048EZNR4?tag=eloabder-20&linkCode=osi&th=1&psc=1"><img src="https://m.media-amazon.com/images/I/41TwEUHYLCL._SL500_.jpg" alt="Product Image"></a><p>OGX Renewing + Argan Oil of Morocco Penetrating Hair Oil Treatment, Moisturizing & Strengthening Silky Oil for All Hair Types, Paraben-Free, Sulfated-Surfactants Free, 3.3 fl oz</p><p>$7.97 ($2.42 / Fl Oz)</p><a href="https://www.amazon.com/dp/B0048EZNR4?tag=eloabder-20&linkCode=osi&th=1&psc=1">View Product</a></div><div class="product"><a href="https://www.amazon.com/dp/B01MFXDAL8?tag=eloabder-20&linkCode=osi&th=1&psc=1"><img src="https://m.media-amazon.com/images/I/314VC8Iug2L._SL500_.jpg" alt="Product Image"></a><p>OUAI Hair Oil - Hair Heat Protectant Oil for Frizz Control - Adds Hair Shine and Smooths Split Ends - Color Safe Formula - Paraben, Phthalate and Sulfate Free (1.5 oz)</p><p>$30.00 ($20.00 / Fl Oz)</p><a href="https://www.amazon.com/dp/B01MFXDAL8?tag=eloabder-20&linkCode=osi&th=1&psc=1">View Product</a></div><div class="product"><a href="https://www.amazon.com/dp/B005DYJZ7M?tag=eloabder-20&linkCode=osi&th=1&psc=1"><img src="https://m.media-amazon.com/images/I/51NE8LO8FaL._SL500_.jpg" alt="Product Image"></a><p>OGX Extra Strength Argan Oil Hair Treatment, 3.3 fl oz - Deep Moisturizing Serum for Dry, Damaged & Coarse Hair, Paraben & Sulfate-Free</p><p>$7.97 ($2.42 / Fl Oz)</p><a href="https://www.amazon.com/dp/B005DYJZ7M?tag=eloabder-20&linkCode=osi&th=1&psc=1">View Product</a></div><div class="product"><a href="https://www.amazon.com/dp/B000V8MTIC?tag=eloabder-20&linkCode=osi&th=1&psc=1"><img src="https://m.media-amazon.com/images/I/41Y-cvRBYHL._SL500_.jpg" alt="Product Image"></a><p>Wild Growth Hair Oil 4 Oz</p><p>$9.44 ($2.36 / Fl Oz)</p><a href="https://www.amazon.com/dp/B000V8MTIC?tag=eloabder-20&linkCode=osi&th=1&psc=1">View Product</a></div><div class="product"><a href="https://www.amazon.com/dp/B0CNFF26B4?tag=eloabder-20&linkCode=osi&th=1&psc=1"><img src="https://m.media-amazon.com/images/I/61IXl4BycFL._SL500_.jpg" alt="Product Image"></a><p>Nexxus Ultra Lightweight Hair Oil Repair & Nourish for Intense Nourishment with StyleProtect Technology & Rose of Jericho Oil 4 oz</p><p>$13.18 ($3.99 / Fl Oz)</p><a href="https://www.amazon.com/dp/B0CNFF26B4?tag=eloabder-20&linkCode=osi&th=1&psc=1">View Product</a></div><div class="product"><a href="https://www.amazon.com/dp/B0D2RSCZBD?tag=eloabder-20&linkCode=osi&th=1&psc=1"><img src="https://m.media-amazon.com/images/I/41YHvQncEYL._SL500_.jpg" alt="Product Image"></a><p>Botanic Hearth 100% Pure Rosemary Oil For Hair Growth Infused With Biotin | Hair strengthening Treatment | Nourishing & Volumizing | With Jojoba Oil & Castor Oil | Non GMO Verified | 2 fl oz</p><p>$8.49 ($4.24 / Fl Oz)</p><a href="https://www.amazon.com/dp/B0D2RSCZBD?tag=eloabder-20&linkCode=osi&th=1&psc=1">View Product</a></div>
<div class="product"><a href="https://www.amazon.com/dp/B076FHJ3K5?tag=eloabder-20&linkCode=osi&th=1&psc=1"><img src="https://m.media-amazon.com/images/I/31QAqxeYpoL._SL500_.jpg" alt="Product Image"></a><p>Marc Anthony Leave-In Conditioner Spray & Detangler, Grow Long Biotin - Anti-Frizz Deep Conditioner For Split Ends & Breakage - Vitamin E, Caffeine & Ginseng for Curly, Dry & Damaged Hair</p><p>$7.67 ($0.91 / Fl Oz)</p><a href="https://www.amazon.com/dp/B076FHJ3K5?tag=eloabder-20&linkCode=osi&th=1&psc=1">View Product</a></div><div class="product"><a href="https://www.amazon.com/dp/B078PJCVSQ?tag=eloabder-20&linkCode=osi&th=1&psc=1"><img src="https://m.media-amazon.com/images/I/41emTjMLCbL._SL500_.jpg" alt="Product Image"></a><p>Garnier Fructis Sleek & Shine Leave-In Conditioning Cream for Frizzy, Dry Hair, Plant Keratin + Argan Oil, 10.2 Fl Oz, 2 Count (Packaging May Vary)</p><p>$8.69 ($4.34 / Count)</p><a href="https://www.amazon.com/dp/B078PJCVSQ?tag=eloabder-20&linkCode=osi&th=1&psc=1">View Product</a></div><div class="product"><a href="https://www.amazon.com/dp/B075PTHVKN?tag=eloabder-20&linkCode=osi&th=1&psc=1"><img src="https://m.media-amazon.com/images/I/41er29CRVVL._SL500_.jpg" alt="Product Image"></a><p>Mielle Organics Pomegranate & Honey Leave-In Conditioner, Moisturizing Curl Primer and Detangler, Repair Damage and Prevent Frizz, Treatment For Thick Curly Hair Type 4 Hair, 12-Fluid Ounces</p><p>$12.95 ($1.08 / Fl Oz)</p><a href="https://www.amazon.com/dp/B075PTHVKN?tag=eloabder-20&linkCode=osi&th=1&psc=1">View Product</a></div><div class="product"><a href="https://www.amazon.com/dp/B0BPR45NX4?tag=eloabder-20&linkCode=osi&th=1&psc=1"><img src="https://m.media-amazon.com/images/I/41ZvxMh2+ML._SL500_.jpg" alt="Product Image"></a><p>Mielle Organics Rosemary Mint Strengthening Leave-In Conditioner, Supports Hair Strength, Smooth Conditioner for Dry and Crinkled Hair, Weightless Hair Treatment</p><p>$9.97 ($0.83 / Fl Oz)</p><a href="https://www.amazon.com/dp/B0BPR45NX4?tag=eloabder-20&linkCode=osi&th=1&psc=1">View Product</a></div><div class="product"><a href="https://www.amazon.com/dp/B0899C98ZD?tag=eloabder-20&linkCode=osi&th=1&psc=1"><img src="https://m.media-amazon.com/images/I/3140FuOEnHL._SL500_.jpg" alt="Product Image"></a><p>Pureology Color Fanatic Leave-in Conditioner Hair Treatment Detangler Spray | Protects Hair Color From Fading | Heat Protectant | Vegan | 6.7 Fl Oz</p><p>$35.00 ($5.22 / Fl Oz)</p><a href="https://www.amazon.com/dp/B0899C98ZD?tag=eloabder-20&linkCode=osi&th=1&psc=1">View Product</a></div><div class="product"><a href="https://www.amazon.com/dp/B002FJ11UW?tag=eloabder-20&linkCode=osi&th=1&psc=1"><img src="https://m.media-amazon.com/images/I/31-cZPtTWFL._SL500_.jpg" alt="Product Image"></a><p>Tea Tree Hair and Body Moisturizer Leave-In Conditioner, Body Lotion, After-Shave Cream, For All Hair + Skin Types, 10.14 fl. oz.</p><p>$22.00 ($2.17 / Fl Oz)</p><a href="https://www.amazon.com/dp/B002FJ11UW?tag=eloabder-20&linkCode=osi&th=1&psc=1">View Product</a></div><div class="product"><a href="https://www.amazon.com/dp/B07B895KND?tag=eloabder-20&linkCode=osi&th=1&psc=1"><img src="https://m.media-amazon.com/images/I/21VKaJcT2wL._SL500_.jpg" alt="Product Image"></a><p>OUAI Leave In Conditioner & Heat Protectant Spray - Prime Hair for Style, Smooth Flyaways, Add Shine and Use as Detangling Spray - No Parabens, Sulfates or Phthalates (4.7 oz)</p><p>$29.99 ($6.38 / Ounce)</p><a href="https://www.amazon.com/dp/B07B895KND?tag=eloabder-20&linkCode=osi&th=1&psc=1">View Product</a></div><div class="product"><a href="https://www.amazon.com/dp/B09HN5ZF8C?tag=eloabder-20&linkCode=osi&th=1&psc=1"><img src="https://m.media-amazon.com/images/I/31p+j7QXuqL._SL500_.jpg" alt="Product Image"></a><p>L’Oréal Paris Sulfate Free Moisture 21-in-1 Leave-In Conditioner for Dry Hair, EverPure, 6.8 fl oz (Packaging May Vary)</p><p>$9.97 ($1.47 / Fl Oz)</p><a href="https://www.amazon.com/dp/B09HN5ZF8C?tag=eloabder-20&linkCode=osi&th=1&psc=1">View Product</a></div><div class="product"><a href="https://www.amazon.com/dp/B07NQLWYXW?tag=eloabder-20&linkCode=osi&th=1&psc=1"><img src="https://m.media-amazon.com/images/I/61gQFsuQ1DL._SL500_.jpg" alt="Product Image"></a><p>SheaMoisture Jamaican Black Castor Oil Leave In Conditioner For Damaged Hair 100% Pure Jamaican Black Castor Oil To Soften And Detangle Hair 11.5oz</p><p>$10.97 ($0.95 / Ounce)</p><a href="https://www.amazon.com/dp/B07NQLWYXW?tag=eloabder-20&linkCode=osi&th=1&psc=1">View Product</a></div><div class="product"><a href="https://www.amazon.com/dp/B01LTIAUAG?tag=eloabder-20&linkCode=osi&th=1&psc=1"><img src="https://m.media-amazon.com/images/I/414cIBskUjL._SL500_.jpg" alt="Product Image"></a><p>Cantu Leave-In Conditioning Repair Cream with Argan Oil, 16 oz (Packaging May Vary)</p><p>$6.48 ($0.40 / Ounce)</p><a href="https://www.amazon.com/dp/B01LTIAUAG?tag=eloabder-20&linkCode=osi&th=1&psc=1">View Product</a></div>
<div class="product"><a href="https://www.amazon.com/dp/B00ID1A5TO?tag=eloabder-20&linkCode=osi&th=1&psc=1"><img src="https://m.media-amazon.com/images/I/31QKv7QMILL._SL500_.jpg" alt="Product Image"></a><p>L'Oréal Paris Advanced Hairstyle Sleek It Iron Straight Heat Spray, 5.7 Ounce</p><p>$6.97 ($1.22 / Fl Oz)</p><a href="https://www.amazon.com/dp/B00ID1A5TO?tag=eloabder-20&linkCode=osi&th=1&psc=1">View Product</a></div><div class="product"><a href="https://www.amazon.com/dp/B075FBD7CM?tag=eloabder-20&linkCode=osi&th=1&psc=1"><img src="https://m.media-amazon.com/images/I/31DT9mg1TBL._SL500_.jpg" alt="Product Image"></a><p>Moroccanoil Perfect Defense Heat Protectant, 6 Fl. Oz.</p><p>$30.00 ($5.00 / Ounce)</p><a href="https://www.amazon.com/dp/B075FBD7CM?tag=eloabder-20&linkCode=osi&th=1&psc=1">View Product</a></div><div class="product"><a href="https://www.amazon.com/dp/B004452DPM?tag=eloabder-20&linkCode=osi&th=1&psc=1"><img src="https://m.media-amazon.com/images/I/31+Syj8lOHL._SL500_.jpg" alt="Product Image"></a><p>CHI 44 Iron Guard Thermal Protection Spray, Nourishing Formula Helps Resist Heat Damage to Hair & Tame Frizz, 2 Oz</p><p>$6.99 ($3.50 / Fl Oz)</p><a href="https://www.amazon.com/dp/B004452DPM?tag=eloabder-20&linkCode=osi&th=1&psc=1">View Product</a></div><div class="product"><a href="https://www.amazon.com/dp/B0752KMDQB?tag=eloabder-20&linkCode=osi&th=1&psc=1"><img src="https://m.media-amazon.com/images/I/31kygOyDdnL._SL500_.jpg" alt="Product Image"></a><p>Mielle Mongongo Oil Thermal & Heat Protectant Spray, Protects Hair from Heat Damage, Intense Heat Defense, Curl Pattern Protection, Safe for All Hair Types, 4 Ounce</p><p>$9.97 ($2.49 / Fl Oz)</p><a href="https://www.amazon.com/dp/B0752KMDQB?tag=eloabder-20&linkCode=osi&th=1&psc=1">View Product</a></div><div class="product"><a href="https://www.amazon.com/dp/B06XFVBVQ5?tag=eloabder-20&linkCode=osi&th=1&psc=1"><img src="https://m.media-amazon.com/images/I/31kIW3-nG0L._SL500_.jpg" alt="Product Image"></a><p>Eva NYC Mane Magic 10-in-1 Primer, Heat Protectant for Hair, Infused with Sunflower Seed and Argan Oil for Hair, Sulfate, Paraben & Phthalate Free, 5.4 fl oz</p><p>$12.57 ($2.33 / Fl Oz)</p><a href="https://www.amazon.com/dp/B06XFVBVQ5?tag=eloabder-20&linkCode=osi&th=1&psc=1">View Product</a></div><div class="product"><a href="https://www.amazon.com/dp/B08HDS8GW1?tag=eloabder-20&linkCode=osi&th=1&psc=1"><img src="https://m.media-amazon.com/images/I/317MYEuzMbS._SL500_.jpg" alt="Product Image"></a><p>L'Oreal Paris Elvive Dream Lengths Heat Slayer Pre-Iron Spray Leave-In, 4.4 Ounce</p><p>$7.97 ($1.81 / Fl Oz)</p><a href="https://www.amazon.com/dp/B08HDS8GW1?tag=eloabder-20&linkCode=osi&th=1&psc=1">View Product</a></div><div class="product"><a href="https://www.amazon.com/dp/B0CX6M8B71?tag=eloabder-20&linkCode=osi&th=1&psc=1"><img src="https://m.media-amazon.com/images/I/21VMI5jkDHL._SL500_.jpg" alt="Product Image"></a><p>Hairitage Heat Protectant Spray - Up to 450 Degree Protection + Hydrates + Strengthens Hair - For All Hair Types</p><p>$8.94 ($1.49 / Fl Oz)</p><a href="https://www.amazon.com/dp/B0CX6M8B71?tag=eloabder-20&linkCode=osi&th=1&psc=1">View Product</a></div><div class="product"><a href="https://www.amazon.com/dp/B07H3GCMFG?tag=eloabder-20&linkCode=osi&th=1&psc=1"><img src="https://m.media-amazon.com/images/I/41OXeqapQaL._SL500_.jpg" alt="Product Image"></a><p>amika blockade heat defense serum , 1.69 Fl Oz (Pack of 1)</p><p>$28.00 ($16.47 / Ounce)</p><a href="https://www.amazon.com/dp/B07H3GCMFG?tag=eloabder-20&linkCode=osi&th=1&psc=1">View Product</a></div><div class="product"><a href="https://www.amazon.com/dp/B07HCMHVCW?tag=eloabder-20&linkCode=osi&th=1&psc=1"><img src="https://m.media-amazon.com/images/I/315xZEjPlJS._SL500_.jpg" alt="Product Image"></a><p>Drybar Hot Toddy Heat Protectant Mist Blanc Scent - Full Size| Lightweight Heat Protectant for Hair protects from Heat & Styling with Curling, Straightening and Styling Irons</p><p>$29.00 ($6.30 / Ounce)</p><a href="https://www.amazon.com/dp/B07HCMHVCW?tag=eloabder-20&linkCode=osi&th=1&psc=1">View Product</a></div><div class="product"><a href="https://www.amazon.com/dp/B0CN9N41R2?tag=eloabder-20&linkCode=osi&th=1&psc=1"><img src="https://m.media-amazon.com/images/I/61Y+AIRsnNL._SL500_.jpg" alt="Product Image"></a><p>Nexxus Heat Defense Spray Prep & Protect for 450 degree heat protection, with StyleProtect Technology 6 oz</p><p>$13.64 ($2.27 / Fl Oz)</p><a href="https://www.amazon.com/dp/B0CN9N41R2?tag=eloabder-20&linkCode=osi&th=1&psc=1">View Product</a></div>
<div class="product"><a href="https://www.amazon.com/dp/B000YACKO0?tag=eloabder-20&linkCode=osi&th=1&psc=1"><img src="https://m.media-amazon.com/images/I/21G1pDllGdL._SL500_.jpg" alt="Product Image"></a><p>Kenra Professional Volume Spray 25 50% | Super Hold Finishing & Styling Hairspray | Flake-free & Fast-drying | Wind & Humidity Resistance | All Hair Types | 10 oz</p><p>$22.00 ($2.20 / Ounce)</p><a href="https://www.amazon.com/dp/B000YACKO0?tag=eloabder-20&linkCode=osi&th=1&psc=1">View Product</a></div><div class="product"><a href="https://www.amazon.com/dp/B0010OKF7S?tag=eloabder-20&linkCode=osi&th=1&psc=1"><img src="https://m.media-amazon.com/images/I/21jbVg5zztL._SL500_.jpg" alt="Product Image"></a><p>Sebastian Professional Shaper 55%, Medium Hold Hairspray, 10.6 oz</p><p>$29.99 ($2.83 / Ounce)</p><a href="https://www.amazon.com/dp/B0010OKF7S?tag=eloabder-20&linkCode=osi&th=1&psc=1">View Product</a></div><div class="product"><a href="https://www.amazon.com/dp/B0CGRY5YJB?tag=eloabder-20&linkCode=osi&th=1&psc=1"><img src="https://m.media-amazon.com/images/I/61q0MszNOVL._SL500_.jpg" alt="Product Image"></a><p>TRESemmé Anti-Frizz Finishing Spray Keratin Smooth for a Flexible Hold, Weightless, 7 oz</p><p>$6.98 ($1.00 / Fl Oz)</p><a href="https://www.amazon.com/dp/B0CGRY5YJB?tag=eloabder-20&linkCode=osi&th=1&psc=1">View Product</a></div><div class="product"><a href="https://www.amazon.com/dp/B0872ZWJH2?tag=eloabder-20&linkCode=osi&th=1&psc=1"><img src="https://m.media-amazon.com/images/I/31O-aS4LJ+L._SL500_.jpg" alt="Product Image"></a><p>SexyHair Big Spray & Play Volumizing Hairspray, 10 Oz | Hold and Shine | Up to 72 Hour Humidity Resistance | All Hair Types</p><p>$21.94 ($2.19 / Ounce)</p><a href="https://www.amazon.com/dp/B0872ZWJH2?tag=eloabder-20&linkCode=osi&th=1&psc=1">View Product</a></div><div class="product"><a href="https://www.amazon.com/dp/B000GFWIOU?tag=eloabder-20&linkCode=osi&th=1&psc=1"><img src="https://m.media-amazon.com/images/I/31X7tgfzxQL._SL500_.jpg" alt="Product Image"></a><p>Nexxus Flexible Hold Hairspray Comb Thru for a Lightweight, Brushable Hold, with StyleProtect Technology 10 oz</p><p>$15.98 ($1.60 / Ounce)</p><a href="https://www.amazon.com/dp/B000GFWIOU?tag=eloabder-20&linkCode=osi&th=1&psc=1">View Product</a></div><div class="product"><a href="https://www.amazon.com/dp/B002RS6JSA?tag=eloabder-20&linkCode=osi&th=1&psc=1"><img src="https://m.media-amazon.com/images/I/31+Y7rEXSrL._SL500_.jpg" alt="Product Image"></a><p>CHI 44 Iron Guard Thermal Protection Spray, Nourishing Formula Helps Resist Heat Damage to Hair & Tame Frizz, Clear, 8 Oz</p><p>$13.99 ($1.75 / Fl Oz)</p><a href="https://www.amazon.com/dp/B002RS6JSA?tag=eloabder-20&linkCode=osi&th=1&psc=1">View Product</a></div>

<div class="product"><a href="https://www.amazon.com/dp/B08GSTPT8Y?tag=eloabder-20&linkCode=osi&th=1&psc=1"><img src="https://m.media-amazon.com/images/I/41sX+hKcbML._SL500_.jpg" alt="Product Image"></a><p>AOA Studio Collection makeup Sponge Set Latex Free and High-definition Set of 6 makeup Wonder blender For Powder Cream and Liquid, Super Soft Wonder Beauty Cosmetic</p><p>$9.95 ($1.66 / Count)</p><a href="https://www.amazon.com/dp/B08GSTPT8Y?tag=eloabder-20&linkCode=osi&th=1&psc=1">View Product</a></div><div class="product"><a href="https://www.amazon.com/dp/B0CJFFR574?tag=eloabder-20&linkCode=osi&th=1&psc=1"><img src="https://m.media-amazon.com/images/I/41nkQ05yLcL._SL500_.jpg" alt="Product Image"></a><p>SUNGBOON EDITOR Deep Collagen Overnight Mask 37gx4ea | The real collagen 2,160,000ppb | Facial Hydrogel Masks with low molecular weight collagen for elasticity, firming, and moisturizing</p><p>$19.00 ($4.75 / Count)</p><a href="https://www.amazon.com/dp/B0CJFFR574?tag=eloabder-20&linkCode=osi&th=1&psc=1">View Product</a></div><div class="product"><a href="https://www.amazon.com/dp/B0C4H1GPG1?tag=eloabder-20&linkCode=osi&th=1&psc=1"><img src="https://m.media-amazon.com/images/I/41jyzyKyY2L._SL500_.jpg" alt="Product Image"></a><p>BEAKEY Latex Free Blender Makeup Sponge for Blending, Pink Makeup Sponge Set, Soft Beauty Sponge, for Flawless Application of Liquid, Cream, and Powder Cosmetics, Pink Makeup Gifts</p><p>$6.99 ($1.40 / Count)</p><a href="https://www.amazon.com/dp/B0C4H1GPG1?tag=eloabder-20&linkCode=osi&th=1&psc=1">View Product</a></div><div class="product"><a href="https://www.amazon.com/dp/B0B45LL4DD?tag=eloabder-20&linkCode=osi&th=1&psc=1"><img src="https://m.media-amazon.com/images/I/31ZNIWikbtL._SL500_.jpg" alt="Product Image"></a><p>Beauty of Joseon Revive Eye Serum with Retinal Niacinamide Correction for Puffy Eye Bags Fine Lines Dark Circles Wrinkles, Korean Skin Care 30ml, 1 fl.oz</p><p>$14.93 ($14.93 / Fl Oz)</p><a href="https://www.amazon.com/dp/B0B45LL4DD?tag=eloabder-20&linkCode=osi&th=1&psc=1">View Product</a></div><div class="product"><a href="https://www.amazon.com/dp/B00PBX3L7K?tag=eloabder-20&linkCode=osi&th=1&psc=1"><img src="https://m.media-amazon.com/images/I/31OiAm-FA8L._SL500_.jpg" alt="Product Image"></a><p>COSRX Snail Mucin 96% Power Repairing Essence 3.38 fl.oz 100ml, Hydrating Serum for Face with Snail Secretion Filtrate for Dull Skin & Fine Lines, Korean Skincare</p><p>$14.50 ($4.29 / Fl Oz)</p><a href="https://www.amazon.com/dp/B00PBX3L7K?tag=eloabder-20&linkCode=osi&th=1&psc=1">View Product</a></div><div class="product"><a href="https://www.amazon.com/dp/B00QPNVC0I?tag=eloabder-20&linkCode=osi&th=1&psc=1"><img src="https://m.media-amazon.com/images/I/31wV3gYUEpL._SL500_.jpg" alt="Product Image"></a><p>Real Techniques Miracle Complexion Sponge Set Duo, 2 Makeup Sponges For Liquid & Cream Makeup, Makeup Blender Sponge For Buildable Coverage, Foundation Sponge For Natural, Dewy Base, Latex-Free Foam</p><p>$7.69 ($3.84 / Count)</p><a href="https://www.amazon.com/dp/B00QPNVC0I?tag=eloabder-20&linkCode=osi&th=1&psc=1">View Product</a></div><div class="product"><a href="https://www.amazon.com/dp/B0CZYJYX4Q?tag=eloabder-20&linkCode=osi&th=1&psc=1"><img src="https://m.media-amazon.com/images/I/31hNatkE-9L._SL500_.jpg" alt="Product Image"></a><p>LANEIGE Lip Glowy Balm Mango: Hydrate, Glossy, Lightweight, Moisturize & Tint with Shea Butter</p><p>$19.00 ($54.29 / Ounce)</p><a href="https://www.amazon.com/dp/B0CZYJYX4Q?tag=eloabder-20&linkCode=osi&th=1&psc=1">View Product</a></div><div class="product"><a href="https://www.amazon.com/dp/B0CXQR14J3?tag=eloabder-20&linkCode=osi&th=1&psc=1"><img src="https://m.media-amazon.com/images/I/31RRaB6c+JL._SL500_.jpg" alt="Product Image"></a><p>e.l.f. Power Grip Dewy Setting Spray, Ultra Fine Mist Made With Hyaluronic Acid, Grips Makeup For A Hydrated, Dewy Finish, Vegan & Cruelty-Free</p><p>$10.00 ($3.70 / Fl Oz)</p><a href="https://www.amazon.com/dp/B0CXQR14J3?tag=eloabder-20&linkCode=osi&th=1&psc=1">View Product</a></div><div class="product"><a href="https://www.amazon.com/dp/B0CZF2T7CK?tag=eloabder-20&linkCode=osi&th=1&psc=1"><img src="https://m.media-amazon.com/images/I/41nBLpIw8wL._SL500_.jpg" alt="Product Image"></a><p>L'Oreal Paris Infallible 3-Second Setting Spray Mist, Microfine Mist for up to 36HR Wear, Clear, 1.76 Fl Oz</p><p>$10.98</p><a href="https://www.amazon.com/dp/B0CZF2T7CK?tag=eloabder-20&linkCode=osi&th=1&psc=1">View Product</a></div>
<div class="product"><a href="https://www.amazon.com/dp/B0D3JDYWZ6?tag=eloabder-20&linkCode=osi&th=1&psc=1"><img src="https://m.media-amazon.com/images/I/41c+v1LLXzL._SL500_.jpg" alt="Product Image"></a><p>e.l.f. Soft Glam Foundation, Medium Coverage, Long-Lasting & Buildable Foundation For A Smooth, Satin Finish, Vegan & Cruelty-Free, 31 Medium Neutral</p><p>$7.99</p><a href="https://www.amazon.com/dp/B0D3JDYWZ6?tag=eloabder-20&linkCode=osi&th=1&psc=1">View Product</a></div><div class="product"><a href="https://www.amazon.com/dp/B00PFCSURS?tag=eloabder-20&linkCode=osi&th=1&psc=1"><img src="https://m.media-amazon.com/images/I/41v54YdLHSL._SL500_.jpg" alt="Product Image"></a><p>Maybelline Fit Me Matte + Poreless Liquid Oil-Free Foundation Makeup, Natural Beige, 1 Count (Packaging May Vary)</p><p>$9.99</p><a href="https://www.amazon.com/dp/B00PFCSURS?tag=eloabder-20&linkCode=osi&th=1&psc=1">View Product</a></div><div class="product"><a href="https://www.amazon.com/dp/B07DFK238H?tag=eloabder-20&linkCode=osi&th=1&psc=1"><img src="https://m.media-amazon.com/images/I/31mAhNJ+4hL._SL500_.jpg" alt="Product Image"></a><p>e.l.f. Flawless Finish Foundation, Lightweight & Medium Coverage, Semi-Matte Finish, Light Ivory, 0.68 Fl Oz (20mL)</p><p>$6.00</p><a href="https://www.amazon.com/dp/B07DFK238H?tag=eloabder-20&linkCode=osi&th=1&psc=1">View Product</a></div><div class="product"><a href="https://www.amazon.com/dp/B01ACPW1SG?tag=eloabder-20&linkCode=osi&th=1&psc=1"><img src="https://m.media-amazon.com/images/I/41aIRzbHxNL._SL500_.jpg" alt="Product Image"></a><p>CoverGirl & Olay Simply Ageless 3-in-1 Liquid Foundation, Matte Finish, Hyaluronic & Vitamin C Formula, Cruelty Free, Classic Ivory, 1 Count</p><p>$10.49</p><a href="https://www.amazon.com/dp/B01ACPW1SG?tag=eloabder-20&linkCode=osi&th=1&psc=1">View Product</a></div><div class="product"><a href="https://www.amazon.com/dp/B000IEMGGE?tag=eloabder-20&linkCode=osi&th=1&psc=1"><img src="https://m.media-amazon.com/images/I/41RtSkNmHSL._SL500_.jpg" alt="Product Image"></a><p>LAURA GELLER NEW YORK Award-Winning Baked Balance-n-Brighten Color Correcting Powder Foundation - Fair - Buildable Light to Medium Coverage - Demi-Matte Natural Finish</p><p>$22.13</p><a href="https://www.amazon.com/dp/B000IEMGGE?tag=eloabder-20&linkCode=osi&th=1&psc=1">View Product</a></div><div class="product"><a href="https://www.amazon.com/dp/B0BCH5WVW6?tag=eloabder-20&linkCode=osi&th=1&psc=1"><img src="https://m.media-amazon.com/images/I/31wajekqpGL._SL500_.jpg" alt="Product Image"></a><p>L'Oreal Paris True Match Super-Blendable Foundation, Medium Coverage Liquid Foundation Makeup, N4, Light Medium, 1 Fl Oz</p><p>$9.97</p><a href="https://www.amazon.com/dp/B0BCH5WVW6?tag=eloabder-20&linkCode=osi&th=1&psc=1">View Product</a></div><div class="product"><a href="https://www.amazon.com/dp/B07MWSP8SG?tag=eloabder-20&linkCode=osi&th=1&psc=1"><img src="https://m.media-amazon.com/images/I/31B37fmqI7L._SL500_.jpg" alt="Product Image"></a><p>e.l.f. Flawless Finish Foundation, Improves Uneven Skin Tone, Lightweight, Medium Coverage & Semi-Matte, Vegan & Cruelty-Free, Beige 0.67 Fl Oz</p><p>$6.00</p><a href="https://www.amazon.com/dp/B07MWSP8SG?tag=eloabder-20&linkCode=osi&th=1&psc=1">View Product</a></div><div class="product"><a href="https://www.amazon.com/dp/B091D8BXSQ?tag=eloabder-20&linkCode=osi&th=1&psc=1"><img src="https://m.media-amazon.com/images/I/31ktknDTqTL._SL500_.jpg" alt="Product Image"></a><p>L'Oreal Paris True Match Nude Hyaluronic Tinted Serum Foundation with 1% Hyaluronic acid, Light 2-3, 1 fl. oz.</p><p>$15.18</p><a href="https://www.amazon.com/dp/B091D8BXSQ?tag=eloabder-20&linkCode=osi&th=1&psc=1">View Product</a></div><div class="product"><a href="https://www.amazon.com/dp/B07Z9WBHXK?tag=eloabder-20&linkCode=osi&th=1&psc=1"><img src="https://m.media-amazon.com/images/I/31c2z97BuBL._SL500_.jpg" alt="Product Image"></a><p>L'Oreal Paris Age Perfect Radiant Serum Foundation with SPF 50, Ivory, 1 fl. oz.</p><p>$14.17</p><a href="https://www.amazon.com/dp/B07Z9WBHXK?tag=eloabder-20&linkCode=osi&th=1&psc=1">View Product</a></div><div class="product"><a href="https://www.amazon.com/dp/B09LCGN136?tag=eloabder-20&linkCode=osi&th=1&psc=1"><img src="https://m.media-amazon.com/images/I/4107EiwloYL._SL500_.jpg" alt="Product Image"></a><p>TIRTIR Mask Fit Red Cushion Foundation | Japan's No.1 Choice for Glass skin, Long-Lasting, Lightweight, Buildable Coverage, Semi-Matte (17C Porcelain, 0.63 Fl Oz (Pack of 1))</p><p>$25.00 ($39.68 / Fl Oz)</p><a href="https://www.amazon.com/dp/B09LCGN136?tag=eloabder-20&linkCode=osi&th=1&psc=1">View Product</a></div>
<div class="product"><a href="https://www.amazon.com/dp/B07Q9V4KMJ?tag=eloabder-20&linkCode=osi&th=1&psc=1"><img src="https://m.media-amazon.com/images/I/31pro1JWTCL._SL500_.jpg" alt="Product Image"></a><p>Maybelline Instant Age Rewind Eraser Dark Circles Treatment Multi-Use Concealer, 115, 1 Count (Packaging May Vary)</p><p>$8.42</p><a href="https://www.amazon.com/dp/B07Q9V4KMJ?tag=eloabder-20&linkCode=osi&th=1&psc=1">View Product</a></div><div class="product"><a href="https://www.amazon.com/dp/B07ZR14WBZ?tag=eloabder-20&linkCode=osi&th=1&psc=1"><img src="https://m.media-amazon.com/images/I/313ljymBVaL._SL500_.jpg" alt="Product Image"></a><p>e.l.f. Hydrating Camo Concealer, Lightweight, Full Coverage, Long Lasting, Conceals, Corrects, Covers, Hydrates, Highlights, Light Sand, Satin Finish, 25 Shades, All-Day Wear, 0.20 Fl Oz</p><p>$7.00</p><a href="https://www.amazon.com/dp/B07ZR14WBZ?tag=eloabder-20&linkCode=osi&th=1&psc=1">View Product</a></div><div class="product"><a href="https://www.amazon.com/dp/B0046VJV36?tag=eloabder-20&linkCode=osi&th=1&psc=1"><img src="https://m.media-amazon.com/images/I/31-ZFCLgLcL._SL500_.jpg" alt="Product Image"></a><p>Maybelline New York Fit Me Liquid Concealer Makeup, Natural Coverage, Lightweight, Conceals, Covers Oil-Free, Fair, 1 Count (Packaging May Vary)</p><p>$6.31</p><a href="https://www.amazon.com/dp/B0046VJV36?tag=eloabder-20&linkCode=osi&th=1&psc=1">View Product</a></div><div class="product"><a href="https://www.amazon.com/dp/B07ZR1CQHS?tag=eloabder-20&linkCode=osi&th=1&psc=1"><img src="https://m.media-amazon.com/images/I/31s0zWRX+4L._SL500_.jpg" alt="Product Image"></a><p>e.l.f. 16HR Camo Concealer, Full Coverage, Highly Pigmented Concealer With Matte Finish, Crease-proof, Vegan & Cruelty-Free, Light Ivory, 0.203 Fl Oz</p><p>$7.00</p><a href="https://www.amazon.com/dp/B07ZR1CQHS?tag=eloabder-20&linkCode=osi&th=1&psc=1">View Product</a></div><div class="product"><a href="https://www.amazon.com/dp/B0814SLHQH?tag=eloabder-20&linkCode=osi&th=1&psc=1"><img src="https://m.media-amazon.com/images/I/312GW4aGnRL._SL500_.jpg" alt="Product Image"></a><p>Neutrogena Healthy Skin Radiant Brightening Cream Concealer with Peptides & Vitamin E Antioxidant,Lightweight Perfecting Concealer,Non-Comedogenic,Bisque Light/Medium 02 neutral undertones,0.24 oz</p><p>$5.62</p><a href="https://www.amazon.com/dp/B0814SLHQH?tag=eloabder-20&linkCode=osi&th=1&psc=1">View Product</a></div><div class="product"><a href="https://www.amazon.com/dp/B007MJKHPA?tag=eloabder-20&linkCode=osi&th=1&psc=1"><img src="https://m.media-amazon.com/images/I/31ljSDY5P1L._SL500_.jpg" alt="Product Image"></a><p>L.A. Girl Pro Conceal HD Concealer, Creamy Beige, 0.28 Ounce</p><p>$4.97 ($17.75 / Ounce)</p><a href="https://www.amazon.com/dp/B007MJKHPA?tag=eloabder-20&linkCode=osi&th=1&psc=1">View Product</a></div><div class="product"><a href="https://www.amazon.com/dp/B09HNMRQN2?tag=eloabder-20&linkCode=osi&th=1&psc=1"><img src="https://m.media-amazon.com/images/I/31vIe0FIEML._SL500_.jpg" alt="Product Image"></a><p>NYX PROFESSIONAL MAKEUP Bare With Me Concealer Serum, Up To 24Hr Hydration - Vanilla</p><p>$9.00</p><a href="https://www.amazon.com/dp/B09HNMRQN2?tag=eloabder-20&linkCode=osi&th=1&psc=1">View Product</a></div><div class="product"><a href="https://www.amazon.com/dp/B06XQWS1N9?tag=eloabder-20&linkCode=osi&th=1&psc=1"><img src="https://m.media-amazon.com/images/I/31rKumTg1GL._SL500_.jpg" alt="Product Image"></a><p>COVERGIRL Smoothers Concealer, Medium 715, 0.14 ounce (packaging may vary)</p><p>$7.28</p><a href="https://www.amazon.com/dp/B06XQWS1N9?tag=eloabder-20&linkCode=osi&th=1&psc=1">View Product</a></div><div class="product"><a href="https://www.amazon.com/dp/B07H67H5LH?tag=eloabder-20&linkCode=osi&th=1&psc=1"><img src="https://m.media-amazon.com/images/I/31bWoYCj-nL._SL500_.jpg" alt="Product Image"></a><p>L'Oreal Paris Makeup Infallible Full Wear Waterproof Matte Concealer, Full Coverage, Ivory, 0.33 fl. oz.</p><p>$11.45</p><a href="https://www.amazon.com/dp/B07H67H5LH?tag=eloabder-20&linkCode=osi&th=1&psc=1">View Product</a></div><div class="product"><a href="https://www.amazon.com/dp/B0B51NLJWQ?tag=eloabder-20&linkCode=osi&th=1&psc=1"><img src="https://m.media-amazon.com/images/I/31GXqccxM0L._SL500_.jpg" alt="Product Image"></a><p>Fièra Luxury Concealer with Anti-Aging - All Day Coverage for Dark Circles, Fine Lines, Wrinkles & Spots - Neutral Beige, 0.5 Ounce</p><p>$27.00</p><a href="https://www.amazon.com/dp/B0B51NLJWQ?tag=eloabder-20&linkCode=osi&th=1&psc=1">View Product</a></div>
<div class="product"><a href="https://www.amazon.com/dp/B01IM0LVFC?tag=eloabder-20&linkCode=osi&th=1&psc=1"><img src="https://m.media-amazon.com/images/I/31r47BdfjGL._SL500_.jpg" alt="Product Image"></a><p>e.l.f. Prime & Stay Finishing Powder, Sets Makeup, Controls Shine & Smooths Complexion, Sheer, 0.18 Oz (5g)</p><p>$4.00</p><a href="https://www.amazon.com/dp/B01IM0LVFC?tag=eloabder-20&linkCode=osi&th=1&psc=1">View Product</a></div><div class="product"><a href="https://www.amazon.com/dp/B004GC74GG?tag=eloabder-20&linkCode=osi&th=1&psc=1"><img src="https://m.media-amazon.com/images/I/41kZTeBUCSL._SL500_.jpg" alt="Product Image"></a><p>Revlon Face Powder, ColorStay 16 Hour Face Makeup, Longwear Medium- Full Coverage with Flawless Finish, Shine & Oil Free, 880 Translucent, 0.3 Oz</p><p>$9.62</p><a href="https://www.amazon.com/dp/B004GC74GG?tag=eloabder-20&linkCode=osi&th=1&psc=1">View Product</a></div><div class="product"><a href="https://www.amazon.com/dp/B0CPFY5F7P?tag=eloabder-20&linkCode=osi&th=1&psc=1"><img src="https://m.media-amazon.com/images/I/41rYvHbKJ0L._SL500_.jpg" alt="Product Image"></a><p>e.l.f. Primer-Infused Bronzer, Long-Lasting, Lightweight & Buildable Powder Bronzer, Delivers A Matte Finish, Vegan & Cruelty-Free, Catching Rays</p><p>$7.00</p><a href="https://www.amazon.com/dp/B0CPFY5F7P?tag=eloabder-20&linkCode=osi&th=1&psc=1">View Product</a></div><div class="product"><a href="https://www.amazon.com/dp/B0B2VXZRHH?tag=eloabder-20&linkCode=osi&th=1&psc=1"><img src="https://m.media-amazon.com/images/I/41p6UtnQJWL._SL500_.jpg" alt="Product Image"></a><p>bareMinerals Barepro 16HR Skin-Perfecting Powder Foundation, Matte Pressed Powder Foundation Full Coverage with Plant-Based Squalene, Oil Control, Vegan</p><p>$42.00 ($150.00 / Ounce)</p><a href="https://www.amazon.com/dp/B0B2VXZRHH?tag=eloabder-20&linkCode=osi&th=1&psc=1">View Product</a></div><div class="product"><a href="https://www.amazon.com/dp/B0D4752RVV?tag=eloabder-20&linkCode=osi&th=1&psc=1"><img src="https://m.media-amazon.com/images/I/31WKVfT2bML._SL500_.jpg" alt="Product Image"></a><p>Revolution Beauty, Loose Baking Powder, Makeup Setting Powder, Long Lasting Coverage, Mattifies & Reduces Shine, Rose, 1.13 Oz</p><p>$8.00</p><a href="https://www.amazon.com/dp/B0D4752RVV?tag=eloabder-20&linkCode=osi&th=1&psc=1">View Product</a></div><div class="product"><a href="https://www.amazon.com/dp/B0C9LPPJ26?tag=eloabder-20&linkCode=osi&th=1&psc=1"><img src="https://m.media-amazon.com/images/I/51iWoZ-wkuL._SL500_.jpg" alt="Product Image"></a><p>AZUREBEAUTY 42 Pcs Dip Nails Powder Starter Kit, 32 Hot Pink Blue Purple Color Changing Spring Dipping Powder Liquid Set with Base Coat/Top Coat/Activator for French Manicure Salon DIY.</p><p>$19.99 ($19.99 / Count)</p><a href="https://www.amazon.com/dp/B0C9LPPJ26?tag=eloabder-20&linkCode=osi&th=1&psc=1">View Product</a></div><div class="product"><a href="https://www.amazon.com/dp/B0D2N1SZ9V?tag=eloabder-20&linkCode=osi&th=1&psc=1"><img src="https://m.media-amazon.com/images/I/41Ogu3bO7hL._SL500_.jpg" alt="Product Image"></a><p>Artdone Chrome Nail Powder Magic White Pearl Kit Mirror Effect Silver Metallic Holographic Dip Nail Powder For Resin Craft & Nail Art Decoration Iridescent Aurora Mermaid Pigment</p><p>$3.99 ($28.28 / Ounce)</p><a href="https://www.amazon.com/dp/B0D2N1SZ9V?tag=eloabder-20&linkCode=osi&th=1&psc=1">View Product</a></div><div class="product"><a href="https://www.amazon.com/dp/B0D19YQWSX?tag=eloabder-20&linkCode=osi&th=1&psc=1"><img src="https://m.media-amazon.com/images/I/21GbGbhBFWL._SL500_.jpg" alt="Product Image"></a><p>NYX PROFESSIONAL MAKEUP Brow Powder Louder Eyebrow Pencil, Brow Pencil with Buildable Volume For Up To 12HR Wear, Vegan Formula - Ash Brown</p><p>$6.00</p><a href="https://www.amazon.com/dp/B0D19YQWSX?tag=eloabder-20&linkCode=osi&th=1&psc=1">View Product</a></div><div class="product"><a href="https://www.amazon.com/dp/B00AOU5NVC?tag=eloabder-20&linkCode=osi&th=1&psc=1"><img src="https://m.media-amazon.com/images/I/31eI9oALZzL._SL500_.jpg" alt="Product Image"></a><p>Neutrogena Mineral Sheers Lightweight Loose Powder Makeup Foundation with Vitamins A, C, & E, Sheer to Medium Buildable Coverage, Skin Tone Enhancer, Face Redness Reducer, Nude 40,.19 oz</p><p>$5.72</p><a href="https://www.amazon.com/dp/B00AOU5NVC?tag=eloabder-20&linkCode=osi&th=1&psc=1">View Product</a></div>
<div class="product"><a href="https://www.amazon.com/dp/B07PNCB73M?tag=eloabder-20&linkCode=osi&th=1&psc=1"><img src="https://m.media-amazon.com/images/I/41+KYSFOLML._SL500_.jpg" alt="Product Image"></a><p>Milani Baked Blush - Petal Primavera (0.12 Ounce) Cruelty-Free Powder Blush - Shape, Contour & Highlight Face for a Shimmery or Matte Finish</p><p>$8.97</p><a href="https://www.amazon.com/dp/B07PNCB73M?tag=eloabder-20&linkCode=osi&th=1&psc=1">View Product</a></div><div class="product"><a href="https://www.amazon.com/dp/B0CPFYGNR7?tag=eloabder-20&linkCode=osi&th=1&psc=1"><img src="https://m.media-amazon.com/images/I/31EJvMa7jyL._SL500_.jpg" alt="Product Image"></a><p>e.l.f. Camo Liquid Blush, Long-lasting Liquid Blush For High-pigment Color, Creates A Soft, Dewy Finish, Vegan & Cruelty-free, Dusty Rosé</p><p>$7.00</p><a href="https://www.amazon.com/dp/B0CPFYGNR7?tag=eloabder-20&linkCode=osi&th=1&psc=1">View Product</a></div><div class="product"><a href="https://www.amazon.com/dp/B0CZ5HLDK9?tag=eloabder-20&linkCode=osi&th=1&psc=1"><img src="https://m.media-amazon.com/images/I/41rZu1cS8QL._SL500_.jpg" alt="Product Image"></a><p>NYX PROFESSIONAL MAKEUP Buttermelt Powder Blush, Fade and Transfer-Resistant Blush, Up to 12HR Make Up Wear, Vegan Formula - For The Butta</p><p>$9.97</p><a href="https://www.amazon.com/dp/B0CZ5HLDK9?tag=eloabder-20&linkCode=osi&th=1&psc=1">View Product</a></div><div class="product"><a href="https://www.amazon.com/dp/B06XDNPXD1?tag=eloabder-20&linkCode=osi&th=1&psc=1"><img src="https://m.media-amazon.com/images/I/41IryPTf51L._SL500_.jpg" alt="Product Image"></a><p>Maybelline Fit Me Powder Blush, Lightweight, Smooth, Blendable, Long-lasting All-Day Face Enhancing Makeup Color, Mauve, 1 Count</p><p>$4.62</p><a href="https://www.amazon.com/dp/B06XDNPXD1?tag=eloabder-20&linkCode=osi&th=1&psc=1">View Product</a></div><div class="product"><a href="https://www.amazon.com/dp/B082YPNTZ4?tag=eloabder-20&linkCode=osi&th=1&psc=1"><img src="https://m.media-amazon.com/images/I/41vtXkWXs8L._SL500_.jpg" alt="Product Image"></a><p>wet n wild Color Icon Blush, Effortless Glow & Seamless Blend infused with Luxuriously Smooth Jojoba Oil, Sheer Finish with a Matte Natural Glow, Cruelty-Free & Vegan - Pinch Me Pink</p><p>$3.28</p><a href="https://www.amazon.com/dp/B082YPNTZ4?tag=eloabder-20&linkCode=osi&th=1&psc=1">View Product</a></div><div class="product"><a href="https://www.amazon.com/dp/B0CPFWJJQJ?tag=eloabder-20&linkCode=osi&th=1&psc=1"><img src="https://m.media-amazon.com/images/I/41+GdEwyGqL._SL500_.jpg" alt="Product Image"></a><p>e.l.f. Primer-Infused Matte Blush, Long-Lasting, Lightweight & Buildable Powder Blush, Delivers A Matte Finish, Vegan & Cruelty-Free, Always Crushing</p><p>$7.00</p><a href="https://www.amazon.com/dp/B0CPFWJJQJ?tag=eloabder-20&linkCode=osi&th=1&psc=1">View Product</a></div><div class="product"><a href="https://www.amazon.com/dp/B0B64GX5LN?tag=eloabder-20&linkCode=osi&th=1&psc=1"><img src="https://m.media-amazon.com/images/I/31aZBeyUSsL._SL500_.jpg" alt="Product Image"></a><p>LAURA GELLER NEW YORK Serum Blush Tint, Lightweight Liquid Blush for Cheeks, Weightless Watercolor Sheer Finish, Practical Pink</p><p>$15.74</p><a href="https://www.amazon.com/dp/B0B64GX5LN?tag=eloabder-20&linkCode=osi&th=1&psc=1">View Product</a></div><div class="product"><a href="https://www.amazon.com/dp/B0BHFBBH25?tag=eloabder-20&linkCode=osi&th=1&psc=1"><img src="https://m.media-amazon.com/images/I/31uqOuPPf5L._SL500_.jpg" alt="Product Image"></a><p>SHEGLAM Color Bloom Liquid Blush Makeup for Cheeks Matte Finish - Love Cake</p><p>$6.99</p><a href="https://www.amazon.com/dp/B0BHFBBH25?tag=eloabder-20&linkCode=osi&th=1&psc=1">View Product</a></div><div class="product"><a href="https://www.amazon.com/dp/B00J56D0G6?tag=eloabder-20&linkCode=osi&th=1&psc=1"><img src="https://m.media-amazon.com/images/I/31MVN0QAhfL._SL500_.jpg" alt="Product Image"></a><p>e.l.f. Cosmetics Powder Blush Palette, Four Blush Shades for Beautiful, Long-Lasting Pigment, Light</p><p>$6.00</p><a href="https://www.amazon.com/dp/B00J56D0G6?tag=eloabder-20&linkCode=osi&th=1&psc=1">View Product</a></div><div class="product"><a href="https://www.amazon.com/dp/B07J47FHR1?tag=eloabder-20&linkCode=osi&th=1&psc=1"><img src="https://m.media-amazon.com/images/I/41Xyor9x2SL._SL500_.jpg" alt="Product Image"></a><p>Nars Blush in ORGASM Full Size 0.16 oz. / 4.8 g in Retail Box New Edition</p><p>$22.00</p><a href="https://www.amazon.com/dp/B07J47FHR1?tag=eloabder-20&linkCode=osi&th=1&psc=1">View Product</a></div>
<div class="product"><a href="https://www.amazon.com/dp/B018B8Q5Z6?tag=eloabder-20&linkCode=osi&th=1&psc=1"><img src="https://m.media-amazon.com/images/I/41D9ZHQRaSL._SL500_.jpg" alt="Product Image"></a><p>Physicians Formula Murumuru Butter Bronzer, Moisturizing, Nourishing Murumuru Butter Blend for Silky All-Day Luminous Glow, Dermatologist Tested, Hypoallergenic, Vegan & Cruelty-Free -Bronzer</p><p>$12.15</p><a href="https://www.amazon.com/dp/B018B8Q5Z6?tag=eloabder-20&linkCode=osi&th=1&psc=1">View Product</a></div><div class="product"><a href="https://www.amazon.com/dp/B001B0H82Q?tag=eloabder-20&linkCode=osi&th=1&psc=1"><img src="https://m.media-amazon.com/images/I/41I3B-YoLkL._SL500_.jpg" alt="Product Image"></a><p>Rimmel London Natural - 022 Sun Bronze - Bronzer, Matte Finish, 0.49oz</p><p>$4.49</p><a href="https://www.amazon.com/dp/B001B0H82Q?tag=eloabder-20&linkCode=osi&th=1&psc=1">View Product</a></div><div class="product"><a href="https://www.amazon.com/dp/B0BM5HX7DN?tag=eloabder-20&linkCode=osi&th=1&psc=1"><img src="https://m.media-amazon.com/images/I/41DwoHQgzsL._SL500_.jpg" alt="Product Image"></a><p>Benefit Hoola Matte Bronzer Mini 0.08 Ounce</p><p>$17.85</p><a href="https://www.amazon.com/dp/B0BM5HX7DN?tag=eloabder-20&linkCode=osi&th=1&psc=1">View Product</a></div><div class="product"><a href="https://www.amazon.com/dp/B07M7NGVW7?tag=eloabder-20&linkCode=osi&th=1&psc=1"><img src="https://m.media-amazon.com/images/I/51dvod9PjTL._SL500_.jpg" alt="Product Image"></a><p>wet n wild Color Icon Bronzer What Shady Beaches</p><p>$2.96</p><a href="https://www.amazon.com/dp/B07M7NGVW7?tag=eloabder-20&linkCode=osi&th=1&psc=1">View Product</a></div><div class="product"><a href="https://www.amazon.com/dp/B07ZR187P5?tag=eloabder-20&linkCode=osi&th=1&psc=1"><img src="https://m.media-amazon.com/images/I/410nkMFZLYL._SL500_.jpg" alt="Product Image"></a><p>e.l.f. Primer-infused Bronzer, Long-Wear, Matte, Bold, Lightweight, Blends Easily, Contours Cheeks, Forever Sun Kissed, All-Day Wear, 0.35 Oz</p><p>$7.00 ($20.00 / Ounce)</p><a href="https://www.amazon.com/dp/B07ZR187P5?tag=eloabder-20&linkCode=osi&th=1&psc=1">View Product</a></div><div class="product"><a href="https://www.amazon.com/dp/B0CPFVTY7M?tag=eloabder-20&linkCode=osi&th=1&psc=1"><img src="https://m.media-amazon.com/images/I/41rO68Q0mlL._SL500_.jpg" alt="Product Image"></a><p>e.l.f. Primer-Infused Bronzer, Long-Lasting, Lightweight & Buildable Powder Bronzer, Delivers A Matte Finish, Vegan & Cruelty-Free, Fresh Tan</p><p>$7.00</p><a href="https://www.amazon.com/dp/B0CPFVTY7M?tag=eloabder-20&linkCode=osi&th=1&psc=1">View Product</a></div><div class="product"><a href="https://www.amazon.com/dp/B00518N3VE?tag=eloabder-20&linkCode=osi&th=1&psc=1"><img src="https://m.media-amazon.com/images/I/41SzIseWK6L._SL500_.jpg" alt="Product Image"></a><p>Milani Baked Bronzer - Glow, Cruelty-Free Shimmer Bronzing Powder to Use For Contour Makeup, Highlighters Makeup, Bronzer Makeup, 0.25 Ounce</p><p>$9.97 ($39.88 / Ounce)</p><a href="https://www.amazon.com/dp/B00518N3VE?tag=eloabder-20&linkCode=osi&th=1&psc=1">View Product</a></div><div class="product"><a href="https://www.amazon.com/dp/B006WZ9O72?tag=eloabder-20&linkCode=osi&th=1&psc=1"><img src="https://m.media-amazon.com/images/I/51rDNo9JnqL._SL500_.jpg" alt="Product Image"></a><p>Physicians Formula Bronze Booster Glow-Boosting Season-to-Season, Customizable Seasonal Glow Glow, Lasting Tan Boost, Hypoallergenic Powder, Cruelty-Free & Hypoallergenic- Light-to-Medium</p><p>$12.98</p><a href="https://www.amazon.com/dp/B006WZ9O72?tag=eloabder-20&linkCode=osi&th=1&psc=1">View Product</a></div><div class="product"><a href="https://www.amazon.com/dp/B0CNTYPSSZ?tag=eloabder-20&linkCode=osi&th=1&psc=1"><img src="https://m.media-amazon.com/images/I/416D4Z7hQ8L._SL500_.jpg" alt="Product Image"></a><p>Milani Cheek Kiss Cream Bronzer-110 Hey Honey</p><p>$9.97</p><a href="https://www.amazon.com/dp/B0CNTYPSSZ?tag=eloabder-20&linkCode=osi&th=1&psc=1">View Product</a></div><div class="product"><a href="https://www.amazon.com/dp/B0CVNKP1FM?tag=eloabder-20&linkCode=osi&th=1&psc=1"><img src="https://m.media-amazon.com/images/I/41v4UlIsUOL._SL500_.jpg" alt="Product Image"></a><p>NYX PROFESSIONAL MAKEUP Matte Buttermelt Bronzer, Longwear Face Makeup with Up to 12 Hours of Wear, Vegan Formula - Butta Than U</p><p>$7.70</p><a href="https://www.amazon.com/dp/B0CVNKP1FM?tag=eloabder-20&linkCode=osi&th=1&psc=1">View Product</a></div>
<div class="product"><a href="https://www.amazon.com/dp/B09288DSSX?tag=eloabder-20&linkCode=osi&th=1&psc=1"><img src="https://m.media-amazon.com/images/I/417z6evbmhL._SL500_.jpg" alt="Product Image"></a><p>KYDA Face Highlighter Palette, High Glossy Face Illuminator Palette, Narutal Glow Finish, Pearl Shimmer Smooth Baked Powder, Lasting Sparkling Highlighter Makeup-SUN GLOW</p><p>$9.99</p><a href="https://www.amazon.com/dp/B09288DSSX?tag=eloabder-20&linkCode=osi&th=1&psc=1">View Product</a></div><div class="product"><a href="https://www.amazon.com/dp/B0C41PSDZF?tag=eloabder-20&linkCode=osi&th=1&psc=1"><img src="https://m.media-amazon.com/images/I/41FLNU-tL-L._SL500_.jpg" alt="Product Image"></a><p>NYX PROFESSIONAL MAKEUP, Jumbo Multi-Use Face Highlighter Stick - Vanilla Ice Cream</p><p>$6.00</p><a href="https://www.amazon.com/dp/B0C41PSDZF?tag=eloabder-20&linkCode=osi&th=1&psc=1">View Product</a></div><div class="product"><a href="https://www.amazon.com/dp/B082YPL2SV?tag=eloabder-20&linkCode=osi&th=1&psc=1"><img src="https://m.media-amazon.com/images/I/51Y+MCkwArL._SL500_.jpg" alt="Product Image"></a><p>Wet n Wild MegaGlo Blushlighter, Blendable Blush & Highlighter Set, Shimmery Metallic Finish, Highlight Bling</p><p>$5.47</p><a href="https://www.amazon.com/dp/B082YPL2SV?tag=eloabder-20&linkCode=osi&th=1&psc=1">View Product</a></div><div class="product"><a href="https://www.amazon.com/dp/B07QPY11KY?tag=eloabder-20&linkCode=osi&th=1&psc=1"><img src="https://m.media-amazon.com/images/I/312T7p8cW6L._SL500_.jpg" alt="Product Image"></a><p>Revolution Beauty, Reloaded Pressed Powder Highlighter, Intensely Pigmented for a High Impact Dewy Finish, Dare To Divulge, 0.22 Oz.</p><p>$6.98</p><a href="https://www.amazon.com/dp/B07QPY11KY?tag=eloabder-20&linkCode=osi&th=1&psc=1">View Product</a></div><div class="product"><a href="https://www.amazon.com/dp/B0C6V67KJW?tag=eloabder-20&linkCode=osi&th=1&psc=1"><img src="https://m.media-amazon.com/images/I/31Yh8b8JEjL._SL500_.jpg" alt="Product Image"></a><p>e.l.f. Halo Glow Highlight Beauty Wand, Liquid Highlighter Wand For Luminous, Glowing Skin, Buildable Formula, Vegan & Cruelty-free,Champagne Campaign</p><p>$9.00</p><a href="https://www.amazon.com/dp/B0C6V67KJW?tag=eloabder-20&linkCode=osi&th=1&psc=1">View Product</a></div><div class="product"><a href="https://www.amazon.com/dp/B073WMG59J?tag=eloabder-20&linkCode=osi&th=1&psc=1"><img src="https://m.media-amazon.com/images/I/51fz8bpJNNL._SL500_.jpg" alt="Product Image"></a><p>wet n wild MegaGlo Highlighting Powder, Highlighter Makeup, Shimmer Glow, Pink Rose Gold Blossom Glow</p><p>$5.47</p><a href="https://www.amazon.com/dp/B073WMG59J?tag=eloabder-20&linkCode=osi&th=1&psc=1">View Product</a></div><div class="product"><a href="https://www.amazon.com/dp/B074PTZCNW?tag=eloabder-20&linkCode=osi&th=1&psc=1"><img src="https://m.media-amazon.com/images/I/31btEAGukiL._SL500_.jpg" alt="Product Image"></a><p>L'Oreal Paris Makeup True Match Lumi Glotion, Natural Glow Enhancer, Illuminator Highlighter Skin Tint, for an All Day Radiant Glow, Light, 1.35 Ounces</p><p>$12.74</p><a href="https://www.amazon.com/dp/B074PTZCNW?tag=eloabder-20&linkCode=osi&th=1&psc=1">View Product</a></div><div class="product"><a href="https://www.amazon.com/dp/B0BD9HYBKD?tag=eloabder-20&linkCode=osi&th=1&psc=1"><img src="https://m.media-amazon.com/images/I/319tXl8nMUL._SL500_.jpg" alt="Product Image"></a><p>LAURA GELLER NEW YORK Baked Natural Glow Highlighter Radiance Enhancing Makeup, French Vanilla</p><p>$18.99</p><a href="https://www.amazon.com/dp/B0BD9HYBKD?tag=eloabder-20&linkCode=osi&th=1&psc=1">View Product</a></div><div class="product"><a href="https://www.amazon.com/dp/B075K784FK?tag=eloabder-20&linkCode=osi&th=1&psc=1"><img src="https://m.media-amazon.com/images/I/51q6Nf009iL._SL500_.jpg" alt="Product Image"></a><p>Physicians Formula Murumuru Butter Highlighter Makeup Face Powder Make Up, Pearl, Dermatologist Approved</p><p>$10.00</p><a href="https://www.amazon.com/dp/B075K784FK?tag=eloabder-20&linkCode=osi&th=1&psc=1">View Product</a></div><div class="product"><a href="https://www.amazon.com/dp/B083574V27?tag=eloabder-20&linkCode=osi&th=1&psc=1"><img src="https://m.media-amazon.com/images/I/41fyFVpDrXL._SL500_.jpg" alt="Product Image"></a><p>Milani Baked Highlighter (Dolce Perla) - Cruelty-Free Powder Highlighter, Highlight Face for a Shimmery or Matte Finish</p><p>$10.97 ($39.18 / Ounce)</p><a href="https://www.amazon.com/dp/B083574V27?tag=eloabder-20&linkCode=osi&th=1&psc=1">View Product</a></div>
<div class="product"><a href="https://www.amazon.com/dp/B09XMYFTB7?tag=eloabder-20&linkCode=osi&th=1&psc=1"><img src="https://m.media-amazon.com/images/I/31t+Ua+JWSL._SL500_.jpg" alt="Product Image"></a><p>e.l.f. Power Grip Primer, Gel-Based & Hydrating Face Primer For Smoothing Skin & Gripping Makeup, Moisturizes & Primes, 0.811 Fl Oz (24 ml)</p><p>$9.98</p><a href="https://www.amazon.com/dp/B09XMYFTB7?tag=eloabder-20&linkCode=osi&th=1&psc=1">View Product</a></div><div class="product"><a href="https://www.amazon.com/dp/B07BHB7QBN?tag=eloabder-20&linkCode=osi&th=1&psc=1"><img src="https://m.media-amazon.com/images/I/31kMxA9EhWL._SL500_.jpg" alt="Product Image"></a><p>Maybelline New York Facestudio Master Prime Primer Makeup, Blur + Pore Minimize, 1 fl. oz.</p><p>$8.99</p><a href="https://www.amazon.com/dp/B07BHB7QBN?tag=eloabder-20&linkCode=osi&th=1&psc=1">View Product</a></div><div class="product"><a href="https://www.amazon.com/dp/B00JZ4V6V4?tag=eloabder-20&linkCode=osi&th=1&psc=1"><img src="https://m.media-amazon.com/images/I/31jO7qDk9zL._SL500_.jpg" alt="Product Image"></a><p>e.l.f. Poreless Face Primer, Restoring Makeup Primer For A Flawless, Smooth Canvas, Infused With Tea Tree & Vitamin A, Vegan & Cruelty-Free, 0.47 Fl Oz</p><p>$7.83</p><a href="https://www.amazon.com/dp/B00JZ4V6V4?tag=eloabder-20&linkCode=osi&th=1&psc=1">View Product</a></div><div class="product"><a href="https://www.amazon.com/dp/B0BQQS5GBQ?tag=eloabder-20&linkCode=osi&th=1&psc=1"><img src="https://m.media-amazon.com/images/I/31TLdF8cy8L._SL500_.jpg" alt="Product Image"></a><p>e.l.f. Power Grip Primer + 4% Niacinamide, Gel-Based & Hydrating Face Primer, Evens Skin & Brightens, Grips Makeup, Vegan & Cruelty-Free, 0.8 Fl Oz</p><p>$10.00</p><a href="https://www.amazon.com/dp/B0BQQS5GBQ?tag=eloabder-20&linkCode=osi&th=1&psc=1">View Product</a></div><div class="product"><a href="https://www.amazon.com/dp/B07NSH2B4D?tag=eloabder-20&linkCode=osi&th=1&psc=1"><img src="https://m.media-amazon.com/images/I/31gmpEmsBmL._SL500_.jpg" alt="Product Image"></a><p>e.l.f. Poreless Putty Primer, Silky, Skin-Perfecting, Lightweight, Long Lasting, Smooths, Hydrates, Minimizes Pores, Flawless Base & Finish, All-Day Wear, Ideal for All Skin Types, 0.74 Fl Oz</p><p>$10.00</p><a href="https://www.amazon.com/dp/B07NSH2B4D?tag=eloabder-20&linkCode=osi&th=1&psc=1">View Product</a></div><div class="product"><a href="https://www.amazon.com/dp/B09WYT4QTJ?tag=eloabder-20&linkCode=osi&th=1&psc=1"><img src="https://m.media-amazon.com/images/I/214qTbvzjrL._SL500_.jpg" alt="Product Image"></a><p>Smashbox The Original Photo Finish Smooth & Blur Oil-Free Makeup Primer - Infused with Vitamin A & E, Reduces The Appearance of Fine Lines and Pores - Travel Size, 0.34 fl oz</p><p>$16.00 ($47.06 / Ounce)</p><a href="https://www.amazon.com/dp/B09WYT4QTJ?tag=eloabder-20&linkCode=osi&th=1&psc=1">View Product</a></div><div class="product"><a href="https://www.amazon.com/dp/B07PQN4XZ1?tag=eloabder-20&linkCode=osi&th=1&psc=1"><img src="https://m.media-amazon.com/images/I/31BdxqUi-iL._SL500_.jpg" alt="Product Image"></a><p>Milk Makeup Hydro Grip Primer - 0.33 fl oz - Hydrates & Grips Makeup for Up to 12 Hours - Prevents Caking - All Skin Types - Fragrance-Free - Vegan, Cruelty Free</p><p>$20.00 ($60.61 / Fl Oz)</p><a href="https://www.amazon.com/dp/B07PQN4XZ1?tag=eloabder-20&linkCode=osi&th=1&psc=1">View Product</a></div><div class="product"><a href="https://www.amazon.com/dp/B00HVI8WYU?tag=eloabder-20&linkCode=osi&th=1&psc=1"><img src="https://m.media-amazon.com/images/I/31educzzSsL._SL500_.jpg" alt="Product Image"></a><p>e.l.f. Hydrating Face Primer, Makeup Primer For Flawless, Smooth Skin & Long-Lasting Makeup, Fills In Pores & Fine Lines, Vegan & Cruelty-free, Small</p><p>$8.00</p><a href="https://www.amazon.com/dp/B00HVI8WYU?tag=eloabder-20&linkCode=osi&th=1&psc=1">View Product</a></div><div class="product"><a href="https://www.amazon.com/dp/B07BHBDN3Y?tag=eloabder-20&linkCode=osi&th=1&psc=1"><img src="https://m.media-amazon.com/images/I/3173qcBCyFL._SL500_.jpg" alt="Product Image"></a><p>Maybelline New York Facestudio Master Prime Primer Makeup, Blur+ Defend, 1 fl. oz.</p><p>$9.77</p><a href="https://www.amazon.com/dp/B07BHBDN3Y?tag=eloabder-20&linkCode=osi&th=1&psc=1">View Product</a></div><div class="product"><a href="https://www.amazon.com/dp/B00I9X3UKM?tag=eloabder-20&linkCode=osi&th=1&psc=1"><img src="https://m.media-amazon.com/images/I/31Bx9WdmmdL._SL500_.jpg" alt="Product Image"></a><p>Rimmel London Stay Matte - 003 - Primer, Ultra-Lightweight, Controls Shine, Doesn’t Feel Greasy, 1oz</p><p>$5.97</p><a href="https://www.amazon.com/dp/B00I9X3UKM?tag=eloabder-20&linkCode=osi&th=1&psc=1">View Product</a></div>
<div class="product"><a href="https://www.amazon.com/dp/B008C131AK?tag=eloabder-20&linkCode=osi&th=1&psc=1"><img src="https://m.media-amazon.com/images/I/41EVShOq3PL._SL500_.jpg" alt="Product Image"></a><p>Maybelline Dream Fresh Skin Hydrating BB cream, 8-in-1 Skin Perfecting Beauty Balm with Broad Spectrum SPF 30, Sheer Tint Coverage, Oil-Free, Medium, 1 Fl Oz</p><p>$7.99</p><a href="https://www.amazon.com/dp/B008C131AK?tag=eloabder-20&linkCode=osi&th=1&psc=1">View Product</a></div><div class="product"><a href="https://www.amazon.com/dp/B0084A5PWQ?tag=eloabder-20&linkCode=osi&th=1&psc=1"><img src="https://m.media-amazon.com/images/I/31RjcO5JPeL._SL500_.jpg" alt="Product Image"></a><p>L'Oréal Paris Makeup Magic Skin Beautifier BB Cream Tinted Moisturizer, Medium, 1 fl oz, 1 Count</p><p>$9.98</p><a href="https://www.amazon.com/dp/B0084A5PWQ?tag=eloabder-20&linkCode=osi&th=1&psc=1">View Product</a></div><div class="product"><a href="https://www.amazon.com/dp/B002B9DWBC?tag=eloabder-20&linkCode=osi&th=1&psc=1"><img src="https://m.media-amazon.com/images/I/41ZejVfTaoL._SL500_.jpg" alt="Product Image"></a><p>MISSHA M Perfect BB Cream No.21 Light Beige for Bright Skin SPF 42 PA +++ 1.69 Fl Oz - Tinted Moisturizer for face with SPF</p><p>$9.90</p><a href="https://www.amazon.com/dp/B002B9DWBC?tag=eloabder-20&linkCode=osi&th=1&psc=1">View Product</a></div><div class="product"><a href="https://www.amazon.com/dp/B00KJ82CN6?tag=eloabder-20&linkCode=osi&th=1&psc=1"><img src="https://m.media-amazon.com/images/I/41VM3jcO3oS._SL500_.jpg" alt="Product Image"></a><p>Maybelline Dream Pure Skin Clearing BB Cream, 8-in-1 Skin Perfecting Beauty Balm With 2% Salicylic Acid, Sheer Tint Coverage, Oil-Free, Light/Medium, 1 Count</p><p>$7.99</p><a href="https://www.amazon.com/dp/B00KJ82CN6?tag=eloabder-20&linkCode=osi&th=1&psc=1">View Product</a></div><div class="product"><a href="https://www.amazon.com/dp/B000V33OGS?tag=eloabder-20&linkCode=osi&th=1&psc=1"><img src="https://m.media-amazon.com/images/I/41I8dzKEI+L._SL500_.jpg" alt="Product Image"></a><p>COVERGIRL Smoothers Lightweight BB Cream, Fair to Light 805, 1.35 oz (Packaging May Vary) Lightweight Hydrating 10-In-1 Skin Enhancer with SPF 21 UV Protection</p><p>$6.97</p><a href="https://www.amazon.com/dp/B000V33OGS?tag=eloabder-20&linkCode=osi&th=1&psc=1">View Product</a></div><div class="product"><a href="https://www.amazon.com/dp/B01E527F38?tag=eloabder-20&linkCode=osi&th=1&psc=1"><img src="https://m.media-amazon.com/images/I/31jXYhER5QL._SL500_.jpg" alt="Product Image"></a><p>COVERGIRL - Clean Matte BB Cream, Oil-Free, Long-Lasting, Sensitive Skin, Lightweight, 100% Cruelty-Free</p><p>$7.99</p><a href="https://www.amazon.com/dp/B01E527F38?tag=eloabder-20&linkCode=osi&th=1&psc=1">View Product</a></div><div class="product"><a href="https://www.amazon.com/dp/B07WTX6SKL?tag=eloabder-20&linkCode=osi&th=1&psc=1"><img src="https://m.media-amazon.com/images/I/41mtjVTdh3L._SL500_.jpg" alt="Product Image"></a><p>MISSHA M Perfect Cover BB Cream No.13 Bright Beige for Fair Skin SPF 42 PA +++ 1.69 Fl Oz - Tinted Moisturizer for face with SPF</p><p>$9.70 ($5.74 / Fl Oz)</p><a href="https://www.amazon.com/dp/B07WTX6SKL?tag=eloabder-20&linkCode=osi&th=1&psc=1">View Product</a></div><div class="product"><a href="https://www.amazon.com/dp/B09BYL7M3G?tag=eloabder-20&linkCode=osi&th=1&psc=1"><img src="https://m.media-amazon.com/images/I/41t-BZ1FdOL._SL500_.jpg" alt="Product Image"></a><p>purlisse Ageless Glow Serum BB Cream SPF 40 : Clean & Cruelty-Free, Full & Flawless Coverage, Hydrates with Collagen | Light 1.4oz</p><p>$39.00 ($37.50 / Fl Oz)</p><a href="https://www.amazon.com/dp/B09BYL7M3G?tag=eloabder-20&linkCode=osi&th=1&psc=1">View Product</a></div><div class="product"><a href="https://www.amazon.com/dp/B08JCK7LSN?tag=eloabder-20&linkCode=osi&th=1&psc=1"><img src="https://m.media-amazon.com/images/I/31KzNyZ7WBL._SL500_.jpg" alt="Product Image"></a><p>PURITO Cica Clearing BB Cream #21 Light Beige 1 fl.oz / 30ml, Vegan bb cream, tinted</p><p>$12.00</p><a href="https://www.amazon.com/dp/B08JCK7LSN?tag=eloabder-20&linkCode=osi&th=1&psc=1">View Product</a></div><div class="product"><a href="https://www.amazon.com/dp/B01M9FG3PS?tag=eloabder-20&linkCode=osi&th=1&psc=1"><img src="https://m.media-amazon.com/images/I/41i-ftNWghL._SL500_.jpg" alt="Product Image"></a><p>pūrlisse Perfect Glow BB Cream SPF 30: Clean & Cruelty-Free, Medium Flawless Coverage, Hydrates with Jasmine | Light 1.4oz</p><p>$36.00 ($26.47 / Fl Oz)</p><a href="https://www.amazon.com/dp/B01M9FG3PS?tag=eloabder-20&linkCode=osi&th=1&psc=1">View Product</a></div>
<div class="product"><a href="https://www.amazon.com/dp/B00RZ4R0ZM?tag=eloabder-20&linkCode=osi&th=1&psc=1"><img src="https://m.media-amazon.com/images/I/41h3Z7gUh4L._SL500_.jpg" alt="Product Image"></a><p>IT Cosmetics Your Skin But Better CC+ Cream, Light (W) - Color Correcting Cream, Full-Coverage Foundation, Hydrating Serum & SPF 50+ Sunscreen - Natural Finish - 1.08 fl oz</p><p>$47.00 ($43.52 / Fl Oz)</p><a href="https://www.amazon.com/dp/B00RZ4R0ZM?tag=eloabder-20&linkCode=osi&th=1&psc=1">View Product</a></div><div class="product"><a href="https://www.amazon.com/dp/B09TSSR6TQ?tag=eloabder-20&linkCode=osi&th=1&psc=1"><img src="https://m.media-amazon.com/images/I/41YfZQIZVHL._SL500_.jpg" alt="Product Image"></a><p>Erborian Color Correcting CC Cream with cica, Tan (Dore) - Lightweight Multi-Purpose Foundation with Illuminating Finish Soothes & Hydrates - SPF Korean Skincare Skin Perfector - 1.5 Oz</p><p>$46.00 ($30.67 / Ounce)</p><a href="https://www.amazon.com/dp/B09TSSR6TQ?tag=eloabder-20&linkCode=osi&th=1&psc=1">View Product</a></div><div class="product"><a href="https://www.amazon.com/dp/B0CG67918Y?tag=eloabder-20&linkCode=osi&th=1&psc=1"><img src="https://m.media-amazon.com/images/I/31ZBRrlGQeL._SL500_.jpg" alt="Product Image"></a><p>Color Correcting CC Cream with SPF 25, Coverage Lightweight Foundation, Hydrating Serum, Even Skin Tone Makeup and Skin Care, Boost Radiance, Refine Skin Texture, Avoid Sun Damage (LightLight, 1PCS)</p><p>$9.99</p><a href="https://www.amazon.com/dp/B0CG67918Y?tag=eloabder-20&linkCode=osi&th=1&psc=1">View Product</a></div><div class="product"><a href="https://www.amazon.com/dp/B07GV322NS?tag=eloabder-20&linkCode=osi&th=1&psc=1"><img src="https://m.media-amazon.com/images/I/318Xp-z4BzL._SL500_.jpg" alt="Product Image"></a><p>IT Cosmetics Your Skin But Better CC+ Cream Illumination - Color Correcting Cream, Full-Coverage Foundation, Hydrating Serum & SPF 50+ Sunscreen Radiant Finish 1.08 fl oz</p><p>$47.00 ($43.52 / Fl Oz)</p><a href="https://www.amazon.com/dp/B07GV322NS?tag=eloabder-20&linkCode=osi&th=1&psc=1">View Product</a></div><div class="product"><a href="https://www.amazon.com/dp/B08TQMG68Q?tag=eloabder-20&linkCode=osi&th=1&psc=1"><img src="https://m.media-amazon.com/images/I/31WzGFVeXLL._SL500_.jpg" alt="Product Image"></a><p>e.l.f. Camo CC Cream, Color Correcting Medium-To-Full Coverage Foundation with SPF 30, Light 240 W, 1.05 Oz (30g)</p><p>$14.29</p><a href="https://www.amazon.com/dp/B08TQMG68Q?tag=eloabder-20&linkCode=osi&th=1&psc=1">View Product</a></div><div class="product"><a href="https://www.amazon.com/dp/B00HUA6LCO?tag=eloabder-20&linkCode=osi&th=1&psc=1"><img src="https://m.media-amazon.com/images/I/31tzzIuzR3L._SL500_.jpg" alt="Product Image"></a><p>Physicians Formula Super CC+ Cream Color-Correction + Care Cream Full Coverage Light Foundation, Anti Aging Hydrating Serum, For Uneven Skin Tone, Dermatologist Approved</p><p>$12.30</p><a href="https://www.amazon.com/dp/B00HUA6LCO?tag=eloabder-20&linkCode=osi&th=1&psc=1">View Product</a></div><div class="product"><a href="https://www.amazon.com/dp/B00E4OQ63I?tag=eloabder-20&linkCode=osi&th=1&psc=1"><img src="https://m.media-amazon.com/images/I/31C4yvovnxL._SL500_.jpg" alt="Product Image"></a><p>Lumene Color Correcting CC Cream - Lightweight Foundation with Medium Coverage - Redness Reducing Face Makeup for a Glowing Complexion - Vegan Formula + Suitable for All Skin Types - Medium (1 fl oz)</p><p>$17.40 ($17.40 / Fl Oz)</p><a href="https://www.amazon.com/dp/B00E4OQ63I?tag=eloabder-20&linkCode=osi&th=1&psc=1">View Product</a></div><div class="product"><a href="https://www.amazon.com/dp/B09TSRF2Q8?tag=eloabder-20&linkCode=osi&th=1&psc=1"><img src="https://m.media-amazon.com/images/I/41lZpQCt9HL._SL500_.jpg" alt="Product Image"></a><p>Erborian Color Correcting CC Cream with Centella Asiatica, Red Correct - Light Multi-Purpose Facial Concealer with Illuminating Finish Soothes & Hydrates - SPF Korean Skincare Skin Perfector - 0.5 Oz</p><p>$25.00 ($50.00 / Ounce)</p><a href="https://www.amazon.com/dp/B09TSRF2Q8?tag=eloabder-20&linkCode=osi&th=1&psc=1">View Product</a></div><div class="product"><a href="https://www.amazon.com/dp/B00U3203IY?tag=eloabder-20&linkCode=osi&th=1&psc=1"><img src="https://m.media-amazon.com/images/I/31BL0K5i4vL._SL500_.jpg" alt="Product Image"></a><p>IT Cosmetics Your Skin But Better CC+ Cream Travel Size, Light (W) - Color Correcting Cream, Full-Coverage Foundation, Hydrating Serum & SPF 50+ Sunscreen - Natural Finish - 0.406 fl oz</p><p>$22.00 ($55.00 / Fl Oz)</p><a href="https://www.amazon.com/dp/B00U3203IY?tag=eloabder-20&linkCode=osi&th=1&psc=1">View Product</a></div>
<div class="product"><a href="https://www.amazon.com/dp/B0CG68RTBB?tag=eloabder-20&linkCode=osi&th=1&psc=1"><img src="https://m.media-amazon.com/images/I/51d8MhcTFdL._SL500_.jpg" alt="Product Image"></a><p>Contour Stick, Highlighter Stick, Blush Stick 3Pcs Cream Contour Kit with Contour Brush, Create Face Contour, Non-greasy, Waterproof Long-lasting Effect, Highlighter Makeup Stick for Beginner Medium</p><p>$6.64 ($1.72 / Ounce)</p><a href="https://www.amazon.com/dp/B0CG68RTBB?tag=eloabder-20&linkCode=osi&th=1&psc=1">View Product</a></div><div class="product"><a href="https://www.amazon.com/dp/B0B7713RZQ?tag=eloabder-20&linkCode=osi&th=1&psc=1"><img src="https://m.media-amazon.com/images/I/51pLW0sMwGL._SL500_.jpg" alt="Product Image"></a><p>4 Colors Cream Contour Sticks Makeup Kit, Primer Face Highlighter Contouring for Beginners, Highlight and Contour Kit, Cream Concealer Makeup Blur Stick, Primer Face Corrector 1#,3#</p><p>$9.98</p><a href="https://www.amazon.com/dp/B0B7713RZQ?tag=eloabder-20&linkCode=osi&th=1&psc=1">View Product</a></div><div class="product"><a href="https://www.amazon.com/dp/B014PVXY5W?tag=eloabder-20&linkCode=osi&th=1&psc=1"><img src="https://m.media-amazon.com/images/I/41Qf+n9Gn-L._SL500_.jpg" alt="Product Image"></a><p>Aesthetica Cosmetics Cream Contour and Highlighting Makeup Kit - Contouring Foundation/Concealer Palette - Vegan & Cruelty Free - Step-by-Step Instructions Included</p><p>$29.97 ($47.57 / Ounce)</p><a href="https://www.amazon.com/dp/B014PVXY5W?tag=eloabder-20&linkCode=osi&th=1&psc=1">View Product</a></div><div class="product"><a href="https://www.amazon.com/dp/B0CSCYCQTP?tag=eloabder-20&linkCode=osi&th=1&psc=1"><img src="https://m.media-amazon.com/images/I/41g9O0LMEpL._SL500_.jpg" alt="Product Image"></a><p>Umadit Contour Stick, Blush Stick, Highlighter Stick, Bronzer Stick, 3 Pcs Cream Contour Kit with Brush for a Flawless Look, Contour Stick Makeup Non-Greasy Waterproof, Long-lasting Fair-Medium</p><p>$14.99</p><a href="https://www.amazon.com/dp/B0CSCYCQTP?tag=eloabder-20&linkCode=osi&th=1&psc=1">View Product</a></div><div class="product"><a href="https://www.amazon.com/dp/B0C6MYW7FC?tag=eloabder-20&linkCode=osi&th=1&psc=1"><img src="https://m.media-amazon.com/images/I/51CRa+rR5yL._SL500_.jpg" alt="Product Image"></a><p>3Pcs Cream Contour Stick Makeup Kit,Shades with Highlighter Stick,Blush Stick and Bronzer Contour Stick for Sculpt the Cheeks,Long Lasting,Waterproof,Matte & Dewy Finish,LIGHT MEDIUM (#02,05,06)</p><p>$12.99</p><a href="https://www.amazon.com/dp/B0C6MYW7FC?tag=eloabder-20&linkCode=osi&th=1&psc=1">View Product</a></div><div class="product"><a href="https://www.amazon.com/dp/B074G44PVR?tag=eloabder-20&linkCode=osi&th=1&psc=1"><img src="https://m.media-amazon.com/images/I/41dMa+Rs2NL._SL500_.jpg" alt="Product Image"></a><p>W7 Lift & Sculpt Cream Contour Kit - Concealing, Highlighting & Contouring Makeup Palette - Step-by-Step Instructions Included</p><p>$6.29 ($8.99 / Ounce)</p><a href="https://www.amazon.com/dp/B074G44PVR?tag=eloabder-20&linkCode=osi&th=1&psc=1">View Product</a></div><div class="product"><a href="https://www.amazon.com/dp/B0045J2GKY?tag=eloabder-20&linkCode=osi&th=1&psc=1"><img src="https://m.media-amazon.com/images/I/31m4Yh07iZL._SL500_.jpg" alt="Product Image"></a><p>Smashbox Step-By-Step Contour, Highlighter, & Bronzer Face Palette with Angled Brush, Light/Medium</p><p>$40.00 ($100.00 / Ounce)</p><a href="https://www.amazon.com/dp/B0045J2GKY?tag=eloabder-20&linkCode=osi&th=1&psc=1">View Product</a></div><div class="product"><a href="https://www.amazon.com/dp/B0169YYBYQ?tag=eloabder-20&linkCode=osi&th=1&psc=1"><img src="https://m.media-amazon.com/images/I/31BGUv-HtUL._SL500_.jpg" alt="Product Image"></a><p>Maybelline Facestudio Master Contour Face Contouring Kit, Light to Medium, 1 Count</p><p>$9.98 ($28.51 / Ounce)</p><a href="https://www.amazon.com/dp/B0169YYBYQ?tag=eloabder-20&linkCode=osi&th=1&psc=1">View Product</a></div><div class="product"><a href="https://www.amazon.com/dp/B00HG1JMB4?tag=eloabder-20&linkCode=osi&th=1&psc=1"><img src="https://m.media-amazon.com/images/I/31wv1eTLSgL._SL500_.jpg" alt="Product Image"></a><p>Anastasia Beverly Hills Contour Powder Kit - Light to Medium Women 0.66 oz</p><p>$40.00 ($60.61 / Ounce)</p><a href="https://www.amazon.com/dp/B00HG1JMB4?tag=eloabder-20&linkCode=osi&th=1&psc=1">View Product</a></div><div class="product"><a href="https://www.amazon.com/dp/B0CZLKZ5MV?tag=eloabder-20&linkCode=osi&th=1&psc=1"><img src="https://m.media-amazon.com/images/I/41bkKtdgzlL._SL500_.jpg" alt="Product Image"></a><p>3Pcs Cream Contour Stick Makeup Kit, Shades with Highlighter Stick, Blush Stick and Bronzer Contour Stick for Sculpt the Cheeks, Long Lasting, Waterproof, Matte & Dewy Finish (LIGHT MEDIUM)</p><p>$9.99</p><a href="https://www.amazon.com/dp/B0CZLKZ5MV?tag=eloabder-20&linkCode=osi&th=1&psc=1">View Product</a></div>
<div class="product"><a href="https://www.amazon.com/dp/B00WZQTCS8?tag=eloabder-20&linkCode=osi&th=1&psc=1"><img src="https://m.media-amazon.com/images/I/41iVoW5QboL._SL500_.jpg" alt="Product Image"></a><p>NYX PROFESSIONAL MAKEUP Micro Brow Pencil, Eyebrow Pencil - Espresso</p><p>$7.33</p><a href="https://www.amazon.com/dp/B00WZQTCS8?tag=eloabder-20&linkCode=osi&th=1&psc=1">View Product</a></div><div class="product"><a href="https://www.amazon.com/dp/B01643FI0I?tag=eloabder-20&linkCode=osi&th=1&psc=1"><img src="https://m.media-amazon.com/images/I/21w1DpgxRoL._SL500_.jpg" alt="Product Image"></a><p>L'Oreal Paris Makeup Brow Stylist Definer Waterproof Eyebrow Pencil, Ultra-Fine Mechanical Pencil, Draws Tiny Brow Hairs and Fills in Sparse Areas and Gaps, Dark Brunette, 0.003 Ounce (Pack of 1)</p><p>$8.98</p><a href="https://www.amazon.com/dp/B01643FI0I?tag=eloabder-20&linkCode=osi&th=1&psc=1">View Product</a></div><div class="product"><a href="https://www.amazon.com/dp/B074VD4X7W?tag=eloabder-20&linkCode=osi&th=1&psc=1"><img src="https://m.media-amazon.com/images/I/41eK8J1W2rL._SL500_.jpg" alt="Product Image"></a><p>Maybelline Total Temptation Eyebrow Definer Pencil, Soft Brown, 1 Count</p><p>$8.99</p><a href="https://www.amazon.com/dp/B074VD4X7W?tag=eloabder-20&linkCode=osi&th=1&psc=1">View Product</a></div><div class="product"><a href="https://www.amazon.com/dp/B0797NNXS7?tag=eloabder-20&linkCode=osi&th=1&psc=1"><img src="https://m.media-amazon.com/images/I/31M1oepnAnL._SL500_.jpg" alt="Product Image"></a><p>wet n wild Ultimate Eyebrow Retractable Definer Pencil, Dark Brown, Dual-Sided, Fine Tip, Shapes, Defines, Fills Brows Makeup</p><p>$3.26</p><a href="https://www.amazon.com/dp/B0797NNXS7?tag=eloabder-20&linkCode=osi&th=1&psc=1">View Product</a></div><div class="product"><a href="https://www.amazon.com/dp/B0B52KG7YP?tag=eloabder-20&linkCode=osi&th=1&psc=1"><img src="https://m.media-amazon.com/images/I/31Mi4FEPxYL._SL500_.jpg" alt="Product Image"></a><p>e.l.f. Instant Lift Brow Pencil, Dual-Ended Precision Brow Pencils For Shaping & Defining Eyebrows, Vegan & Cruelty-Free, Neutral Brown, 2-Pack</p><p>$5.00</p><a href="https://www.amazon.com/dp/B0B52KG7YP?tag=eloabder-20&linkCode=osi&th=1&psc=1">View Product</a></div><div class="product"><a href="https://www.amazon.com/dp/B0CPFY8K8W?tag=eloabder-20&linkCode=osi&th=1&psc=1"><img src="https://m.media-amazon.com/images/I/21SmXiqZZYL._SL500_.jpg" alt="Product Image"></a><p>e.l.f. Instant Lift Waterproof Brow Pencil, Long-Lasting Eyebrow Pencil For Grooming & Shaping Brows, Vegan & Cruelty-free, Deep Brown</p><p>$4.00</p><a href="https://www.amazon.com/dp/B0CPFY8K8W?tag=eloabder-20&linkCode=osi&th=1&psc=1">View Product</a></div><div class="product"><a href="https://www.amazon.com/dp/B0779TDXZD?tag=eloabder-20&linkCode=osi&th=1&psc=1"><img src="https://m.media-amazon.com/images/I/31lQjBd5GoL._SL500_.jpg" alt="Product Image"></a><p>COVERGIRL - Easy Breezy Brow Micro-Fine + Define Pencil, Micro-fine tip, no sharpening required, Built-in spoolie-brush, 100% Cruelty-Free</p><p>$6.98</p><a href="https://www.amazon.com/dp/B0779TDXZD?tag=eloabder-20&linkCode=osi&th=1&psc=1">View Product</a></div><div class="product"><a href="https://www.amazon.com/dp/B001ESKLZQ?tag=eloabder-20&linkCode=osi&th=1&psc=1"><img src="https://m.media-amazon.com/images/I/31bw47frHzS._SL500_.jpg" alt="Product Image"></a><p>COVERGIRL - Easy Breezy Brow Fill + Define Brow Pencil, Sharpener Included, Long-Lasting, Deeply Pigmented, Blendable Formula, 100% Cruelty-Free</p><p>$4.47</p><a href="https://www.amazon.com/dp/B001ESKLZQ?tag=eloabder-20&linkCode=osi&th=1&psc=1">View Product</a></div><div class="product"><a href="https://www.amazon.com/dp/B0BZB5S5VZ?tag=eloabder-20&linkCode=osi&th=1&psc=1"><img src="https://m.media-amazon.com/images/I/21yggYcUn7L._SL500_.jpg" alt="Product Image"></a><p>Maybelline Express Brow Ultra Slim Eyebrow Makeup, Brow Pencil with Precision Tip and Spoolie for Defined Eyebrows, Ash Brown, 1 Count</p><p>$7.99</p><a href="https://www.amazon.com/dp/B0BZB5S5VZ?tag=eloabder-20&linkCode=osi&th=1&psc=1">View Product</a></div><div class="product"><a href="https://www.amazon.com/dp/B0D12PWNK6?tag=eloabder-20&linkCode=osi&th=1&psc=1"><img src="https://m.media-amazon.com/images/I/51u7eOlEtFL._SL500_.jpg" alt="Product Image"></a><p>iMethod Microblading Eyebrow Pen - Eyebrow Pencil Magical 2-in-1 Dual-Ended Eye Brow Pencils for Women with 4-Fork-Tip & Precise Brush-Tip Create Natural Hair-Like Brows, Last All-Day, Dark Brown</p><p>$14.97 ($14.97 / Count)</p><a href="https://www.amazon.com/dp/B0D12PWNK6?tag=eloabder-20&linkCode=osi&th=1&psc=1">View Product</a></div>
<div class="product"><a href="https://www.amazon.com/dp/B08M58SWB1?tag=eloabder-20&linkCode=osi&th=1&psc=1"><img src="https://m.media-amazon.com/images/I/310xAdliG2L._SL500_.jpg" alt="Product Image"></a><p>NYX PROFESSIONAL MAKEUP The Brow Glue, Extreme Hold Eyebrow Gel - Clear</p><p>$9.97</p><a href="https://www.amazon.com/dp/B08M58SWB1?tag=eloabder-20&linkCode=osi&th=1&psc=1">View Product</a></div><div class="product"><a href="https://www.amazon.com/dp/B0CXZHMR7J?tag=eloabder-20&linkCode=osi&th=1&psc=1"><img src="https://m.media-amazon.com/images/I/31Yeo2ybK3L._SL500_.jpg" alt="Product Image"></a><p>L'Oreal Paris Infallible Up To 24H Wear Brow Lamination, Water-Resistant Longwear Eyebrow Gel Make Up, Clear/Transparent, 0.16 Fl Oz</p><p>$10.98</p><a href="https://www.amazon.com/dp/B0CXZHMR7J?tag=eloabder-20&linkCode=osi&th=1&psc=1">View Product</a></div><div class="product"><a href="https://www.amazon.com/dp/B00INCDKDQ?tag=eloabder-20&linkCode=osi&th=1&psc=1"><img src="https://m.media-amazon.com/images/I/31av5tR14oL._SL500_.jpg" alt="Product Image"></a><p>NYX PROFESSIONAL MAKEUP Control Freak Eyebrow Gel - Clear</p><p>$5.25</p><a href="https://www.amazon.com/dp/B00INCDKDQ?tag=eloabder-20&linkCode=osi&th=1&psc=1">View Product</a></div><div class="product"><a href="https://www.amazon.com/dp/B0815D98F3?tag=eloabder-20&linkCode=osi&th=1&psc=1"><img src="https://m.media-amazon.com/images/I/21QZMOUJnZL._SL500_.jpg" alt="Product Image"></a><p>e.l.f. Wow Brow Gel, Volumizing, Buildable, Wax-Gel Hybrid, Creates Full, Voluminous-Looking Brows, Locks Brow Hairs In Place, Neutral Brown, Fiber-Infused, 0.12 Oz</p><p>$5.00</p><a href="https://www.amazon.com/dp/B0815D98F3?tag=eloabder-20&linkCode=osi&th=1&psc=1">View Product</a></div><div class="product"><a href="https://www.amazon.com/dp/B0CZ9RC3LP?tag=eloabder-20&linkCode=osi&th=1&psc=1"><img src="https://m.media-amazon.com/images/I/31iejSSA86L._SL500_.jpg" alt="Product Image"></a><p>Maybelline Super Lock Brow Glue Eyebrow Gel, Lightweight Brow Gel For Up To 24HR Hold, Clear, 1 Count</p><p>$8.98</p><a href="https://www.amazon.com/dp/B0CZ9RC3LP?tag=eloabder-20&linkCode=osi&th=1&psc=1">View Product</a></div><div class="product"><a href="https://www.amazon.com/dp/B07GYBFBLY?tag=eloabder-20&linkCode=osi&th=1&psc=1"><img src="https://m.media-amazon.com/images/I/41kXdvFl3lL._SL500_.jpg" alt="Product Image"></a><p>L'Oreal Paris Unbelieva-Brow Longwear Waterproof Tinted Brow Gel, Smudge-resistant, Transfer- Proof, Quick Drying, Easy and quick application with precise brush, Blonde, 0.15 fl. oz.</p><p>$14.99</p><a href="https://www.amazon.com/dp/B07GYBFBLY?tag=eloabder-20&linkCode=osi&th=1&psc=1">View Product</a></div><div class="product"><a href="https://www.amazon.com/dp/B0BSP2J3BH?tag=eloabder-20&linkCode=osi&th=1&psc=1"><img src="https://m.media-amazon.com/images/I/316Jdh8JQ8L._SL500_.jpg" alt="Product Image"></a><p>e.l.f. Clear Lash & Brow Mascara 2-Pack, Conditioning Clear Brow & Lash Gel For Grooming, Defining & Separating, Long-Lasting, Vegan & Cruelty-Free</p><p>$5.00</p><a href="https://www.amazon.com/dp/B0BSP2J3BH?tag=eloabder-20&linkCode=osi&th=1&psc=1">View Product</a></div><div class="product"><a href="https://www.amazon.com/dp/B0D3FGY5D6?tag=eloabder-20&linkCode=osi&th=1&psc=1"><img src="https://m.media-amazon.com/images/I/31aAxHQKwVL._SL500_.jpg" alt="Product Image"></a><p>e.l.f. Brow Laminating Gel, Strong-Hold, Clear-Drying & Water-Resistant Brow Gel Creates Laminated Brows, Comb & Sculpt Brows, Vegan & Cruelty-free</p><p>$8.00</p><a href="https://www.amazon.com/dp/B0D3FGY5D6?tag=eloabder-20&linkCode=osi&th=1&psc=1">View Product</a></div><div class="product"><a href="https://www.amazon.com/dp/B00GI21NZA?tag=eloabder-20&linkCode=osi&th=1&psc=1"><img src="https://m.media-amazon.com/images/I/31w5F4g8lsL._SL500_.jpg" alt="Product Image"></a><p>Anastasia Beverly Hills - Clear Brow Gel</p><p>$22.00 ($22.00 / Count)</p><a href="https://www.amazon.com/dp/B00GI21NZA?tag=eloabder-20&linkCode=osi&th=1&psc=1">View Product</a></div>
<div class="product"><a href="https://www.amazon.com/dp/B001AAVC7Y?tag=eloabder-20&linkCode=osi&th=1&psc=1"><img src="https://m.media-amazon.com/images/I/51pWQb458XL._SL500_.jpg" alt="Product Image"></a><p>Palladio Brow Powder for Eyebrows, Soft and Natural Eyebrow Powder with Jojoba Oil & Shea Butter, Helps Enhance & Define Brows, Compact Size for Purse or Travel, Includes Applicator Brush, Taupe</p><p>$8.99</p><a href="https://www.amazon.com/dp/B001AAVC7Y?tag=eloabder-20&linkCode=osi&th=1&psc=1">View Product</a></div><div class="product"><a href="https://www.amazon.com/dp/B082YQ4QXJ?tag=eloabder-20&linkCode=osi&th=1&psc=1"><img src="https://m.media-amazon.com/images/I/41eSAKmXl+L._SL500_.jpg" alt="Product Image"></a><p>wet n wild Ultimate Eyebrow Makeup Kit, Eyebrow Powder Dark Brown, Brow Hair Removal Tweezers, Wax, Brush</p><p>$4.47</p><a href="https://www.amazon.com/dp/B082YQ4QXJ?tag=eloabder-20&linkCode=osi&th=1&psc=1">View Product</a></div><div class="product"><a href="https://www.amazon.com/dp/B06XRTKFLK?tag=eloabder-20&linkCode=osi&th=1&psc=1"><img src="https://m.media-amazon.com/images/I/41XwKxED0-L._SL500_.jpg" alt="Product Image"></a><p>COVERGIRL - Easy Breezy Brow Powder Kit, three shades brow definer, professional double-ended angled brush, effortless, 100% Cruelty-Free</p><p>$8.83</p><a href="https://www.amazon.com/dp/B06XRTKFLK?tag=eloabder-20&linkCode=osi&th=1&psc=1">View Product</a></div><div class="product"><a href="https://www.amazon.com/dp/B00L1JKKMC?tag=eloabder-20&linkCode=osi&th=1&psc=1"><img src="https://m.media-amazon.com/images/I/31bkV3lHN+L._SL500_.jpg" alt="Product Image"></a><p>Anastasia Beverly Hills - Brow Powder Duo - Soft Brown</p><p>$23.00</p><a href="https://www.amazon.com/dp/B00L1JKKMC?tag=eloabder-20&linkCode=osi&th=1&psc=1">View Product</a></div><div class="product"><a href="https://www.amazon.com/dp/B00MGK9Q5M?tag=eloabder-20&linkCode=osi&th=1&psc=1"><img src="https://m.media-amazon.com/images/I/415oCHJxIQL._SL500_.jpg" alt="Product Image"></a><p>Rimmel Brow This Way Sculpting Kit, Medium Brown, Powder 0.04 Ounce, Wax 0.03 Ounce</p><p>$6.99</p><a href="https://www.amazon.com/dp/B00MGK9Q5M?tag=eloabder-20&linkCode=osi&th=1&psc=1">View Product</a></div><div class="product"><a href="https://www.amazon.com/dp/B0051UM9VC?tag=eloabder-20&linkCode=osi&th=1&psc=1"><img src="https://m.media-amazon.com/images/I/41Y-UExgalL._SL500_.jpg" alt="Product Image"></a><p>Billion Dollar BrowBillion Dollar Brows - Eyebrow Powder - Blonde Powder, Blonde,</p><p>$10.99</p><a href="https://www.amazon.com/dp/B0051UM9VC?tag=eloabder-20&linkCode=osi&th=1&psc=1">View Product</a></div><div class="product"><a href="https://www.amazon.com/dp/B08KJBZTJG?tag=eloabder-20&linkCode=osi&th=1&psc=1"><img src="https://m.media-amazon.com/images/I/41MbUKhqKML._SL500_.jpg" alt="Product Image"></a><p>Eyebrow powder three-color eyebrow palette beauty contour eyebrow pencil professional eye makeup eyebrow filler1</p><p>$5.16 ($24.57 / Ounce)</p><a href="https://www.amazon.com/dp/B08KJBZTJG?tag=eloabder-20&linkCode=osi&th=1&psc=1">View Product</a></div><div class="product"><a href="https://www.amazon.com/dp/B0C5N2BWM2?tag=eloabder-20&linkCode=osi&th=1&psc=1"><img src="https://m.media-amazon.com/images/I/41JRf57GnvL._SL500_.jpg" alt="Product Image"></a><p>Eyebrow Powder Makeup Kit-3 Colors Eye Brow Powder Palette Long-Lasting Waterproof, Dark/light Brown Brow Filler, Fill & Sculpt Full Eyebrows for Women, With Mirror, Brow Brush & Razor-Set 02</p><p>$7.99 ($38.05 / Ounce)</p><a href="https://www.amazon.com/dp/B0C5N2BWM2?tag=eloabder-20&linkCode=osi&th=1&psc=1">View Product</a></div><div class="product"><a href="https://www.amazon.com/dp/B00M42I62G?tag=eloabder-20&linkCode=osi&th=1&psc=1"><img src="https://m.media-amazon.com/images/I/51Se54PcS2L._SL500_.jpg" alt="Product Image"></a><p>Marie-José & Co Medium Brown Eyebrow Powder - Perfect eyebrows, powder smooth!</p><p>$17.95</p><a href="https://www.amazon.com/dp/B00M42I62G?tag=eloabder-20&linkCode=osi&th=1&psc=1">View Product</a></div>
<div class="product"><a href="https://www.amazon.com/dp/B085WR3YDT?tag=eloabder-20&linkCode=osi&th=1&psc=1"><img src="https://m.media-amazon.com/images/I/41cuO8PyoTL._SL500_.jpg" alt="Product Image"></a><p>wet n wild Color Icon Cream Eyeshadow Multi-Stick, Moisturizing, Nourishing Velvety Cream-to-Powder Buildable & Blendable Formula, Cruelty-Free & Vegan - Champagne Room</p><p>$3.28</p><a href="https://www.amazon.com/dp/B085WR3YDT?tag=eloabder-20&linkCode=osi&th=1&psc=1">View Product</a></div><div class="product"><a href="https://www.amazon.com/dp/B01IW02HX2?tag=eloabder-20&linkCode=osi&th=1&psc=1"><img src="https://m.media-amazon.com/images/I/510F-WOAL4L._SL500_.jpg" alt="Product Image"></a><p>NYX PROFESSIONAL MAKEUP Ultimate Shadow Palette, Eyeshadow Palette - Warm Neutrals</p><p>$9.99</p><a href="https://www.amazon.com/dp/B01IW02HX2?tag=eloabder-20&linkCode=osi&th=1&psc=1">View Product</a></div><div class="product"><a href="https://www.amazon.com/dp/B092JQ23N5?tag=eloabder-20&linkCode=osi&th=1&psc=1"><img src="https://m.media-amazon.com/images/I/51OUufwItlL._SL500_.jpg" alt="Product Image"></a><p>URBAN DECAY 24/7 Longwear Eyeshadow Single (Sin - Champagne Shimmer), High-Pigment Eye Shadow Compact, Smooth & Blendable Colors, Crease-free, Vegan - 0.06 oz</p><p>$22.00</p><a href="https://www.amazon.com/dp/B092JQ23N5?tag=eloabder-20&linkCode=osi&th=1&psc=1">View Product</a></div><div class="product"><a href="https://www.amazon.com/dp/B00L5SMFJU?tag=eloabder-20&linkCode=osi&th=1&psc=1"><img src="https://m.media-amazon.com/images/I/41-WaM3A3tL._SL500_.jpg" alt="Product Image"></a><p>Covergirl Eye Enhancers Eye Shadow Palette, Natural Nudes, 0.19 Ounce</p><p>$5.48</p><a href="https://www.amazon.com/dp/B00L5SMFJU?tag=eloabder-20&linkCode=osi&th=1&psc=1">View Product</a></div><div class="product"><a href="https://www.amazon.com/dp/B01LW1983J?tag=eloabder-20&linkCode=osi&th=1&psc=1"><img src="https://m.media-amazon.com/images/I/51EsPf59XBL._SL500_.jpg" alt="Product Image"></a><p>Julep Eyeshadow 101 Crème to Powder Waterproof Eyeshadow Stick, Champagne Shimmer</p><p>$18.00</p><a href="https://www.amazon.com/dp/B01LW1983J?tag=eloabder-20&linkCode=osi&th=1&psc=1">View Product</a></div><div class="product"><a href="https://www.amazon.com/dp/B0D3FGFBGQ?tag=eloabder-20&linkCode=osi&th=1&psc=1"><img src="https://m.media-amazon.com/images/I/31HD2nUWJSL._SL500_.jpg" alt="Product Image"></a><p>e.l.f. Lock It Down Eyeshadow Primer, Smooth, Creamy Primer For Long-Lasting Eyeshadow, Intensifies Liquid & Powder Color, Vegan & Cruelty-free</p><p>$7.00</p><a href="https://www.amazon.com/dp/B0D3FGFBGQ?tag=eloabder-20&linkCode=osi&th=1&psc=1">View Product</a></div><div class="product"><a href="https://www.amazon.com/dp/B00UKP1M2K?tag=eloabder-20&linkCode=osi&th=1&psc=1"><img src="https://m.media-amazon.com/images/I/41hSsvPHKxL._SL500_.jpg" alt="Product Image"></a><p>Maybelline The Blushed Nudes Eyeshadow Palette Makeup, 12 Pigmented Matte & Shimmer Shades, Blendable Powder, 1 Count</p><p>$9.32</p><a href="https://www.amazon.com/dp/B00UKP1M2K?tag=eloabder-20&linkCode=osi&th=1&psc=1">View Product</a></div><div class="product"><a href="https://www.amazon.com/dp/B07MQJRK7N?tag=eloabder-20&linkCode=osi&th=1&psc=1"><img src="https://m.media-amazon.com/images/I/41yzRaUSPiL._SL500_.jpg" alt="Product Image"></a><p>Highly Pigmented Eye Makeup Palette, Matte Shimmer Metallic Eyeshadow Pallet Long Lasting Blendable Natural Colors Make Up Eye Shadows Cosmetics Gift Kit</p><p>$7.39</p><a href="https://www.amazon.com/dp/B07MQJRK7N?tag=eloabder-20&linkCode=osi&th=1&psc=1">View Product</a></div><div class="product"><a href="https://www.amazon.com/dp/B08RS6WNX7?tag=eloabder-20&linkCode=osi&th=1&psc=1"><img src="https://m.media-amazon.com/images/I/51qCii788PL._SL500_.jpg" alt="Product Image"></a><p>wet n wild Color Icon 5-Pan Palette Brown Walking On Eggshells</p><p>$3.19</p><a href="https://www.amazon.com/dp/B08RS6WNX7?tag=eloabder-20&linkCode=osi&th=1&psc=1">View Product</a></div><div class="product"><a href="https://www.amazon.com/dp/B073ZBGLJF?tag=eloabder-20&linkCode=osi&th=1&psc=1"><img src="https://m.media-amazon.com/images/I/41go9Ug8AOL._SL500_.jpg" alt="Product Image"></a><p>BestLand 2 Pack 12 Colors Makeup Nude Colors Eyeshadow Palette Natural Nude Matte Shimmer Glitter Pigment Eye Shadow Pallete Set Waterproof Smokey Professional Beauty Makeup Kit (2 PCS)</p><p>$9.99</p><a href="https://www.amazon.com/dp/B073ZBGLJF?tag=eloabder-20&linkCode=osi&th=1&psc=1">View Product</a></div>
<div class="product"><a href="https://www.amazon.com/dp/B095PSJ7QV?tag=eloabder-20&linkCode=osi&th=1&psc=1"><img src="https://m.media-amazon.com/images/I/41KLL00KKZL._SL500_.jpg" alt="Product Image"></a><p>URBAN DECAY Naked3 Mini Eyeshadow Palette - Pigmented Eye Makeup Palette For On the Go - Ultra Blendable - Up to 12 Hour Wear</p><p>$35.00</p><a href="https://www.amazon.com/dp/B095PSJ7QV?tag=eloabder-20&linkCode=osi&th=1&psc=1">View Product</a></div><div class="product"><a href="https://www.amazon.com/dp/B07DZZG8X4?tag=eloabder-20&linkCode=osi&th=1&psc=1"><img src="https://m.media-amazon.com/images/I/41Rbe3ixSHL._SL500_.jpg" alt="Product Image"></a><p>Rimmel London Magnif'Eyes Eyeshadow Palette, 12 Shades, Blendable Formula, Versatile, 007, Crimson, 0.5oz</p><p>$3.70</p><a href="https://www.amazon.com/dp/B07DZZG8X4?tag=eloabder-20&linkCode=osi&th=1&psc=1">View Product</a></div><div class="product"><a href="https://www.amazon.com/dp/B00HIFA24O?tag=eloabder-20&linkCode=osi&th=1&psc=1"><img src="https://m.media-amazon.com/images/I/41pHzrdjcPL._SL500_.jpg" alt="Product Image"></a><p>URBAN DECAY Naked 3, Soft Pink Neutral Eyeshadow Palette, Matte, Pearl, Metallic, Shimmer Finish, 12 Mauve Brown & Nude Eye Shadows, Natural Soft Glam Smokey Eye Makeup, Vegan, Cruelty-free</p><p>$59.00</p><a href="https://www.amazon.com/dp/B00HIFA24O?tag=eloabder-20&linkCode=osi&th=1&psc=1">View Product</a></div><div class="product"><a href="https://www.amazon.com/dp/B0CP49R493?tag=eloabder-20&linkCode=osi&th=1&psc=1"><img src="https://m.media-amazon.com/images/I/41mV4uKx5HL._SL500_.jpg" alt="Product Image"></a><p>FLYEEO Neutral Brown Eye Shadow palette- Rose Gold Dark Brown Eyeshadow Palette Colorful 9 Colors, Matte Shimmer Highly Pigmented Nude Eyeshadow Palette Makeup Naturing-Looking Long Lasting</p><p>$5.88</p><a href="https://www.amazon.com/dp/B0CP49R493?tag=eloabder-20&linkCode=osi&th=1&psc=1">View Product</a></div><div class="product"><a href="https://www.amazon.com/dp/B0CYX9V642?tag=eloabder-20&linkCode=osi&th=1&psc=1"><img src="https://m.media-amazon.com/images/I/51jaIKsO-uL._SL500_.jpg" alt="Product Image"></a><p>imakeupnow 45 Shades Eye Shadow Makeup Palette Set Colorful Bright, High Pigmented Eyeshadow Pallets, Matte Shimmer Glitter for Halloween</p><p>$7.59</p><a href="https://www.amazon.com/dp/B0CYX9V642?tag=eloabder-20&linkCode=osi&th=1&psc=1">View Product</a></div>
<div class="product"><a href="https://www.amazon.com/dp/B0C9TXLWLY?tag=eloabder-20&linkCode=osi&th=1&psc=1"><img src="https://m.media-amazon.com/images/I/31-5KVw5KDL._SL500_.jpg" alt="Product Image"></a><p>PRIME PROMETICS PrimeEyes Glide Eyeliner for Mature Women – Water-Resistant, Long-Stay and Mess-Proof – Gel Cream Texture, Discreet Sharpener and Effective Smudger (Black)</p><p>$28.00 ($28.00 / Count)</p><a href="https://www.amazon.com/dp/B0C9TXLWLY?tag=eloabder-20&linkCode=osi&th=1&psc=1">View Product</a></div><div class="product"><a href="https://www.amazon.com/dp/B07MWSXPT1?tag=eloabder-20&linkCode=osi&th=1&psc=1"><img src="https://m.media-amazon.com/images/I/315xthaPi6L._SL500_.jpg" alt="Product Image"></a><p>e.l.f. No Budge Retractable Eyeliner, Creamy, Ultra-Pigmented & Waterproof, Creates Bold & Defined Lines, Vegan & Cruelty-Free, Black 0.006 Oz</p><p>$4.00</p><a href="https://www.amazon.com/dp/B07MWSXPT1?tag=eloabder-20&linkCode=osi&th=1&psc=1">View Product</a></div><div class="product"><a href="https://www.amazon.com/dp/B07W8JJ61X?tag=eloabder-20&linkCode=osi&th=1&psc=1"><img src="https://m.media-amazon.com/images/I/31wj5vRROwL._SL500_.jpg" alt="Product Image"></a><p>Maybelline Hyper Easy Liquid Pen No-Skip Eyeliner, Satin Finish, Waterproof Formula, Pitch Black, 0.018 Fl Oz</p><p>$8.38</p><a href="https://www.amazon.com/dp/B07W8JJ61X?tag=eloabder-20&linkCode=osi&th=1&psc=1">View Product</a></div><div class="product"><a href="https://www.amazon.com/dp/B01J1A3TFW?tag=eloabder-20&linkCode=osi&th=1&psc=1"><img src="https://m.media-amazon.com/images/I/51z42sdOArL._SL500_.jpg" alt="Product Image"></a><p>Revlon Pencil Eyeliner, ColorStay Eye Makeup with Built-in Sharpener, Waterproof, Smudge-proof, Longwearing with Ultra-Fine Tip, 201 Black, 2 count (Pack of 1)</p><p>$11.38</p><a href="https://www.amazon.com/dp/B01J1A3TFW?tag=eloabder-20&linkCode=osi&th=1&psc=1">View Product</a></div><div class="product"><a href="https://www.amazon.com/dp/B074Y8LM6T?tag=eloabder-20&linkCode=osi&th=1&psc=1"><img src="https://m.media-amazon.com/images/I/316blXt1KxL._SL500_.jpg" alt="Product Image"></a><p>NYX PROFESSIONAL MAKEUP Epic Ink Liner, Waterproof Liquid Eyeliner - Black, Vegan Formula</p><p>$7.50</p><a href="https://www.amazon.com/dp/B074Y8LM6T?tag=eloabder-20&linkCode=osi&th=1&psc=1">View Product</a></div><div class="product"><a href="https://www.amazon.com/dp/B005G9E9FW?tag=eloabder-20&linkCode=osi&th=1&psc=1"><img src="https://m.media-amazon.com/images/I/51poZdEojrL._SL500_.jpg" alt="Product Image"></a><p>NYX PROFESSIONAL MAKEUP Vivid Rich Mechanical Eye Pencil, Vivid Rich Mechanical, Creamy Retractable Eyeliner - Smokin Topaz, Brown Eyeliner</p><p>$6.00</p><a href="https://www.amazon.com/dp/B005G9E9FW?tag=eloabder-20&linkCode=osi&th=1&psc=1">View Product</a></div><div class="product"><a href="https://www.amazon.com/dp/B082YQ8TXR?tag=eloabder-20&linkCode=osi&th=1&psc=1"><img src="https://m.media-amazon.com/images/I/31Et4E-arpL._SL500_.jpg" alt="Product Image"></a><p>wet n wild Mega Last Breakup Proof Liquid Eyeliner - Quick Drying, Smudge-Resistant, 16-Hour Wear - Cruelty-Free & Vegan - Black</p><p>$5.47</p><a href="https://www.amazon.com/dp/B082YQ8TXR?tag=eloabder-20&linkCode=osi&th=1&psc=1">View Product</a></div><div class="product"><a href="https://www.amazon.com/dp/B07NX61ZHN?tag=eloabder-20&linkCode=osi&th=1&psc=1"><img src="https://m.media-amazon.com/images/I/31kQNTwJazL._SL500_.jpg" alt="Product Image"></a><p>Rimmel London exaggerate auto waterproof eye definer in blackest black, 2 Count</p><p>$6.97</p><a href="https://www.amazon.com/dp/B07NX61ZHN?tag=eloabder-20&linkCode=osi&th=1&psc=1">View Product</a></div><div class="product"><a href="https://www.amazon.com/dp/B082YPRCMM?tag=eloabder-20&linkCode=osi&th=1&psc=1"><img src="https://m.media-amazon.com/images/I/317ubI9GTBL._SL500_.jpg" alt="Product Image"></a><p>wet n wild Mega Last Breakup Proof Eyeliner, Quick Drying, Waterproof, 16-Hour Wear - Cruelty-Free & Vegan - Blackest Black</p><p>$2.28</p><a href="https://www.amazon.com/dp/B082YPRCMM?tag=eloabder-20&linkCode=osi&th=1&psc=1">View Product</a></div><div class="product"><a href="https://www.amazon.com/dp/B07GX832KD?tag=eloabder-20&linkCode=osi&th=1&psc=1"><img src="https://m.media-amazon.com/images/I/315wR2F58-L._SL500_.jpg" alt="Product Image"></a><p>Maybelline TattooStudio Long-Lasting Sharpenable Eyeliner Pencil, Glide on Smooth Gel Pigments with 36 Hour Wear, Waterproof, Deep Onyx, 1 Count</p><p>$6.42</p><a href="https://www.amazon.com/dp/B07GX832KD?tag=eloabder-20&linkCode=osi&th=1&psc=1">View Product</a></div>
<div class="product"><a href="https://www.amazon.com/dp/B0BG7MWNNN?tag=eloabder-20&linkCode=osi&th=1&psc=1"><img src="https://m.media-amazon.com/images/I/41E8W4N+FkL._SL500_.jpg" alt="Product Image"></a><p>Prime Prometics PrimeLash Mascara for Older Women – Volumizing, Incredible Length in 2 Coats – Long-Stay, Zero Clumps, Hypoallergenic (Brown)</p><p>$28.00</p><a href="https://www.amazon.com/dp/B0BG7MWNNN?tag=eloabder-20&linkCode=osi&th=1&psc=1">View Product</a></div><div class="product"><a href="https://www.amazon.com/dp/B00T0C9XRK?tag=eloabder-20&linkCode=osi&th=1&psc=1"><img src="https://m.media-amazon.com/images/I/41IP2ZEXFNL._SL500_.jpg" alt="Product Image"></a><p>essence | Lash Princess False Lash Effect Mascara | Volumizing & Lengthening | Cruelty Free & Paraben Free</p><p>$4.99 ($12.17 / Fl Oz )</p><a href="https://www.amazon.com/dp/B00T0C9XRK?tag=eloabder-20&linkCode=osi&th=1&psc=1">View Product</a></div><div class="product"><a href="https://www.amazon.com/dp/B08H3JPH74?tag=eloabder-20&linkCode=osi&th=1&psc=1"><img src="https://m.media-amazon.com/images/I/31hf532TEHL._SL500_.jpg" alt="Product Image"></a><p>Maybelline Lash Sensational Sky High Washable Mascara Makeup, Volumizing, Lengthening, Defining, Curling, Multiplying, Buildable Formula, Blackest Black, 1 Count</p><p>$9.98</p><a href="https://www.amazon.com/dp/B08H3JPH74?tag=eloabder-20&linkCode=osi&th=1&psc=1">View Product</a></div><div class="product"><a href="https://www.amazon.com/dp/B01DPA6OHO?tag=eloabder-20&linkCode=osi&th=1&psc=1"><img src="https://m.media-amazon.com/images/I/31xGLWu4IKL._SL500_.jpg" alt="Product Image"></a><p>L'Oreal Paris Makeup Voluminous Lash Boosting Conditioning Primer Mascara, White Primer, 0.24 fl; oz.</p><p>$8.88</p><a href="https://www.amazon.com/dp/B01DPA6OHO?tag=eloabder-20&linkCode=osi&th=1&psc=1">View Product</a></div><div class="product"><a href="https://www.amazon.com/dp/B06XF2TR11?tag=eloabder-20&linkCode=osi&th=1&psc=1"><img src="https://m.media-amazon.com/images/I/31B6RR270IL._SL500_.jpg" alt="Product Image"></a><p>L'Oreal Paris Voluminous Makeup Lash Paradise Mascara, Voluptuous Volume, Intense Length, Feathery Soft Full Lashes, No Flaking, No Smudging, No Clumping, Blackest Black, 1 Count</p><p>$9.97</p><a href="https://www.amazon.com/dp/B06XF2TR11?tag=eloabder-20&linkCode=osi&th=1&psc=1">View Product</a></div><div class="product"><a href="https://www.amazon.com/dp/B004BCTFVS?tag=eloabder-20&linkCode=osi&th=1&psc=1"><img src="https://m.media-amazon.com/images/I/31-ICBRxi9L._SL500_.jpg" alt="Product Image"></a><p>L'Oreal Paris Makeup Voluminous Original Volume Building Mascara, Blackest Black, 0.28 fl; Oz, 1 Count</p><p>$8.95</p><a href="https://www.amazon.com/dp/B004BCTFVS?tag=eloabder-20&linkCode=osi&th=1&psc=1">View Product</a></div><div class="product"><a href="https://www.amazon.com/dp/B004BD107O?tag=eloabder-20&linkCode=osi&th=1&psc=1"><img src="https://m.media-amazon.com/images/I/31OWqsdljyL._SL500_.jpg" alt="Product Image"></a><p>L'Oreal Paris Makeup Telescopic Original Lengthening Mascara, Blackest Black, 0.27 Fl Oz (1 Count)</p><p>$10.99</p><a href="https://www.amazon.com/dp/B004BD107O?tag=eloabder-20&linkCode=osi&th=1&psc=1">View Product</a></div><div class="product"><a href="https://www.amazon.com/dp/B00PFCT2R0?tag=eloabder-20&linkCode=osi&th=1&psc=1"><img src="https://m.media-amazon.com/images/I/31RyE6ZtDIL._SL500_.jpg" alt="Product Image"></a><p>Maybelline Lash Sensational Washable Mascara, Lengthening and Volumizing for a Full Fan Effect, Blackest Black, 1 Count</p><p>$8.91</p><a href="https://www.amazon.com/dp/B00PFCT2R0?tag=eloabder-20&linkCode=osi&th=1&psc=1">View Product</a></div><div class="product"><a href="https://www.amazon.com/dp/B08TPCHYLW?tag=eloabder-20&linkCode=osi&th=1&psc=1"><img src="https://m.media-amazon.com/images/I/31EWIaihEwL._SL500_.jpg" alt="Product Image"></a><p>Lancôme Lash Idôle Lash-Lifting & Volumizing Mascara - Black Mascara for Instant Volume, Length & Lift - Smudge Proof & Up To 24H Wear - Black</p><p>$30.00 ($111.11 / Fl Oz)</p><a href="https://www.amazon.com/dp/B08TPCHYLW?tag=eloabder-20&linkCode=osi&th=1&psc=1">View Product</a></div><div class="product"><a href="https://www.amazon.com/dp/B079X4DB3J?tag=eloabder-20&linkCode=osi&th=1&psc=1"><img src="https://m.media-amazon.com/images/I/31jCqqzhgIL._SL500_.jpg" alt="Product Image"></a><p>essence | Volume Booster Lash Primer Mascara | Infused with Mango Butter and Acai Oil for Nurtured Lashes | Conditioning Mascara Primer | White | Vegan | Paraben & Cruelty Free (Pack of 1)</p><p>$4.99</p><a href="https://www.amazon.com/dp/B079X4DB3J?tag=eloabder-20&linkCode=osi&th=1&psc=1">View Product</a></div>
<div class="product"><a href="https://www.amazon.com/dp/B079B8BFR3?tag=eloabder-20&linkCode=osi&th=1&psc=1"><img src="https://m.media-amazon.com/images/I/41DSmndr3KL._SL500_.jpg" alt="Product Image"></a><p>KISS Looks So Natural, False Eyelashes, Shy', 12 mm, Includes 5 Pairs Of Lashes, Contact Lens Friendly, Easy to Apply, Reusable Strip Lashes, Glue On</p><p>$7.09</p><a href="https://www.amazon.com/dp/B079B8BFR3?tag=eloabder-20&linkCode=osi&th=1&psc=1">View Product</a></div><div class="product"><a href="https://www.amazon.com/dp/B09MQCDVM7?tag=eloabder-20&linkCode=osi&th=1&psc=1"><img src="https://m.media-amazon.com/images/I/510lQqrrVtL._SL500_.jpg" alt="Product Image"></a><p>False Eyelashes 14mm Faux 3D Mink Lashes Natural Look Fluffy Cat Eye Wispy Lashes Pack by Kiromiro, 14 Pairs</p><p>$8.89</p><a href="https://www.amazon.com/dp/B09MQCDVM7?tag=eloabder-20&linkCode=osi&th=1&psc=1">View Product</a></div><div class="product"><a href="https://www.amazon.com/dp/B0C5QK1QHP?tag=eloabder-20&linkCode=osi&th=1&psc=1"><img src="https://m.media-amazon.com/images/I/51eSQ4cj35L._SL500_.jpg" alt="Product Image"></a><p>Veleasha Lashes 5D Faux Mink Lashes 100% Handmade Luxurious Fake Eyelashes Lightweight Fluffy False Eyelashes 5 Pairs Pack (G2)</p><p>$6.98 ($1.40 / Count)</p><a href="https://www.amazon.com/dp/B0C5QK1QHP?tag=eloabder-20&linkCode=osi&th=1&psc=1">View Product</a></div><div class="product"><a href="https://www.amazon.com/dp/B00DS4EIEE?tag=eloabder-20&linkCode=osi&th=1&psc=1"><img src="https://m.media-amazon.com/images/I/415k4JSKxOL._SL500_.jpg" alt="Product Image"></a><p>KISS So Wispy, False Eyelashes, Style #11', 12 mm, Includes 5 Pairs Of Lashes, Contact Lens Friendly, Easy to Apply, Reusable Strip Lashes, Glue On, Mulitpack</p><p>$8.97 ($1.79 / Count)</p><a href="https://www.amazon.com/dp/B00DS4EIEE?tag=eloabder-20&linkCode=osi&th=1&psc=1">View Product</a></div><div class="product"><a href="https://www.amazon.com/dp/B08R6PR7ND?tag=eloabder-20&linkCode=osi&th=1&psc=1"><img src="https://m.media-amazon.com/images/I/41r4c3ZiCWL._SL500_.jpg" alt="Product Image"></a><p>KISS My Lash But Better, False Eyelashes, All Mine', 10 mm, Includes 1 Pair Of Lashes, Contact Lens Friendly, Easy to Apply, Reusable Strip Lashes, Glue-On</p><p>$3.97</p><a href="https://www.amazon.com/dp/B08R6PR7ND?tag=eloabder-20&linkCode=osi&th=1&psc=1">View Product</a></div><div class="product"><a href="https://www.amazon.com/dp/B0B1LRRTCH?tag=eloabder-20&linkCode=osi&th=1&psc=1"><img src="https://m.media-amazon.com/images/I/41gc2Df+nAL._SL500_.jpg" alt="Product Image"></a><p>GMAGICTOBO False Eyelashes Natural Half Lashes Short Wispy Clear Band Lashes Pack Cat Eye 3D Faux Mink Lashes Fake Eyelashes 7 Pairs Multipack</p><p>$8.59 ($1.23 / Count)</p><a href="https://www.amazon.com/dp/B0B1LRRTCH?tag=eloabder-20&linkCode=osi&th=1&psc=1">View Product</a></div><div class="product"><a href="https://www.amazon.com/dp/B0BX3YHN14?tag=eloabder-20&linkCode=osi&th=1&psc=1"><img src="https://m.media-amazon.com/images/I/51YYa1vTElL._SL500_.jpg" alt="Product Image"></a><p>KISS imPRESS Falsies False Eyelashes, Lash Clusters, Voluminous', 14 mm, Includes 20 Clusters, 1 applicator, Contact Lens Friendly, Easy to Apply, Reusable Strip Lashes</p><p>$12.72</p><a href="https://www.amazon.com/dp/B0BX3YHN14?tag=eloabder-20&linkCode=osi&th=1&psc=1">View Product</a></div><div class="product"><a href="https://www.amazon.com/dp/B00YYHHI1E?tag=eloabder-20&linkCode=osi&th=1&psc=1"><img src="https://m.media-amazon.com/images/I/419bv9iNI9L._SL500_.jpg" alt="Product Image"></a><p>Ardell False Eyelashes Demi Wispies Black, 1 pack (6 pairs per pack)</p><p>$9.74 ($1.95 / Count)</p><a href="https://www.amazon.com/dp/B00YYHHI1E?tag=eloabder-20&linkCode=osi&th=1&psc=1">View Product</a></div><div class="product"><a href="https://www.amazon.com/dp/B0CG5SY8J1?tag=eloabder-20&linkCode=osi&th=1&psc=1"><img src="https://m.media-amazon.com/images/I/41SWlZB3plL._SL500_.jpg" alt="Product Image"></a><p>Natural Lashes Natural Eyelashes Short Eyelashes Natural Look False Eyelashes Wispy Eye Lashes 10mm Small Lashes Fake Lashes K50</p><p>$7.93 ($1.13 / Count)</p><a href="https://www.amazon.com/dp/B0CG5SY8J1?tag=eloabder-20&linkCode=osi&th=1&psc=1">View Product</a></div><div class="product"><a href="https://www.amazon.com/dp/B08SPVMDTV?tag=eloabder-20&linkCode=osi&th=1&psc=1"><img src="https://m.media-amazon.com/images/I/41Q6wh0HacL._SL500_.jpg" alt="Product Image"></a><p>KISS Falscara Multipack False Eyelashes, Lash Clusters, Natural Wispy Wisps', 10mm-12mm-14mm, Includes 24 Assorted Lengths Wisps, Contact Lens Friendly, Easy to Apply, Reusable Strip Lashes</p><p>$6.47 ($0.27 / Count)</p><a href="https://www.amazon.com/dp/B08SPVMDTV?tag=eloabder-20&linkCode=osi&th=1&psc=1">View Product</a></div>
<div class="product"><a href="https://www.amazon.com/dp/B01BMMOAFU?tag=eloabder-20&linkCode=osi&th=1&psc=1"><img src="https://m.media-amazon.com/images/I/41RH+KsNzoS._SL500_.jpg" alt="Product Image"></a><p>KISS Strip Lash Adhesive, Lash Glue, 24hr Strip Eyelash Adhesive, Clear, Includes Lash Adhesive, Long Lasting Wear, Can Be Used with Strip Lashes and Lash Clusters</p><p>$3.97 ($23.35 / Ounce)</p><a href="https://www.amazon.com/dp/B01BMMOAFU?tag=eloabder-20&linkCode=osi&th=1&psc=1">View Product</a></div><div class="product"><a href="https://www.amazon.com/dp/B0BFRB2LNS?tag=eloabder-20&linkCode=osi&th=1&psc=1"><img src="https://m.media-amazon.com/images/I/41uxD-vIXQL._SL500_.jpg" alt="Product Image"></a><p>Cluster Lash Bond and Seal, Lash Cluster Glue for Individual Eyelash Extensions Strong Hold Individual Lash Glue Individual Eyelashes Glue Mascara for Personal Makeup Use at Home(5ml)</p><p>$8.99 ($52.88 / Fl Oz)</p><a href="https://www.amazon.com/dp/B0BFRB2LNS?tag=eloabder-20&linkCode=osi&th=1&psc=1">View Product</a></div><div class="product"><a href="https://www.amazon.com/dp/B006UZMXZY?tag=eloabder-20&linkCode=osi&th=1&psc=1"><img src="https://m.media-amazon.com/images/I/41YrQ9QUhlL._SL500_.jpg" alt="Product Image"></a><p>DUO Brush-On Lash Adhesive with Vitamins A, C & E, Clear, 0.18 oz, 1-Pack</p><p>$4.92 ($27.33 / Ounce)</p><a href="https://www.amazon.com/dp/B006UZMXZY?tag=eloabder-20&linkCode=osi&th=1&psc=1">View Product</a></div><div class="product"><a href="https://www.amazon.com/dp/B0BVLL8ZQF?tag=eloabder-20&linkCode=osi&th=1&psc=1"><img src="https://m.media-amazon.com/images/I/41OSC3l2NuL._SL500_.jpg" alt="Product Image"></a><p>Lash Glue Bond and Seal Long Lasting Strong Hold Waterproof 2 in 1 Cluster Eyelash Glue for DIY Lash Extensions by Mavphnee</p><p>$7.99 ($23.50 / Fl Oz)</p><a href="https://www.amazon.com/dp/B0BVLL8ZQF?tag=eloabder-20&linkCode=osi&th=1&psc=1">View Product</a></div><div class="product"><a href="https://www.amazon.com/dp/B01N143CA0?tag=eloabder-20&linkCode=osi&th=1&psc=1"><img src="https://m.media-amazon.com/images/I/31DwI2yjwYL._SL500_.jpg" alt="Product Image"></a><p>Extra Strong Eyelash Extension Glue Stacy Lash (0.17fl.oz / 5ml) / 0.5-1 Sec Dry/Retention – 8 Weeks/Black Adhesive/Professional Supplies</p><p>$21.49 ($126.41 / Fl Oz)</p><a href="https://www.amazon.com/dp/B01N143CA0?tag=eloabder-20&linkCode=osi&th=1&psc=1">View Product</a></div><div class="product"><a href="https://www.amazon.com/dp/B00RH8XUZK?tag=eloabder-20&linkCode=osi&th=1&psc=1"><img src="https://m.media-amazon.com/images/I/41ywEIr4LGL._SL500_.jpg" alt="Product Image"></a><p>i-Envy by KISS Super Strong Hold Eyelash Adhesive, Brush on, Waterproof Long-Lasting Strip Lash Glue, Natural-Looking Allergy & Latex Free with Brush Applicator (Clear)</p><p>$5.09</p><a href="https://www.amazon.com/dp/B00RH8XUZK?tag=eloabder-20&linkCode=osi&th=1&psc=1">View Product</a></div><div class="product"><a href="https://www.amazon.com/dp/B0B138BNSQ?tag=eloabder-20&linkCode=osi&th=1&psc=1"><img src="https://m.media-amazon.com/images/I/41y28D4CT2L._SL500_.jpg" alt="Product Image"></a><p>AOA Studio Eyelash Lash Glue Enhancers 4pcs Strip Lash Adhesive Strong Hold Water Proof Formula No Irritation Latex Free Long Lasing Quick Dry Eyelash adhesive 0.17oz Each (4 Pack) (Clear)</p><p>$8.95 ($2.24 / Count)</p><a href="https://www.amazon.com/dp/B0B138BNSQ?tag=eloabder-20&linkCode=osi&th=1&psc=1">View Product</a></div><div class="product"><a href="https://www.amazon.com/dp/B0CGKV8WRR?tag=eloabder-20&linkCode=osi&th=1&psc=1"><img src="https://m.media-amazon.com/images/I/31KsdJxWyQL._SL500_.jpg" alt="Product Image"></a><p>FlutterHabit Made for This Adhesive Lash Glue for Eyelash Extensions - Your Ultimate All-Day Hold Lash Cluster Glue for Effortless, Stunning, and Long-Lasting Eyelashes - All-in-one Lash Glue</p><p>$17.99</p><a href="https://www.amazon.com/dp/B0CGKV8WRR?tag=eloabder-20&linkCode=osi&th=1&psc=1">View Product</a></div><div class="product"><a href="https://www.amazon.com/dp/B09HK77CF1?tag=eloabder-20&linkCode=osi&th=1&psc=1"><img src="https://m.media-amazon.com/images/I/41md8lf4CYL._SL500_.jpg" alt="Product Image"></a><p>Lilac St - Pro Lash Glue - Long Lasting & Fast Drying Lash Application - Mini Mascara Wand Applicator - Latex Free - Vegan & Cruelty Free - Black</p><p>$19.00 ($111.76 / Ounce)</p><a href="https://www.amazon.com/dp/B09HK77CF1?tag=eloabder-20&linkCode=osi&th=1&psc=1">View Product</a></div><div class="product"><a href="https://www.amazon.com/dp/B07BGT18DP?tag=eloabder-20&linkCode=osi&th=1&psc=1"><img src="https://m.media-amazon.com/images/I/41FjwdBfRYL._SL500_.jpg" alt="Product Image"></a><p>Extra Strong Evolution Eyelash Extension Glue Stacy Lash (0.17fl.oz/5ml)/1-2 Sec Dry/Retention – 8 Weeks/Professional Supplies/Black Adhesive</p><p>$21.99 ($129.35 / Fl Oz)</p><a href="https://www.amazon.com/dp/B07BGT18DP?tag=eloabder-20&linkCode=osi&th=1&psc=1">View Product</a></div>
<div class="product"><a href="https://www.amazon.com/dp/B09T8DQ1SG?tag=eloabder-20&linkCode=osi&th=1&psc=1"><img src="https://m.media-amazon.com/images/I/41gpuwrIhOL._SL500_.jpg" alt="Product Image"></a><p>Maybelline Super Stay Vinyl Ink Longwear No-Budge Liquid Lipcolor Makeup, Highly Pigmented Color and Instant Shine, Royal, Deep Wine Red Lipstick, 0.14 fl oz, 1 Count</p><p>$9.98</p><a href="https://www.amazon.com/dp/B09T8DQ1SG?tag=eloabder-20&linkCode=osi&th=1&psc=1">View Product</a></div><div class="product"><a href="https://www.amazon.com/dp/B08H4FSGDX?tag=eloabder-20&linkCode=osi&th=1&psc=1"><img src="https://m.media-amazon.com/images/I/31OAiyoloML._SL500_.jpg" alt="Product Image"></a><p>Maybelline Super Stay Matte Ink Liquid Lipstick Makeup, Long Lasting High Impact Color, Up to 16H Wear, Exhilarator, Ruby Red, 1 Count</p><p>$9.18</p><a href="https://www.amazon.com/dp/B08H4FSGDX?tag=eloabder-20&linkCode=osi&th=1&psc=1">View Product</a></div><div class="product"><a href="https://www.amazon.com/dp/B07XTTDTWR?tag=eloabder-20&linkCode=osi&th=1&psc=1"><img src="https://m.media-amazon.com/images/I/31M4QldCq3L._SL500_.jpg" alt="Product Image"></a><p>REVLON Lipstick, Super Lustrous Lipstick, Creamy Formula For Soft, Fuller-Looking Lips, Moisturized Feel in Nudes & Browns, Bare It All (755) 0.15 oz</p><p>$6.48</p><a href="https://www.amazon.com/dp/B07XTTDTWR?tag=eloabder-20&linkCode=osi&th=1&psc=1">View Product</a></div><div class="product"><a href="https://www.amazon.com/dp/B079KFP7NT?tag=eloabder-20&linkCode=osi&th=1&psc=1"><img src="https://m.media-amazon.com/images/I/41Ih8G0FSmL._SL500_.jpg" alt="Product Image"></a><p>wet n wild Silk Finish Lipstick, Hydrating Rich Buildable Lip Color, Formulated with Vitamins A,E, & Macadamia for Ultimate Hydration, Cruelty-Free & Vegan - Raging Red</p><p>$1.29</p><a href="https://www.amazon.com/dp/B079KFP7NT?tag=eloabder-20&linkCode=osi&th=1&psc=1">View Product</a></div><div class="product"><a href="https://www.amazon.com/dp/B002F3R44K?tag=eloabder-20&linkCode=osi&th=1&psc=1"><img src="https://m.media-amazon.com/images/I/41-gXIE96GL._SL500_.jpg" alt="Product Image"></a><p>Revlon Lipstick, Super Lustrous Lipstick, Creamy Formula For Soft, Fuller-Looking Lips, Moisturized Feel in Pinks, Pink In The Afternoon (415) 0.15 oz</p><p>$6.48</p><a href="https://www.amazon.com/dp/B002F3R44K?tag=eloabder-20&linkCode=osi&th=1&psc=1">View Product</a></div><div class="product"><a href="https://www.amazon.com/dp/B001LFER98?tag=eloabder-20&linkCode=osi&th=1&psc=1"><img src="https://m.media-amazon.com/images/I/41wezVKuIoL._SL500_.jpg" alt="Product Image"></a><p>REVLON Lipstick, Super Lustrous Lipstick, Creamy Formula For Soft, Fuller-Looking Lips, Moisturized Feel in Reds & Corals, Peach Me (628) 0.15 oz</p><p>$4.99</p><a href="https://www.amazon.com/dp/B001LFER98?tag=eloabder-20&linkCode=osi&th=1&psc=1">View Product</a></div><div class="product"><a href="https://www.amazon.com/dp/B0046VESH0?tag=eloabder-20&linkCode=osi&th=1&psc=1"><img src="https://m.media-amazon.com/images/I/31yAUm+1KhL._SL500_.jpg" alt="Product Image"></a><p>MAYBELLINE Super Stay 24, 2-Step Liquid Lipstick Makeup, Long Lasting Highly Pigmented Color with Moisturizing Balm, Blush On, Pink, 1 Count</p><p>$8.98</p><a href="https://www.amazon.com/dp/B0046VESH0?tag=eloabder-20&linkCode=osi&th=1&psc=1">View Product</a></div>
<div class="product"><a href="https://www.amazon.com/dp/B09SP2XHKT?tag=eloabder-20&linkCode=osi&th=1&psc=1"><img src="https://m.media-amazon.com/images/I/31KGrScgA8L._SL500_.jpg" alt="Product Image"></a><p>NYX PROFESSIONAL MAKEUP Butter Gloss, Non-Sticky Lip Gloss - Sugar Glass (Clear)</p><p>$5.97</p><a href="https://www.amazon.com/dp/B09SP2XHKT?tag=eloabder-20&linkCode=osi&th=1&psc=1">View Product</a></div><div class="product"><a href="https://www.amazon.com/dp/B08GSTZ7ZW?tag=eloabder-20&linkCode=osi&th=1&psc=1"><img src="https://m.media-amazon.com/images/I/41nPuTtXVgL._SL500_.jpg" alt="Product Image"></a><p>Ruby Kisses Broadway Vita-Lip Clear Lip Gloss - Moisturizing, Hydrating, Nourishing with Mint, Rosehip, Coconut, Mango, Argan, Honey & Shea</p><p>$7.99 ($2.12 / Ounce)</p><a href="https://www.amazon.com/dp/B08GSTZ7ZW?tag=eloabder-20&linkCode=osi&th=1&psc=1">View Product</a></div><div class="product"><a href="https://www.amazon.com/dp/B015RPE14S?tag=eloabder-20&linkCode=osi&th=1&psc=1"><img src="https://m.media-amazon.com/images/I/31FRC3fz7EL._SL500_.jpg" alt="Product Image"></a><p>L.A. Colors High Shine Shea Butter Lip Gloss, Clear, 0.14 Ounce</p><p>$1.98</p><a href="https://www.amazon.com/dp/B015RPE14S?tag=eloabder-20&linkCode=osi&th=1&psc=1">View Product</a></div><div class="product"><a href="https://www.amazon.com/dp/B00Q26VWZI?tag=eloabder-20&linkCode=osi&th=1&psc=1"><img src="https://m.media-amazon.com/images/I/31Bqig96T0L._SL500_.jpg" alt="Product Image"></a><p>Rimmel Stay Glossy Lip Gloss - Non-Sticky and Lightweight Formula for Lip Color and Shine - 130 Blushing Belgraves, .18oz</p><p>$3.97</p><a href="https://www.amazon.com/dp/B00Q26VWZI?tag=eloabder-20&linkCode=osi&th=1&psc=1">View Product</a></div><div class="product"><a href="https://www.amazon.com/dp/B081C6PXZJ?tag=eloabder-20&linkCode=osi&th=1&psc=1"><img src="https://m.media-amazon.com/images/I/51+emO79aqL._SL500_.jpg" alt="Product Image"></a><p>NICKA K NEW YORK VARIETY SET OF 5 NK Hydrating Lip Gel - Vitamin E (Clear, Rosehip Oil, Bubble Gum, Cherry, Strawberry)</p><p>$5.41</p><a href="https://www.amazon.com/dp/B081C6PXZJ?tag=eloabder-20&linkCode=osi&th=1&psc=1">View Product</a></div><div class="product"><a href="https://www.amazon.com/dp/B085S94V2K?tag=eloabder-20&linkCode=osi&th=1&psc=1"><img src="https://m.media-amazon.com/images/I/41fsuEw2mbL._SL500_.jpg" alt="Product Image"></a><p>Maybelline Lifter Gloss, Hydrating Lip Gloss with Hyaluronic Acid, Moon, Nude Pink, 0.18 Ounce</p><p>$7.71</p><a href="https://www.amazon.com/dp/B085S94V2K?tag=eloabder-20&linkCode=osi&th=1&psc=1">View Product</a></div><div class="product"><a href="https://www.amazon.com/dp/B01N1ZC8JZ?tag=eloabder-20&linkCode=osi&th=1&psc=1"><img src="https://m.media-amazon.com/images/I/41fsaqWz6SL._SL500_.jpg" alt="Product Image"></a><p>Broadway Vita-Lip Clear Lip Gloss 0.47oz/14ml (5PCS Mint & Coconut & Rosehip & Mango Butter & Argan Oil) (5 PCS SET)</p><p>$5.99</p><a href="https://www.amazon.com/dp/B01N1ZC8JZ?tag=eloabder-20&linkCode=osi&th=1&psc=1">View Product</a></div><div class="product"><a href="https://www.amazon.com/dp/B07DY2QRF6?tag=eloabder-20&linkCode=osi&th=1&psc=1"><img src="https://m.media-amazon.com/images/I/31qXrVfhvCL._SL500_.jpg" alt="Product Image"></a><p>LANEIGE Lip Glowy Balm Berry: Hydrate, Glossy, Lightweight, Moisturize & Tint with Shea Butter</p><p>$19.00 ($54.29 / Ounce)</p><a href="https://www.amazon.com/dp/B07DY2QRF6?tag=eloabder-20&linkCode=osi&th=1&psc=1">View Product</a></div><div class="product"><a href="https://www.amazon.com/dp/B0BSR85M24?tag=eloabder-20&linkCode=osi&th=1&psc=1"><img src="https://m.media-amazon.com/images/I/31eKHNoE3KL._SL500_.jpg" alt="Product Image"></a><p>e.l.f. Lip Lacquer, Nourishing, Non-Sticky Ultra-Shine Lip Gloss With Sheer Color, Infused With Vitamins A & E, Vegan & Cruelty-Free, Whisper Pink</p><p>$3.00</p><a href="https://www.amazon.com/dp/B0BSR85M24?tag=eloabder-20&linkCode=osi&th=1&psc=1">View Product</a></div><div class="product"><a href="https://www.amazon.com/dp/B09DMGWJKY?tag=eloabder-20&linkCode=osi&th=1&psc=1"><img src="https://m.media-amazon.com/images/I/41nIFmIKHRL._SL500_.jpg" alt="Product Image"></a><p>Broadway Vita-Lip Clear Lip Gloss Moisturizing Hydrating Nourishing Long Lasting High Shine Glossy Lip Care Gloss 0.47oz/14ml (10 PCS SET)</p><p>$9.99</p><a href="https://www.amazon.com/dp/B09DMGWJKY?tag=eloabder-20&linkCode=osi&th=1&psc=1">View Product</a></div>
<div class="product"><a href="https://www.amazon.com/dp/B079ZX2QBD?tag=eloabder-20&linkCode=osi&th=1&psc=1"><img src="https://m.media-amazon.com/images/I/41b133H9ouL._SL500_.jpg" alt="Product Image"></a><p>NYX PROFESSIONAL MAKEUP Slim Lip Pencil, Long-Lasting Creamy Lip Liner - Espresso</p><p>$3.99</p><a href="https://www.amazon.com/dp/B079ZX2QBD?tag=eloabder-20&linkCode=osi&th=1&psc=1">View Product</a></div><div class="product"><a href="https://www.amazon.com/dp/B01LTI19EM?tag=eloabder-20&linkCode=osi&th=1&psc=1"><img src="https://m.media-amazon.com/images/I/31dqwnDSWYL._SL500_.jpg" alt="Product Image"></a><p>Revlon Lip Liner, Colorstay Lip Makeup with Built-in-Sharpener, Longwear Rich Lip Colors, Smooth Application, 630 Nude, 0.01 oz</p><p>$6.94</p><a href="https://www.amazon.com/dp/B01LTI19EM?tag=eloabder-20&linkCode=osi&th=1&psc=1">View Product</a></div><div class="product"><a href="https://www.amazon.com/dp/B07PKW2MKF?tag=eloabder-20&linkCode=osi&th=1&psc=1"><img src="https://m.media-amazon.com/images/I/41Z7GVpsqBL._SL500_.jpg" alt="Product Image"></a><p>wet n wild Lip Liner Perfect Pout Matte Retractable Gel Lip Liner Pencil, Purple Lay Down the Mauves</p><p>$3.29</p><a href="https://www.amazon.com/dp/B07PKW2MKF?tag=eloabder-20&linkCode=osi&th=1&psc=1">View Product</a></div><div class="product"><a href="https://www.amazon.com/dp/B0CMYQBRTW?tag=eloabder-20&linkCode=osi&th=1&psc=1"><img src="https://m.media-amazon.com/images/I/21uY0T3ER3L._SL500_.jpg" alt="Product Image"></a><p>e.l.f. Cream Glide Lip Liner, Highly-Pigmented Pencil For Shaping & Sculpting Lips, Semi-Matte Finish, Vegan & Cruelty-Free, Truth or Bare</p><p>$2.00</p><a href="https://www.amazon.com/dp/B0CMYQBRTW?tag=eloabder-20&linkCode=osi&th=1&psc=1">View Product</a></div><div class="product"><a href="https://www.amazon.com/dp/B01LZ2A9H5?tag=eloabder-20&linkCode=osi&th=1&psc=1"><img src="https://m.media-amazon.com/images/I/317eibjWZ1L._SL500_.jpg" alt="Product Image"></a><p>Maybelline Color Sensational Shaping Lip Liner with Self-Sharpening Tip, Magnetic Mauve, Mauve Pink, 1 Count</p><p>$6.98</p><a href="https://www.amazon.com/dp/B01LZ2A9H5?tag=eloabder-20&linkCode=osi&th=1&psc=1">View Product</a></div><div class="product"><a href="https://www.amazon.com/dp/B0CZBMYB36?tag=eloabder-20&linkCode=osi&th=1&psc=1"><img src="https://m.media-amazon.com/images/I/313kn3zESlL._SL500_.jpg" alt="Product Image"></a><p>MAYBELLINE Lifter Liner Lip Liner Pencil with Hyaluronic Acid, On It, 1 Count</p><p>$7.98</p><a href="https://www.amazon.com/dp/B0CZBMYB36?tag=eloabder-20&linkCode=osi&th=1&psc=1">View Product</a></div><div class="product"><a href="https://www.amazon.com/dp/B013VWRYXE?tag=eloabder-20&linkCode=osi&th=1&psc=1"><img src="https://m.media-amazon.com/images/I/51DYeydMNqL._SL500_.jpg" alt="Product Image"></a><p>12pc Italia Deluxe Ultra Fine Lip Liner set of 12 color</p><p>$9.85</p><a href="https://www.amazon.com/dp/B013VWRYXE?tag=eloabder-20&linkCode=osi&th=1&psc=1">View Product</a></div><div class="product"><a href="https://www.amazon.com/dp/B08CFSS35N?tag=eloabder-20&linkCode=osi&th=1&psc=1"><img src="https://m.media-amazon.com/images/I/212BftJ6SzL._SL500_.jpg" alt="Product Image"></a><p>Rimmel Lasting Finish 8HR Soft Lip Liner Pencil - Vibrant, Blendable Formula to Lock Lipstick in Place for 8 Hours - 705 Cappuccino, .04oz</p><p>$5.99</p><a href="https://www.amazon.com/dp/B08CFSS35N?tag=eloabder-20&linkCode=osi&th=1&psc=1">View Product</a></div><div class="product"><a href="https://www.amazon.com/dp/B0BVPNQW1C?tag=eloabder-20&linkCode=osi&th=1&psc=1"><img src="https://m.media-amazon.com/images/I/31a29qwVsOL._SL500_.jpg" alt="Product Image"></a><p>Sacheu Lip Liner Stay-N - Peel Off Lip Liner Tattoo, Peel Off Lip Stain, Long Lasting Lip Stain Peel Off, Infused with Hyaluronic Acid & Vitamin E, For All Skin Types, p-INKED</p><p>$12.00</p><a href="https://www.amazon.com/dp/B0BVPNQW1C?tag=eloabder-20&linkCode=osi&th=1&psc=1">View Product</a></div><div class="product"><a href="https://www.amazon.com/dp/B005G9LPDQ?tag=eloabder-20&linkCode=osi&th=1&psc=1"><img src="https://m.media-amazon.com/images/I/31S6bAW3pDL._SL500_.jpg" alt="Product Image"></a><p>NYX PROFESSIONAL MAKEUP Mechanical Lip Liner Pencil, Nude Pink</p><p>$4.99</p><a href="https://www.amazon.com/dp/B005G9LPDQ?tag=eloabder-20&linkCode=osi&th=1&psc=1">View Product</a></div>
<div class="product"><a href="https://www.amazon.com/dp/B0C7W6GW8P?tag=eloabder-20&linkCode=osi&th=1&psc=1"><img src="https://m.media-amazon.com/images/I/31Z6RdO3GRL._SL500_.jpg" alt="Product Image"></a><p>e.l.f. Squeeze Me Lip Balm, Moisturizing Lip Balm For A Sheer Tint Of Color, Infused With Hyaluronic Acid, Vegan & Cruelty-free, Strawberry</p><p>$4.00</p><a href="https://www.amazon.com/dp/B0C7W6GW8P?tag=eloabder-20&linkCode=osi&th=1&psc=1">View Product</a></div><div class="product"><a href="https://www.amazon.com/dp/B001R1UD3K?tag=eloabder-20&linkCode=osi&th=1&psc=1"><img src="https://m.media-amazon.com/images/I/41QzfNZqHrL._SL500_.jpg" alt="Product Image"></a><p>Carmex Original Flavor Moisturizing Lip Balm Tube Value Pack,0.35 Ounce (3 Count)</p><p>$2.94</p><a href="https://www.amazon.com/dp/B001R1UD3K?tag=eloabder-20&linkCode=osi&th=1&psc=1">View Product</a></div><div class="product"><a href="https://www.amazon.com/dp/B07QYWXCCT?tag=eloabder-20&linkCode=osi&th=1&psc=1"><img src="https://m.media-amazon.com/images/I/51T+6mCUskL._SL500_.jpg" alt="Product Image"></a><p>Jack Black Intense Therapy Lip Balm, 0.25-Oz., Pack of 3 – Natural Mint & Shea Butter, SPF 25 Sun Protection, Lip Moisturizer, Hydrating Lip Balm with SPF, Long Lasting Treatment</p><p>$24.00 ($32.00 / Ounce)</p><a href="https://www.amazon.com/dp/B07QYWXCCT?tag=eloabder-20&linkCode=osi&th=1&psc=1">View Product</a></div><div class="product"><a href="https://www.amazon.com/dp/B0044B4HSM?tag=eloabder-20&linkCode=osi&th=1&psc=1"><img src="https://m.media-amazon.com/images/I/51-qb5fLclL._SL500_.jpg" alt="Product Image"></a><p>Blistex Medicated Lip Balm, 0.15 Ounce, 3 Count (Pack of 1) Prevent Dryness & Chapping, SPF 15 Sun Protection, Seals in Moisture, Hydrating Lip Balm, Easy Glide Formula for Full Coverage</p><p>$3.94</p><a href="https://www.amazon.com/dp/B0044B4HSM?tag=eloabder-20&linkCode=osi&th=1&psc=1">View Product</a></div><div class="product"><a href="https://www.amazon.com/dp/B0C1TFHMCT?tag=eloabder-20&linkCode=osi&th=1&psc=1"><img src="https://m.media-amazon.com/images/I/51aYODckhsL._SL500_.jpg" alt="Product Image"></a><p>Vaseline Lip Therapy Care Original, Fast-Acting Nourishment, Ideal for Chapped, Dry, Cracked, or Damaged Lips, Lip Balm, 0.16 Ounce (Pack of 4)</p><p>$5.00</p><a href="https://www.amazon.com/dp/B0C1TFHMCT?tag=eloabder-20&linkCode=osi&th=1&psc=1">View Product</a></div><div class="product"><a href="https://www.amazon.com/dp/B0CZXG68J4?tag=eloabder-20&linkCode=osi&th=1&psc=1"><img src="https://m.media-amazon.com/images/I/41Xkis0092L._SL500_.jpg" alt="Product Image"></a><p>CNP Honey Lip Butter (0.5 fl.oz / 15ml) - Propolis Lipcerin™, Hydrating Overnight Manuka Lip Balm & Mask, 12hrs Long-lasting Moisture, Gentle Exfoliation, Hygienic Twist Dispenser, Korean Skin Care</p><p>$13.64 ($27.28 / Fl Oz)</p><a href="https://www.amazon.com/dp/B0CZXG68J4?tag=eloabder-20&linkCode=osi&th=1&psc=1">View Product</a></div><div class="product"><a href="https://www.amazon.com/dp/B07MSG1HPK?tag=eloabder-20&linkCode=osi&th=1&psc=1"><img src="https://m.media-amazon.com/images/I/21RmonQcC5L._SL500_.jpg" alt="Product Image"></a><p>La Roche-Posay Cicaplast Lip Balm B5 | Hydrating Lip Balm with Shea Butter | Lip Treatment for Dry Cracked Lips | Moisturizing and Repairing Lip Balm | Fragrance Free</p><p>$9.99</p><a href="https://www.amazon.com/dp/B07MSG1HPK?tag=eloabder-20&linkCode=osi&th=1&psc=1">View Product</a></div>
<div class="product"><a href="https://www.amazon.com/dp/B099RYFLSW?tag=eloabder-20&linkCode=osi&th=1&psc=1"><img src="https://m.media-amazon.com/images/I/31IMjST8noL._SL500_.jpg" alt="Product Image"></a><p>ETUDE Dear Darling Water Tint Cherry Ade (21AD) | Vivid Color Lip Stain with Moisturizing Weightless & Non-sticky Finish Lip Stain | Smudge-proof & Lightweight Lip Tint | K-beauty</p><p>$6.67 ($20.84 / Fl Oz)</p><a href="https://www.amazon.com/dp/B099RYFLSW?tag=eloabder-20&linkCode=osi&th=1&psc=1">View Product</a></div><div class="product"><a href="https://www.amazon.com/dp/B0C7Q4Q9SX?tag=eloabder-20&linkCode=osi&th=1&psc=1"><img src="https://m.media-amazon.com/images/I/51SO2tY6q-L._SL500_.jpg" alt="Product Image"></a><p>6 Colors Lip Tint Stain Set, Korean Lip Gloss Plumping Mini Liquid Lipstick, Multi-use Lip and Cheek Tint,Waterproof&Long Lasting,Natural Lip Stain Non-Sticky,Vivid Color (Avocado)</p><p>$7.99 ($4.00 / Fl Oz)</p><a href="https://www.amazon.com/dp/B0C7Q4Q9SX?tag=eloabder-20&linkCode=osi&th=1&psc=1">View Product</a></div><div class="product"><a href="https://www.amazon.com/dp/B0B56TC2G5?tag=eloabder-20&linkCode=osi&th=1&psc=1"><img src="https://m.media-amazon.com/images/I/31wrei57oIL._SL500_.jpg" alt="Product Image"></a><p>essence | What a Tint! Lip & Cheek Tint | Long-Lasting Liquid Blush & Lip Stain | Non-Sticky & Kiss-Proof | Vegan & Cruelty Free</p><p>$4.99 ($31.19 / Fl Oz)</p><a href="https://www.amazon.com/dp/B0B56TC2G5?tag=eloabder-20&linkCode=osi&th=1&psc=1">View Product</a></div><div class="product"><a href="https://www.amazon.com/dp/B0163BMUFM?tag=eloabder-20&linkCode=osi&th=1&psc=1"><img src="https://m.media-amazon.com/images/I/41p6DP49DfL._SL500_.jpg" alt="Product Image"></a><p>Burt's Bees Lip Tint Balm with Long Lasting 2 in 1 Duo Tinted Balm Formula, Color Infused with Deeply Hydrating Shea Butter for a Natural Looking Buildable Finish, Fiery Red Dahlia (2-Pack)</p><p>$9.20</p><a href="https://www.amazon.com/dp/B0163BMUFM?tag=eloabder-20&linkCode=osi&th=1&psc=1">View Product</a></div><div class="product"><a href="https://www.amazon.com/dp/B07NTPQRL5?tag=eloabder-20&linkCode=osi&th=1&psc=1"><img src="https://m.media-amazon.com/images/I/21-ZJZEUADL._SL500_.jpg" alt="Product Image"></a><p>Honest Beauty Tinted Lip Balm | Antioxidant-rich Acai Extracts + Avocado Oil | EWG Certified, Vegan, Cruelty Free | Summer Melon</p><p>$7.80</p><a href="https://www.amazon.com/dp/B07NTPQRL5?tag=eloabder-20&linkCode=osi&th=1&psc=1">View Product</a></div><div class="product"><a href="https://www.amazon.com/dp/B0CMJXGCFQ?tag=eloabder-20&linkCode=osi&th=1&psc=1"><img src="https://m.media-amazon.com/images/I/31c6yEqB00L._SL500_.jpg" alt="Product Image"></a><p>e.l.f. Glow Reviver Lip Oil, Nourishing Tinted Lip Oil For A High-shine Finish, Infused With Jojoba Oil, Vegan & Cruelty-free, Jam Session</p><p>$8.00</p><a href="https://www.amazon.com/dp/B0CMJXGCFQ?tag=eloabder-20&linkCode=osi&th=1&psc=1">View Product</a></div><div class="product"><a href="https://www.amazon.com/dp/B0B9YHX8DX?tag=eloabder-20&linkCode=osi&th=1&psc=1"><img src="https://m.media-amazon.com/images/I/31A-yoM7ZqL._SL500_.jpg" alt="Product Image"></a><p>Wonderskin Wonder Blading Lip Stain Peel Off Masque - Long Lasting, Waterproof and Transfer Proof Nude Lip Tint, Matte Finish Peel Off Lip Stain (Whimsical Masque)</p><p>$22.00</p><a href="https://www.amazon.com/dp/B0B9YHX8DX?tag=eloabder-20&linkCode=osi&th=1&psc=1">View Product</a></div><div class="product"><a href="https://www.amazon.com/dp/B0C3CWWMJM?tag=eloabder-20&linkCode=osi&th=1&psc=1"><img src="https://m.media-amazon.com/images/I/51evW1YGQdL._SL500_.jpg" alt="Product Image"></a><p>Eakroo 6 Colors Lip Tint Stain Mini Liquid Lipstick, Korean Lip Gloss Moisturizing Natural, Multi-Use Lip and Cheek Tint, Non-Stick Cup, Lightweight, High Pigment, Long-Lasting, Vivid Color</p><p>$7.99 ($2.89 / Fl Oz)</p><a href="https://www.amazon.com/dp/B0C3CWWMJM?tag=eloabder-20&linkCode=osi&th=1&psc=1">View Product</a></div><div class="product"><a href="https://www.amazon.com/dp/B09LB91W1H?tag=eloabder-20&linkCode=osi&th=1&psc=1"><img src="https://m.media-amazon.com/images/I/21UsOgVkNxL._SL500_.jpg" alt="Product Image"></a><p>CoverGirl Clean Fresh Tinted Lip Balm, Vegan Formula, Hydrating, Natural Finish, Cruelty Free, Bliss You Berry, 1 Count</p><p>$5.88 ($42.00 / Ounce)</p><a href="https://www.amazon.com/dp/B09LB91W1H?tag=eloabder-20&linkCode=osi&th=1&psc=1">View Product</a></div>
<div class="product"><a href="https://www.amazon.com/dp/B0B4F8FP1V?tag=eloabder-20&linkCode=osi&th=1&psc=1"><img src="https://m.media-amazon.com/images/I/31zD0oZazrL._SL500_.jpg" alt="Product Image"></a><p>e.l.f. Cosmetics Glossy Lip Stain, Lightweight, Long-Wear Lip Stain For A Sheer Pop Of Color & Subtle Gloss Effect, Berry Queen</p><p>$6.00</p><a href="https://www.amazon.com/dp/B0B4F8FP1V?tag=eloabder-20&linkCode=osi&th=1&psc=1">View Product</a></div><div class="product"><a href="https://www.amazon.com/dp/B0B9YH9PZK?tag=eloabder-20&linkCode=osi&th=1&psc=1"><img src="https://m.media-amazon.com/images/I/31irqkpVbvL._SL500_.jpg" alt="Product Image"></a><p>Wonderskin Wonder Blading Lip Stain Peel Off Masque - Long Lasting, Waterproof and Transfer Proof Pink Lip Tint, Matte Finish Peel Off Lip Stain (First Kiss Masque)</p><p>$22.00</p><a href="https://www.amazon.com/dp/B0B9YH9PZK?tag=eloabder-20&linkCode=osi&th=1&psc=1">View Product</a></div><div class="product"><a href="https://www.amazon.com/dp/B0CLYN8F9L?tag=eloabder-20&linkCode=osi&th=1&psc=1"><img src="https://m.media-amazon.com/images/I/218WFwKw6qL._SL500_.jpg" alt="Product Image"></a><p>COVERGIRL Outlast, 05 All-Star, Lipstain, Smooth Application, Precise Pen-Like Tip, Transfer-Proof, Satin Stained Finish, Vegan Formula, 0.06oz</p><p>$8.98</p><a href="https://www.amazon.com/dp/B0CLYN8F9L?tag=eloabder-20&linkCode=osi&th=1&psc=1">View Product</a></div><div class="product"><a href="https://www.amazon.com/dp/B0CLDDVBF4?tag=eloabder-20&linkCode=osi&th=1&psc=1"><img src="https://m.media-amazon.com/images/I/318rUce3+fL._SL500_.jpg" alt="Product Image"></a><p>Sacheu Lip Liner Stay-N - Peel Off Lip Liner Tattoo, Peel Off Lip Stain, Long Lasting Lip Stain Peel Off, Infused with Hyaluronic Acid & Vitamin E, For All Skin Types, HEY-zel</p><p>$12.00 ($100.00 / Fl Oz)</p><a href="https://www.amazon.com/dp/B0CLDDVBF4?tag=eloabder-20&linkCode=osi&th=1&psc=1">View Product</a></div><div class="product"><a href="https://www.amazon.com/dp/B001CWGFYU?tag=eloabder-20&linkCode=osi&th=1&psc=1"><img src="https://m.media-amazon.com/images/I/41wMMGxFtlL._SL500_.jpg" alt="Product Image"></a><p>Palladio Lip Stain, Hydrating and Waterproof Formula, Matte Color Look, Longlasting All Day Wear Lip Color, Smudge Proof Natural Finish, Precise Chisel Tip Marker, Nude</p><p>$8.99</p><a href="https://www.amazon.com/dp/B001CWGFYU?tag=eloabder-20&linkCode=osi&th=1&psc=1">View Product</a></div><div class="product"><a href="https://www.amazon.com/dp/B0CHJ8YL6G?tag=eloabder-20&linkCode=osi&th=1&psc=1"><img src="https://m.media-amazon.com/images/I/41amIuqcaJL._SL500_.jpg" alt="Product Image"></a><p>Cilrofelr Peel Off Lip Liner Stain, Long Wear Tattoo Lip Liner with Tweezer, Peel Off Lip Stain with Matte Finish, Long Lasting, Waterproof, Transfer-proof, Highly Pigmented Color (Mauve)</p><p>$14.99 ($187.38 / Fl Oz)</p><a href="https://www.amazon.com/dp/B0CHJ8YL6G?tag=eloabder-20&linkCode=osi&th=1&psc=1">View Product</a></div><div class="product"><a href="https://www.amazon.com/dp/B0CNCSLDBB?tag=eloabder-20&linkCode=osi&th=1&psc=1"><img src="https://m.media-amazon.com/images/I/31EPLmbi1eL._SL500_.jpg" alt="Product Image"></a><p>ETUDE Fixing Tint #05 Midnight Mauve (23AD) | Long Lasting High Pigmented Liquid Lipstick | Waterproof Lightweight Matte Finish Lip Stain | Full Coverage</p><p>$12.00</p><a href="https://www.amazon.com/dp/B0CNCSLDBB?tag=eloabder-20&linkCode=osi&th=1&psc=1">View Product</a></div><div class="product"><a href="https://www.amazon.com/dp/B0CKF2WFNQ?tag=eloabder-20&linkCode=osi&th=1&psc=1"><img src="https://m.media-amazon.com/images/I/41GyA+oYguL._SL500_.jpg" alt="Product Image"></a><p>NOONI Korean Lip Oil - Applefig | Lip Stain, Gift, Long-Lasting, Moisturizing, Plumping, Revitalizing for Dry Lips, Waterproof, No Peel Off, Korean Lip Tint, Magenta Purple, 0.12 Fl Oz</p><p>$12.00 ($100.00 / Fl Oz)</p><a href="https://www.amazon.com/dp/B0CKF2WFNQ?tag=eloabder-20&linkCode=osi&th=1&psc=1">View Product</a></div>
<div class="product"><a href="https://www.amazon.com/dp/B01NAI251H?tag=eloabder-20&linkCode=osi&th=1&psc=1"><img src="https://m.media-amazon.com/images/I/51gC3z3vEIL._SL500_.jpg" alt="Product Image"></a><p>Handmade Heroes 100% Natural Lip Scrub, Vegan Conditioning Coconut Exfoliator - Gentle Exfoliant, Sugar Polish and Scrubber for Chapped Dry Lips, 1oz (Coconut Sorbet)</p><p>$6.99</p><a href="https://www.amazon.com/dp/B01NAI251H?tag=eloabder-20&linkCode=osi&th=1&psc=1">View Product</a></div><div class="product"><a href="https://www.amazon.com/dp/B0C7WQ3Z6H?tag=eloabder-20&linkCode=osi&th=1&psc=1"><img src="https://m.media-amazon.com/images/I/318wm99nh1L._SL500_.jpg" alt="Product Image"></a><p>e.l.f. Lip Exfoliator, Moisturizing Scented Lip Scrub For Exfoliating & Smoothing Lips, Infused With Jojoba Oil, Vegan & Cruelty-free, Strawberry</p><p>$5.00 ($50.00 / Ounce)</p><a href="https://www.amazon.com/dp/B0C7WQ3Z6H?tag=eloabder-20&linkCode=osi&th=1&psc=1">View Product</a></div><div class="product"><a href="https://www.amazon.com/dp/B0759HSBQC?tag=eloabder-20&linkCode=osi&th=1&psc=1"><img src="https://m.media-amazon.com/images/I/3165YiRlcNL._SL500_.jpg" alt="Product Image"></a><p>Revlon Lip Scrub Balm, Kiss Sugar Scrub Exfoliator, Lip Makeup with 24 Hour Long Lasting Hydration, Sugar Mint, 0.09 oz</p><p>$5.48</p><a href="https://www.amazon.com/dp/B0759HSBQC?tag=eloabder-20&linkCode=osi&th=1&psc=1">View Product</a></div><div class="product"><a href="https://www.amazon.com/dp/B0B15MRHM4?tag=eloabder-20&linkCode=osi&th=1&psc=1"><img src="https://m.media-amazon.com/images/I/414XRjPg6AL._SL500_.jpg" alt="Product Image"></a><p>Brooklyn Botany Lip Scrub Exfoliator 1 oz – Lip Moisturizer for Dry Lips and Chapped Lips – Gentle Lip Exfoliator for Smooth and Brighter Lips – Vanilla Flavor</p><p>$7.99</p><a href="https://www.amazon.com/dp/B0B15MRHM4?tag=eloabder-20&linkCode=osi&th=1&psc=1">View Product</a></div><div class="product"><a href="https://www.amazon.com/dp/B0CNQ72M6B?tag=eloabder-20&linkCode=osi&th=1&psc=1"><img src="https://m.media-amazon.com/images/I/310xvYvYEkL._SL500_.jpg" alt="Product Image"></a><p>W7 Sweet Dreams Lip Scrub & Overnight Lip Mask Duo - 2Pcs Set - Strawberry Flavour - Exfoliate, Condition, Soothe & Hydrate</p><p>$9.95 ($4.98 / Count)</p><a href="https://www.amazon.com/dp/B0CNQ72M6B?tag=eloabder-20&linkCode=osi&th=1&psc=1">View Product</a></div><div class="product"><a href="https://www.amazon.com/dp/B09FYYRJ4Y?tag=eloabder-20&linkCode=osi&th=1&psc=1"><img src="https://m.media-amazon.com/images/I/41HDVJYOBRL._SL500_.jpg" alt="Product Image"></a><p>Lip Scrub Treatment, Lip Scrubs Exfoliating Moisturizer Sugar Lip Surb Cruelty-Free for Repairing Dry & Chapped & Peeling and Cracked Lips, the Best Gift for Lip Care in Autumn and Winter(Orange)</p><p>$2.99 ($1.04 / Ounce)</p><a href="https://www.amazon.com/dp/B09FYYRJ4Y?tag=eloabder-20&linkCode=osi&th=1&psc=1">View Product</a></div><div class="product"><a href="https://www.amazon.com/dp/B083588MZP?tag=eloabder-20&linkCode=osi&th=1&psc=1"><img src="https://m.media-amazon.com/images/I/31qe+dPu0WL._SL500_.jpg" alt="Product Image"></a><p>Milani Rose Sugar Lip Scrub - Lip Exfoliator to Help With Lip Care and Lip Repair</p><p>$7.04 ($7.04 / Count)</p><a href="https://www.amazon.com/dp/B083588MZP?tag=eloabder-20&linkCode=osi&th=1&psc=1">View Product</a></div><div class="product"><a href="https://www.amazon.com/dp/B085NDWSZW?tag=eloabder-20&linkCode=osi&th=1&psc=1"><img src="https://m.media-amazon.com/images/I/31QVvbj+z9L._SL500_.jpg" alt="Product Image"></a><p>3 Pcs Lip Scrub Brush,Lip Scrubber Exfoliator,Silicone Lip Brush Tool Double-Sided Mini Exfoliating Brush For Men Women Lip Lightening For Dark Lips Exfoliator Scrub Brush</p><p>$3.47 ($1.16 / Count)</p><a href="https://www.amazon.com/dp/B085NDWSZW?tag=eloabder-20&linkCode=osi&th=1&psc=1">View Product</a></div><div class="product"><a href="https://www.amazon.com/dp/B0CMQ6YN87?tag=eloabder-20&linkCode=osi&th=1&psc=1"><img src="https://m.media-amazon.com/images/I/41KZ7zmBA8L._SL500_.jpg" alt="Product Image"></a><p>EJW Nourishing Lip Scrub - Infused with Coconut Oil, Olive Fruit Oil, and Jojoba Seed Oil, 1.05oz - Exfoliate, Hydrate, and Glow for Chapped Dry, Dark Lips</p><p>$7.27</p><a href="https://www.amazon.com/dp/B0CMQ6YN87?tag=eloabder-20&linkCode=osi&th=1&psc=1">View Product</a></div>
<div class="product"><a href="https://www.amazon.com/dp/B01LYWTZT2?tag=eloabder-20&linkCode=osi&th=1&psc=1"><img src="https://m.media-amazon.com/images/I/315xsyPtBfL._SL500_.jpg" alt="Product Image"></a><p>Too Faced Lip Injection Travel Size Extreme Lip Plumper, Original, 0.1 Fl Oz</p><p>$16.00 ($160.00 / Fl Oz)</p><a href="https://www.amazon.com/dp/B01LYWTZT2?tag=eloabder-20&linkCode=osi&th=1&psc=1">View Product</a></div><div class="product"><a href="https://www.amazon.com/dp/B094LT5LM4?tag=eloabder-20&linkCode=osi&th=1&psc=1"><img src="https://m.media-amazon.com/images/I/1174dCa9FqS._SL500_.jpg" alt="Product Image"></a><p>City Beauty City Lips Plumping Lip Gloss - Ultra High-Shine Gloss for Fuller, Healthier, Younger-Looking Lips | Hydrating & Smoothing Lip Treatment Lip Plumper with Hyaluronic Acid & Oligopeptides</p><p>$35.00 ($218.75 / Fl Oz)</p><a href="https://www.amazon.com/dp/B094LT5LM4?tag=eloabder-20&linkCode=osi&th=1&psc=1">View Product</a></div><div class="product"><a href="https://www.amazon.com/dp/B08XZQ4YQ2?tag=eloabder-20&linkCode=osi&th=1&psc=1"><img src="https://m.media-amazon.com/images/I/41cN7l9csUL._SL500_.jpg" alt="Product Image"></a><p>essence | What the Fake! Plumping Lip Filler | Lip Gloss for Full, Voluminous Lips | Translucent Pearly Finish | Vegan & Cruelty Free, Gluten Free, Paraben Free</p><p>$4.99 ($35.64 / Fl Oz )</p><a href="https://www.amazon.com/dp/B08XZQ4YQ2?tag=eloabder-20&linkCode=osi&th=1&psc=1">View Product</a></div><div class="product"><a href="https://www.amazon.com/dp/B0CR7GSPFP?tag=eloabder-20&linkCode=osi&th=1&psc=1"><img src="https://m.media-amazon.com/images/I/41y+VaB2iDL._SL500_.jpg" alt="Product Image"></a><p>NYX PROFESSIONAL MAKEUP Duck Plump High Pigment Plumping Lip Gloss with Spicy Ginger, Vegan Lip Makeup - Cherry Spice (Transparent Red)</p><p>$9.75</p><a href="https://www.amazon.com/dp/B0CR7GSPFP?tag=eloabder-20&linkCode=osi&th=1&psc=1">View Product</a></div><div class="product"><a href="https://www.amazon.com/dp/B0CPYMLVJJ?tag=eloabder-20&linkCode=osi&th=1&psc=1"><img src="https://m.media-amazon.com/images/I/31qGoOFwP7L._SL500_.jpg" alt="Product Image"></a><p>e.l.f. Pout Clout Lip Plumping Pen, Nourishing Lip Balm For Sheer Color & Shine, Plumps & Moisturizes, Vegan & Cruelty-Free, In The Clear</p><p>$8.00</p><a href="https://www.amazon.com/dp/B0CPYMLVJJ?tag=eloabder-20&linkCode=osi&th=1&psc=1">View Product</a></div><div class="product"><a href="https://www.amazon.com/dp/B086QRYHYT?tag=eloabder-20&linkCode=osi&th=1&psc=1"><img src="https://m.media-amazon.com/images/I/41IVWGl-frL._SL500_.jpg" alt="Product Image"></a><p>KISSIO Lip Plumper,Natural Lip Plumper for Day Use,Lip Plumping Gloss Make Lips Fuller and Moisturizing 5.5ml</p><p>$9.89</p><a href="https://www.amazon.com/dp/B086QRYHYT?tag=eloabder-20&linkCode=osi&th=1&psc=1">View Product</a></div><div class="product"><a href="https://www.amazon.com/dp/B074G382ZR?tag=eloabder-20&linkCode=osi&th=1&psc=1"><img src="https://m.media-amazon.com/images/I/31h-Mpx5OOL._SL500_.jpg" alt="Product Image"></a><p>e.l.f. Lip Plumping Gloss, Hydrating, Nourishing, Invigorating, High-Shine, Plumps, Volumizes, Cools, Soothes, Shimmer, Pink Cosmo 8 Ounce 0.09 Fl Oz</p><p>$7.00</p><a href="https://www.amazon.com/dp/B074G382ZR?tag=eloabder-20&linkCode=osi&th=1&psc=1">View Product</a></div><div class="product"><a href="https://www.amazon.com/dp/B08RRY5PF2?tag=eloabder-20&linkCode=osi&th=1&psc=1"><img src="https://m.media-amazon.com/images/I/41HjvvFXBpL._SL500_.jpg" alt="Product Image"></a><p>Physicians Formula Mineral Wear Diamond Lip Plumper Gloss, Dermatologist Tested, Light Pink Princess Cut</p><p>$7.28</p><a href="https://www.amazon.com/dp/B08RRY5PF2?tag=eloabder-20&linkCode=osi&th=1&psc=1">View Product</a></div>
<div class="product"><a href="https://www.amazon.com/dp/B017PCGAXQ?tag=eloabder-20&linkCode=osi&th=1&psc=1"><img src="https://m.media-amazon.com/images/I/31-daQlUgGL._SL500_.jpg" alt="Product Image"></a><p>Garnier Micellar Water For Waterproof Makeup, Hydrating Facial Cleanser & Makeup Remover, Suitable for Sensitive Skin, Vegan, Cruelty Free, 13.5 Fl Oz (400mL), 1 Count</p><p>$8.97 ($0.66 / Fl Oz)</p><a href="https://www.amazon.com/dp/B017PCGAXQ?tag=eloabder-20&linkCode=osi&th=1&psc=1">View Product</a></div><div class="product"><a href="https://www.amazon.com/dp/B017PCGABI?tag=eloabder-20&linkCode=osi&th=1&psc=1"><img src="https://m.media-amazon.com/images/I/3106WC85aAL._SL500_.jpg" alt="Product Image"></a><p>Garnier Micellar Water, Hydrating Facial Cleanser & Makeup Remover, Suitable for Sensitive Skin, Vegan, Cruelty Free, 13.5 Fl Oz (400mL), 1 Count</p><p>$8.97 ($0.66 / Fl Oz)</p><a href="https://www.amazon.com/dp/B017PCGABI?tag=eloabder-20&linkCode=osi&th=1&psc=1">View Product</a></div><div class="product"><a href="https://www.amazon.com/dp/B00U2VQZDS?tag=eloabder-20&linkCode=osi&th=1&psc=1"><img src="https://m.media-amazon.com/images/I/41VzZfHAKpL._SL500_.jpg" alt="Product Image"></a><p>Neutrogena Makeup Remover Wipes, Ultra-Soft Cleansing Facial Towelettes for Waterproof Makeup, Alcohol-Free, Plant-Based, Twin Pack, 25 Count (Pack of 2)</p><p>$8.97 ($0.18 / Count)</p><a href="https://www.amazon.com/dp/B00U2VQZDS?tag=eloabder-20&linkCode=osi&th=1&psc=1">View Product</a></div><div class="product"><a href="https://www.amazon.com/dp/B07T9JV956?tag=eloabder-20&linkCode=osi&th=1&psc=1"><img src="https://m.media-amazon.com/images/I/310x+0QrxsL._SL500_.jpg" alt="Product Image"></a><p>Neutrogena Gentle Oil-Free Eye Makeup Remover & Cleanser for Sensitive Eyes, Non-Greasy Makeup Remover, Removes Waterproof Mascara, Dermatologist & Ophthalmologist Tested, 8.0 fl. oz</p><p>$9.39 ($1.17 / Fl Oz)</p><a href="https://www.amazon.com/dp/B07T9JV956?tag=eloabder-20&linkCode=osi&th=1&psc=1">View Product</a></div><div class="product"><a href="https://www.amazon.com/dp/B01M31HY3S?tag=eloabder-20&linkCode=osi&th=1&psc=1"><img src="https://m.media-amazon.com/images/I/319i79e7f4L._SL500_.jpg" alt="Product Image"></a><p>Cetaphil Gentle Waterproof Makeup Remover, Mother's Day Gifts, Oil-Free Formula Suitable for Sensitive Skin, 6.0 Fluid Ounce</p><p>$9.87 ($1.64 / Fl Oz)</p><a href="https://www.amazon.com/dp/B01M31HY3S?tag=eloabder-20&linkCode=osi&th=1&psc=1">View Product</a></div><div class="product"><a href="https://www.amazon.com/dp/B07SS6LFRG?tag=eloabder-20&linkCode=osi&th=1&psc=1"><img src="https://m.media-amazon.com/images/I/31Mwa89HfCL._SL500_.jpg" alt="Product Image"></a><p>Amazon Basics Eye Makeup Remover, Removes Waterproof Mascara, Dermatologist Tested, Fragrance Free, 5.5 Fl Oz (Pack of 1)</p><p>$5.99 ($1.09 / Fl Oz)</p><a href="https://www.amazon.com/dp/B07SS6LFRG?tag=eloabder-20&linkCode=osi&th=1&psc=1">View Product</a></div><div class="product"><a href="https://www.amazon.com/dp/B08TQTT8LK?tag=eloabder-20&linkCode=osi&th=1&psc=1"><img src="https://m.media-amazon.com/images/I/31R-Y-dhjEL._SL500_.jpg" alt="Product Image"></a><p>e.l.f. Holy Hydration! Makeup Melting Cleansing Balm, Face Cleanser & Makeup Remover, Infused with Hyaluronic Acid to Hydrate Skin, 2 Oz</p><p>$11.00 ($5.50 / Ounce)</p><a href="https://www.amazon.com/dp/B08TQTT8LK?tag=eloabder-20&linkCode=osi&th=1&psc=1">View Product</a></div><div class="product"><a href="https://www.amazon.com/dp/B08Q3CQM7X?tag=eloabder-20&linkCode=osi&th=1&psc=1"><img src="https://m.media-amazon.com/images/I/31edyzkByfL._SL500_.jpg" alt="Product Image"></a><p>JUNO & Co. Clean 10 Cleansing Balm 10 Ingredients Makeup Remover 85g / 3.0oz</p><p>$14.99 ($5.00 / Ounce)</p><a href="https://www.amazon.com/dp/B08Q3CQM7X?tag=eloabder-20&linkCode=osi&th=1&psc=1">View Product</a></div><div class="product"><a href="https://www.amazon.com/dp/B0B1PP1XCM?tag=eloabder-20&linkCode=osi&th=1&psc=1"><img src="https://m.media-amazon.com/images/I/31kOCqV2+BL._SL500_.jpg" alt="Product Image"></a><p>CeraVe Cleansing Balm for Sensitive Skin | Hydrating Makeup Remover with Ceramides and Plant-based Jojoba Oil for Face | Non-Comedogenic Fragrance Free Non-Greasy |1.3 Ounces</p><p>$9.97 ($7.67 / Ounce)</p><a href="https://www.amazon.com/dp/B0B1PP1XCM?tag=eloabder-20&linkCode=osi&th=1&psc=1">View Product</a></div><div class="product"><a href="https://www.amazon.com/dp/B0BX65V1BZ?tag=eloabder-20&linkCode=osi&th=1&psc=1"><img src="https://m.media-amazon.com/images/I/31t6WiWvdDL._SL500_.jpg" alt="Product Image"></a><p>Prime Prometics PrimeSkin Beauty Water – Deeply Hydrating Pro-Age Make-Up Remover for Mature Women – Clean, One Swipe – for All Skin Types – pH balanced, Hypoallergenic</p><p>$27.00 ($5.29 / Fl Oz)</p><a href="https://www.amazon.com/dp/B0BX65V1BZ?tag=eloabder-20&linkCode=osi&th=1&psc=1">View Product</a></div>
<div class="product"><a href="https://www.amazon.com/dp/B0B642XWV8?tag=eloabder-20&linkCode=osi&th=1&psc=1"><img src="https://m.media-amazon.com/images/I/31PQPhUWqyL._SL500_.jpg" alt="Product Image"></a><p>Cetaphil Face and Body Wipes, Gentle Skin Cleansing Cloths, Mother's Day Gifts, 25 Count (Pack of 2), for Dry, Sensitive Skin, Flip Top Closure, Hypoallergenic, Fragrance Free</p><p>$13.69 ($0.27 / Count)</p><a href="https://www.amazon.com/dp/B0B642XWV8?tag=eloabder-20&linkCode=osi&th=1&psc=1">View Product</a></div><div class="product"><a href="https://www.amazon.com/dp/B0B644ZQLV?tag=eloabder-20&linkCode=osi&th=1&psc=1"><img src="https://m.media-amazon.com/images/I/41E5FGVZrnL._SL500_.jpg" alt="Product Image"></a><p>Cetaphil Face and Body Wipes, Gentle Skin Cleansing Cloths, 25 Count (Pack of 3), for Dry, Sensitive Skin, Flip Top Closure, Great for the Gym, Hypoallergenic, Fragrance Free</p><p>$20.91 ($0.28 / Count)</p><a href="https://www.amazon.com/dp/B0B644ZQLV?tag=eloabder-20&linkCode=osi&th=1&psc=1">View Product</a></div><div class="product"><a href="https://www.amazon.com/dp/B0958JYLZN?tag=eloabder-20&linkCode=osi&th=1&psc=1"><img src="https://m.media-amazon.com/images/I/312T32wjaYL._SL500_.jpg" alt="Product Image"></a><p>The Honest Company Hydrate + Cleanse Naturally Scented Wipes | Cleansing Multi-Tasking Wipes | 99% Water, Plant-Based, Hypoallergenic | Aloe + Cucumber, 60 Count</p><p>$5.97 ($9.95 / 100 Count)</p><a href="https://www.amazon.com/dp/B0958JYLZN?tag=eloabder-20&linkCode=osi&th=1&psc=1">View Product</a></div><div class="product"><a href="https://www.amazon.com/dp/B0BR3GVFL4?tag=eloabder-20&linkCode=osi&th=1&psc=1"><img src="https://m.media-amazon.com/images/I/41E2x2jaumL._SL500_.jpg" alt="Product Image"></a><p>Amazon Basics Hydrating Makeup Remover Wipes, 150 wipes (Pack of 6)</p><p>$17.79 ($0.12 / Count)</p><a href="https://www.amazon.com/dp/B0BR3GVFL4?tag=eloabder-20&linkCode=osi&th=1&psc=1">View Product</a></div><div class="product"><a href="https://www.amazon.com/dp/B093T3LQPP?tag=eloabder-20&linkCode=osi&th=1&psc=1"><img src="https://m.media-amazon.com/images/I/51mLU+qr6tL._SL500_.jpg" alt="Product Image"></a><p>Burt's Bees Rose Water Face Wipes, for All Skin Types, Hydrating Micellar Makeup Remover & Facial Cleansing Towelettes, 30 Ct (3-Pack)</p><p>$16.47 ($0.18 / Count)</p><a href="https://www.amazon.com/dp/B093T3LQPP?tag=eloabder-20&linkCode=osi&th=1&psc=1">View Product</a></div><div class="product"><a href="https://www.amazon.com/dp/B09LXWPB1V?tag=eloabder-20&linkCode=osi&th=1&psc=1"><img src="https://m.media-amazon.com/images/I/4117i-jJMKL._SL500_.jpg" alt="Product Image"></a><p>CeraVe Hydrating Facial Cleansing Makeup Remover Wipes| Plant Based Face Biodegradable in Home Compost| Wash Cloth| Suitable for Sensitive Skin| Fragrance-free Non-comedogenic| 25 Count</p><p>$9.97 ($0.40 / Count)</p><a href="https://www.amazon.com/dp/B09LXWPB1V?tag=eloabder-20&linkCode=osi&th=1&psc=1">View Product</a></div><div class="product"><a href="https://www.amazon.com/dp/B00NUJQG7Y?tag=eloabder-20&linkCode=osi&th=1&psc=1"><img src="https://m.media-amazon.com/images/I/51apu8FIluL._SL500_.jpg" alt="Product Image"></a><p>Burt's Bees Aloe Vera Face Wipes, for Sensitive Skin, Soothing Makeup Remover & Facial Cleansing Towelettes, 30 Ct. (3-Pack)</p><p>$16.41 ($0.18 / Count)</p><a href="https://www.amazon.com/dp/B00NUJQG7Y?tag=eloabder-20&linkCode=osi&th=1&psc=1">View Product</a></div>
<div class="product"><a href="https://www.amazon.com/dp/B08KQMXZFB?tag=eloabder-20&linkCode=osi&th=1&psc=1"><img src="https://m.media-amazon.com/images/I/31HvJEoHtwL._SL500_.jpg" alt="Product Image"></a><p>Garnier Micellar Water with Vitamin C, Facial Cleanser & Makeup Remover, Brightening & Hydrating, For All Skin Types, Vegan, Cruelty Free, 13.5 Fl Oz (400mL), 1 Count</p><p>$8.97 ($0.66 / Fl Oz)</p><a href="https://www.amazon.com/dp/B08KQMXZFB?tag=eloabder-20&linkCode=osi&th=1&psc=1">View Product</a></div><div class="product"><a href="https://www.amazon.com/dp/B0036SFTK4?tag=eloabder-20&linkCode=osi&th=1&psc=1"><img src="https://m.media-amazon.com/images/I/31+tj+uVB+L._SL500_.jpg" alt="Product Image"></a><p>Bioderma Sensibio H2O Micellar Water, Makeup Remover, Gentle for Skin, Fragrance-Free & Alcohol-Free, No Rinse Skincare With Micellar Technology for Normal To Sensitive Skin Types</p><p>$12.99 ($1.55 / Fl Oz)</p><a href="https://www.amazon.com/dp/B0036SFTK4?tag=eloabder-20&linkCode=osi&th=1&psc=1">View Product</a></div><div class="product"><a href="https://www.amazon.com/dp/B07TB2MKJJ?tag=eloabder-20&linkCode=osi&th=1&psc=1"><img src="https://m.media-amazon.com/images/I/41SyeAmsnOL._SL500_.jpg" alt="Product Image"></a><p>Garnier Micellar Water with Rose Water and Glycerin, Hydrating Facial Cleanser & Makeup Remover, For All Skin Types, Vegan, Cruelty Free, 13.5 Fl Oz (400mL), 1 Count</p><p>$8.97 ($0.66 / Fl Oz)</p><a href="https://www.amazon.com/dp/B07TB2MKJJ?tag=eloabder-20&linkCode=osi&th=1&psc=1">View Product</a></div><div class="product"><a href="https://www.amazon.com/dp/B01MQ495N0?tag=eloabder-20&linkCode=osi&th=1&psc=1"><img src="https://m.media-amazon.com/images/I/31wWu56DBJL._SL500_.jpg" alt="Product Image"></a><p>Garnier Micellar Water for Oily Skin, Facial Cleanser & Makeup Remover, Mattifying, For All Skin Types, Vegan, Cruelty Free, 13.5 Fl Oz (400mL), 1 Count</p><p>$8.97 ($0.66 / Fl Oz)</p><a href="https://www.amazon.com/dp/B01MQ495N0?tag=eloabder-20&linkCode=osi&th=1&psc=1">View Product</a></div><div class="product"><a href="https://www.amazon.com/dp/B0B59TJN3R?tag=eloabder-20&linkCode=osi&th=1&psc=1"><img src="https://m.media-amazon.com/images/I/410aYbZluvL._SL500_.jpg" alt="Product Image"></a><p>Garnier Micellar Water with Hyaluronic Acid, Facial Cleanser & Makeup Remover, Hydrating and Plumping, For All Skin Types, Vegan, Cruelty Free, 13.5 Fl Oz (400mL), 2 Count</p><p>$17.94 ($0.66 / Fl Oz)</p><a href="https://www.amazon.com/dp/B0B59TJN3R?tag=eloabder-20&linkCode=osi&th=1&psc=1">View Product</a></div><div class="product"><a href="https://www.amazon.com/dp/B07VHZPBZ3?tag=eloabder-20&linkCode=osi&th=1&psc=1"><img src="https://m.media-amazon.com/images/I/41Ow8cEJaFL._SL500_.jpg" alt="Product Image"></a><p>CeraVe Micellar Water | New & Improved Formula | Hydrating Facial Cleanser & Eye Makeup Remover | Fragrance Free & Non-Irritating | 10 Fl. Oz</p><p>$10.74 ($1.07 / Ounce)</p><a href="https://www.amazon.com/dp/B07VHZPBZ3?tag=eloabder-20&linkCode=osi&th=1&psc=1">View Product</a></div><div class="product"><a href="https://www.amazon.com/dp/B005EZSUS0?tag=eloabder-20&linkCode=osi&th=1&psc=1"><img src="https://m.media-amazon.com/images/I/31Cwqaks+tL._SL500_.jpg" alt="Product Image"></a><p>La Roche-Posay Micellar Cleansing Water for Sensitive Skin, Micellar Water Makeup Remover, Cleanses and Hydrates Skin, Gentle Face Toner, Oil Free</p><p>$18.99 ($1.40 / Fl Oz)</p><a href="https://www.amazon.com/dp/B005EZSUS0?tag=eloabder-20&linkCode=osi&th=1&psc=1">View Product</a></div><div class="product"><a href="https://www.amazon.com/dp/B0CY25DD2N?tag=eloabder-20&linkCode=osi&th=1&psc=1"><img src="https://m.media-amazon.com/images/I/41jb6YrZnRL._SL500_.jpg" alt="Product Image"></a><p>ma:nyo Pure Cleansing Water Sensitive (16.9 fl oz/500ml) - Triple+ Micellar Technology, Makeup Removal Cleanser, Gentle Face Cleanser for all skin types, Cleanses and Hydrates Skin</p><p>$18.99 ($1.12 / Fl Oz)</p><a href="https://www.amazon.com/dp/B0CY25DD2N?tag=eloabder-20&linkCode=osi&th=1&psc=1">View Product</a></div>
<div class="product"><a href="https://www.amazon.com/dp/B09LKXR62L?tag=eloabder-20&linkCode=osi&th=1&psc=1"><img src="https://m.media-amazon.com/images/I/31D6ydy59dL._SL500_.jpg" alt="Product Image"></a><p>CeraVe Hydrating Toner for Face Non-Alcoholic with Hyaluronic Acid, Niacinamide, and Ceramides for Sensitive Dry Skin, Fragrance-Free Non Comedogenic, Full Size, 6.8 Fl Oz</p><p>$9.86 ($1.45 / Ounce)</p><a href="https://www.amazon.com/dp/B09LKXR62L?tag=eloabder-20&linkCode=osi&th=1&psc=1">View Product</a></div><div class="product"><a href="https://www.amazon.com/dp/B08CMS8P67?tag=eloabder-20&linkCode=osi&th=1&psc=1"><img src="https://m.media-amazon.com/images/I/31LVyuSsJEL._SL500_.jpg" alt="Product Image"></a><p>Anua Heartleaf 77 Soothing Toner I pH 5.5 Trouble Care, Calming Skin, Refreshing, Hydrating, Purifying, Cruelty Free, Vegan,(250ml / 8.45 fl.oz.)</p><p>$19.69 ($2.33 / Fl Oz)</p><a href="https://www.amazon.com/dp/B08CMS8P67?tag=eloabder-20&linkCode=osi&th=1&psc=1">View Product</a></div><div class="product"><a href="https://www.amazon.com/dp/B001BR97A0?tag=eloabder-20&linkCode=osi&th=1&psc=1"><img src="https://m.media-amazon.com/images/I/41ooiOilk5L._SL500_.jpg" alt="Product Image"></a><p>THAYERS Alcohol-Free, Hydrating Cucumber Witch Hazel Facial Toner with Aloe Vera Formula, Vegan, Dermatologist Tested and Recommended, 12 Oz</p><p>$10.53 ($0.88 / Fl Oz)</p><a href="https://www.amazon.com/dp/B001BR97A0?tag=eloabder-20&linkCode=osi&th=1&psc=1">View Product</a></div><div class="product"><a href="https://www.amazon.com/dp/B0CG1H8YRS?tag=eloabder-20&linkCode=osi&th=1&psc=1"><img src="https://m.media-amazon.com/images/I/31OZES5j9LL._SL500_.jpg" alt="Product Image"></a><p>TIRTIR Milk Skin Rice Toner | Deep Moisturizing, Instant Glow, 2% Niacinamide, Rice Bran Extract, Ceramide, Panthenol, Cruelty-Free, Fungal Acne Friendly, Vegan, 5.07 fl.oz.</p><p>$24.99 ($4.93 / Fl Oz)</p><a href="https://www.amazon.com/dp/B0CG1H8YRS?tag=eloabder-20&linkCode=osi&th=1&psc=1">View Product</a></div><div class="product"><a href="https://www.amazon.com/dp/B008EPPIQ4?tag=eloabder-20&linkCode=osi&th=1&psc=1"><img src="https://m.media-amazon.com/images/I/31-lQL0AkZL._SL500_.jpg" alt="Product Image"></a><p>Paula's Choice Skin Balancing Pore-Reducing Toner for Combination and Oily Skin, Minimizes Large Pores, 6.4 Fluid Ounce Bottle</p><p>$26.00 ($4.06 / Fl Oz)</p><a href="https://www.amazon.com/dp/B008EPPIQ4?tag=eloabder-20&linkCode=osi&th=1&psc=1">View Product</a></div><div class="product"><a href="https://www.amazon.com/dp/B0BNC5ZF3T?tag=eloabder-20&linkCode=osi&th=1&psc=1"><img src="https://m.media-amazon.com/images/I/31ZMbyd3gbL._SL500_.jpg" alt="Product Image"></a><p>Neutrogena Alcohol-Free Gentle Daily Fragrance-Free Face Toner to Tone & Refresh Skin, Toner Gently Removes Impurities & Reconditions Skin, Hypoallergenic, 8 fl. oz</p><p>$6.08 ($0.76 / Fl Oz)</p><a href="https://www.amazon.com/dp/B0BNC5ZF3T?tag=eloabder-20&linkCode=osi&th=1&psc=1">View Product</a></div><div class="product"><a href="https://www.amazon.com/dp/B00LO2RO7K?tag=eloabder-20&linkCode=osi&th=1&psc=1"><img src="https://m.media-amazon.com/images/I/31Wb52+KYzL._SL500_.jpg" alt="Product Image"></a><p>La Roche-Posay Effaclar Clarifying Solution Acne Toner with Salicylic Acid and Glycolic Acid, Pore Refining Oily Skin Toner, Gentle Exfoliant to Unclog Pores and Remove Dead Skin Cells</p><p>$16.99 ($2.51 / Fl Oz)</p><a href="https://www.amazon.com/dp/B00LO2RO7K?tag=eloabder-20&linkCode=osi&th=1&psc=1">View Product</a></div><div class="product"><a href="https://www.amazon.com/dp/B000GCQ04C?tag=eloabder-20&linkCode=osi&th=1&psc=1"><img src="https://m.media-amazon.com/images/I/31Jk+E96wIL._SL500_.jpg" alt="Product Image"></a><p>Dickinson's Original Witch Hazel Pore Perfecting Toner, 100% Natural, 16 Ounce Fragrance free</p><p>$4.94 ($0.31 / Fl Oz)</p><a href="https://www.amazon.com/dp/B000GCQ04C?tag=eloabder-20&linkCode=osi&th=1&psc=1">View Product</a></div><div class="product"><a href="https://www.amazon.com/dp/B073P6BPF5?tag=eloabder-20&linkCode=osi&th=1&psc=1"><img src="https://m.media-amazon.com/images/I/31hqlVDLizL._SL500_.jpg" alt="Product Image"></a><p>COSRX AHA/BHA Clarifying Treatment Toner, 5.07 fl.oz / 150ml | Exfoliating Facial Spray | Korean Skin Care, Hydrating, Mild Exfoliation, Vegan, Animal Testing Free, Paraben Free</p><p>$10.75 ($2.11 / Fl Oz)</p><a href="https://www.amazon.com/dp/B073P6BPF5?tag=eloabder-20&linkCode=osi&th=1&psc=1">View Product</a></div>
<div class="product"><a href="https://www.amazon.com/dp/B01N34XW93?tag=eloabder-20&linkCode=osi&th=1&psc=1"><img src="https://m.media-amazon.com/images/I/31OMOTCxlmL._SL500_.jpg" alt="Product Image"></a><p>La Roche-Posay Toleriane Purifying Foaming Facial Cleanser, Oil Free Face Wash for Oily Skin and for Sensitive Skin with Niacinamide, Pore Cleanser Won’t Dry Out Skin, Unscented</p><p>$17.99 ($1.33 / Fl Oz)</p><a href="https://www.amazon.com/dp/B01N34XW93?tag=eloabder-20&linkCode=osi&th=1&psc=1">View Product</a></div><div class="product"><a href="https://www.amazon.com/dp/B01MSSDEPK?tag=eloabder-20&linkCode=osi&th=1&psc=1"><img src="https://m.media-amazon.com/images/I/41YuSwjJUIL._SL500_.jpg" alt="Product Image"></a><p>CeraVe Hydrating Facial Cleanser | Moisturizing Face Wash For Dry Skin | Hyaluronic Acid + Ceramides + Glycerin | Hydrating Cleanser For Normal To Dry Skin | National Eczema Assosiation Certified</p><p>$15.48 ($0.97 / Fl Oz)</p><a href="https://www.amazon.com/dp/B01MSSDEPK?tag=eloabder-20&linkCode=osi&th=1&psc=1">View Product</a></div><div class="product"><a href="https://www.amazon.com/dp/B01N1LL62W?tag=eloabder-20&linkCode=osi&th=1&psc=1"><img src="https://m.media-amazon.com/images/I/41kwN8dWWzL._SL500_.jpg" alt="Product Image"></a><p>CeraVe Foaming Facial Cleanser | Daily Face Wash for Oily Skin with Hyaluronic Acid, Ceramides, and Niacinamide| Fragrance Free | 16 Fluid Ounce</p><p>$15.19 ($0.95 / Fl Oz)</p><a href="https://www.amazon.com/dp/B01N1LL62W?tag=eloabder-20&linkCode=osi&th=1&psc=1">View Product</a></div><div class="product"><a href="https://www.amazon.com/dp/B01N7T7JKJ?tag=eloabder-20&linkCode=osi&th=1&psc=1"><img src="https://m.media-amazon.com/images/I/31VXK3y1KYL._SL500_.jpg" alt="Product Image"></a><p>La Roche-Posay Toleriane Hydrating Gentle Face Cleanser, Daily Facial Cleanser with Niacinamide and Ceramides for Sensitive Skin, Moisturizing Face Wash for Normal to Dry Skin, Fragrance Free</p><p>$17.99 ($1.33 / Fl Oz)</p><a href="https://www.amazon.com/dp/B01N7T7JKJ?tag=eloabder-20&linkCode=osi&th=1&psc=1">View Product</a></div><div class="product"><a href="https://www.amazon.com/dp/B0719GRD5R?tag=eloabder-20&linkCode=osi&th=1&psc=1"><img src="https://m.media-amazon.com/images/I/41YE7bBHNCL._SL500_.jpg" alt="Product Image"></a><p>Clean & Clear Deep Action Exfoliating Cleanser with Pro-Vitamin B5, Gentle Exfoliating Daily Face Scrub Cleans Deep Down to the Pore for Soft, Smooth, Hydrated Skin, Oil Free Face Wash, 7 FL OZ</p><p>$5.32 ($0.76 / Fl Oz)</p><a href="https://www.amazon.com/dp/B0719GRD5R?tag=eloabder-20&linkCode=osi&th=1&psc=1">View Product</a></div><div class="product"><a href="https://www.amazon.com/dp/B08CQ9T6KN?tag=eloabder-20&linkCode=osi&th=1&psc=1"><img src="https://m.media-amazon.com/images/I/31IpigAgxZL._SL500_.jpg" alt="Product Image"></a><p>CeraVe SA Cleanser | Salicylic Acid Cleanser with Hyaluronic Acid, Niacinamide & Ceramides| BHA Exfoliant for Face | Fragrance Free Non-Comedogenic | 16 Ounce</p><p>$15.48 ($0.97 / Fl Oz)</p><a href="https://www.amazon.com/dp/B08CQ9T6KN?tag=eloabder-20&linkCode=osi&th=1&psc=1">View Product</a></div><div class="product"><a href="https://www.amazon.com/dp/B09Y4HHY1P?tag=eloabder-20&linkCode=osi&th=1&psc=1"><img src="https://m.media-amazon.com/images/I/41Crw80Q3yL._SL500_.jpg" alt="Product Image"></a><p>Cetaphil Face Wash, Daily Facial Cleanser for Sensitive, Combination to Oily Skin, NEW 16 oz, Fragrance Free, Gentle Foaming, Soap Free, Hypoallergenic (Packaging May Vary)</p><p>$11.97 ($0.75 / Fl Oz)</p><a href="https://www.amazon.com/dp/B09Y4HHY1P?tag=eloabder-20&linkCode=osi&th=1&psc=1">View Product</a></div><div class="product"><a href="https://www.amazon.com/dp/B099MSZX25?tag=eloabder-20&linkCode=osi&th=1&psc=1"><img src="https://m.media-amazon.com/images/I/41VHDzUYE6L._SL500_.jpg" alt="Product Image"></a><p>Cetaphil Face Wash, Daily Facial Cleanser for Sensitive, Combination to Oily Skin, Mother's Day Gifts, NEW 20 oz, Gentle Foaming, Soap Free, Hypoallergenic</p><p>$13.97 ($0.70 / Fl Oz)</p><a href="https://www.amazon.com/dp/B099MSZX25?tag=eloabder-20&linkCode=osi&th=1&psc=1">View Product</a></div><div class="product"><a href="https://www.amazon.com/dp/B00LO1DNXU?tag=eloabder-20&linkCode=osi&th=1&psc=1"><img src="https://m.media-amazon.com/images/I/31blEnDdwIL._SL500_.jpg" alt="Product Image"></a><p>La Roche-Posay Effaclar Medicated Gel Cleanser | 2% Salicylic Acid Cleanser + LHA + Glycerin | Foaming Acne Face Wash | Helps Clear & Prevent Acne Breakouts | Oil Free Acne Wash | Targets Excess Oil</p><p>$16.99 ($2.51 / Fl Oz)</p><a href="https://www.amazon.com/dp/B00LO1DNXU?tag=eloabder-20&linkCode=osi&th=1&psc=1">View Product</a></div><div class="product"><a href="https://www.amazon.com/dp/B00FFJ4W0U?tag=eloabder-20&linkCode=osi&th=1&psc=1"><img src="https://m.media-amazon.com/images/I/31NIZChUu9L._SL500_.jpg" alt="Product Image"></a><p>Clean & Clear Morning Burst Hydrating Facial Cleanser with BHA, Cucumber and Aloe Extracts, Oil-Free Face Wash Gently Removes Oil and Pore Clogging Impurities, 8 FL OZ</p><p>$4.97 ($0.62 / Fl Oz)</p><a href="https://www.amazon.com/dp/B00FFJ4W0U?tag=eloabder-20&linkCode=osi&th=1&psc=1">View Product</a></div>
<div class="product"><a href="https://www.amazon.com/dp/B00QY1XZ4W?tag=eloabder-20&linkCode=osi&th=1&psc=1"><img src="https://m.media-amazon.com/images/I/319pG+OQZxL._SL500_.jpg" alt="Product Image"></a><p>Vanicream Gentle Facial Cleanser with Pump Dispenser - 8 fl oz - Formulated Without Common Irritants for Those with Sensitive Skin</p><p>$8.86 ($1.11 / Fl Oz)</p><a href="https://www.amazon.com/dp/B00QY1XZ4W?tag=eloabder-20&linkCode=osi&th=1&psc=1">View Product</a></div><div class="product"><a href="https://www.amazon.com/dp/B00UT47WZ8?tag=eloabder-20&linkCode=osi&th=1&psc=1"><img src="https://m.media-amazon.com/images/I/31LuYFIOBXL._SL500_.jpg" alt="Product Image"></a><p>Neutrogena Deep Clean Daily Facial Cleanser with Beta Hydroxy Acid for Normal to Oily Skin, Alcohol-Free, Oil-Free & Non-Comedogenic, 6.7 fl. oz</p><p>$6.49 ($0.97 / Fl Oz)</p><a href="https://www.amazon.com/dp/B00UT47WZ8?tag=eloabder-20&linkCode=osi&th=1&psc=1">View Product</a></div><div class="product"><a href="https://www.amazon.com/dp/B0BVV8BNYJ?tag=eloabder-20&linkCode=osi&th=1&psc=1"><img src="https://m.media-amazon.com/images/I/31tSZvBReoL._SL500_.jpg" alt="Product Image"></a><p>ANUA Heartleaf Quercetinol Pore Deep Cleansing Foam, Facial Cleanser, for Double Cleansing, BHA, Hyaluronic Acid, Glycerin, Face Wash, Blackhead Remover, Korean Skincare (150ml/5.07 fl.oz.)</p><p>$13.00 ($2.56 / Fl Oz)</p><a href="https://www.amazon.com/dp/B0BVV8BNYJ?tag=eloabder-20&linkCode=osi&th=1&psc=1">View Product</a></div><div class="product"><a href="https://www.amazon.com/dp/B004HLSZYQ?tag=eloabder-20&linkCode=osi&th=1&psc=1"><img src="https://m.media-amazon.com/images/I/31KXj2UGrOL._SL500_.jpg" alt="Product Image"></a><p>EltaMD Foaming Facial Cleanser, Gentle Foaming Face Wash and Makeup Remover, Oil Free Face Wash, 7 oz Pump</p><p>$35.00 ($5.00 / Fl Oz)</p><a href="https://www.amazon.com/dp/B004HLSZYQ?tag=eloabder-20&linkCode=osi&th=1&psc=1">View Product</a></div>
<div class="product"><a href="https://www.amazon.com/dp/B07C5SS6YD?tag=eloabder-20&linkCode=osi&th=1&psc=1"><img src="https://m.media-amazon.com/images/I/31tzIszvgAL._SL500_.jpg" alt="Product Image"></a><p>Paula's Choice Skin Perfecting 2% BHA Liquid Salicylic Acid Exfoliant, Gentle Facial Exfoliator for Blackheads, Large Pores, Wrinkles & Fine Lines, Travel Size, 1 Fluid Ounce</p><p>$14.00</p><a href="https://www.amazon.com/dp/B07C5SS6YD?tag=eloabder-20&linkCode=osi&th=1&psc=1">View Product</a></div><div class="product"><a href="https://www.amazon.com/dp/B07VW3YSWH?tag=eloabder-20&linkCode=osi&th=1&psc=1"><img src="https://m.media-amazon.com/images/I/410j9ZFktHL._SL500_.jpg" alt="Product Image"></a><p>Tree Hut Vitamin C Shea Sugar Scrub, 18 oz, Ultra Hydrating and Exfoliating Scrub for Nourishing Essential Body Care</p><p>$8.94 ($0.50 / Ounce)</p><a href="https://www.amazon.com/dp/B07VW3YSWH?tag=eloabder-20&linkCode=osi&th=1&psc=1">View Product</a></div><div class="product"><a href="https://www.amazon.com/dp/B08YN28CS4?tag=eloabder-20&linkCode=osi&th=1&psc=1"><img src="https://m.media-amazon.com/images/I/41WIWNeKrxL._SL500_.jpg" alt="Product Image"></a><p>Seraphic Skincare (Original) Premium Exfoliating Mitt for Body (1pc) – 100% Vegan Viscose Traditional Body Scrub Glove Kessa Korean Washcloth – Body Exfoliator for Self-Tan Removal & Keratosis Pilaris</p><p>$8.99 ($8.99 / Count)</p><a href="https://www.amazon.com/dp/B08YN28CS4?tag=eloabder-20&linkCode=osi&th=1&psc=1">View Product</a></div><div class="product"><a href="https://www.amazon.com/dp/B001VMJSCW?tag=eloabder-20&linkCode=osi&th=1&psc=1"><img src="https://m.media-amazon.com/images/I/31N7x4-aJAL._SL500_.jpg" alt="Product Image"></a><p>Dermalogica Daily Microfoliant, Face Exfoliator Scrub Powder with Salicylic Acid and Papaya Enzyme, Achieve Brighter, Smoother Skin Daily, 0.45 Oz</p><p>$19.00 ($42.22 / Ounce)</p><a href="https://www.amazon.com/dp/B001VMJSCW?tag=eloabder-20&linkCode=osi&th=1&psc=1">View Product</a></div><div class="product"><a href="https://www.amazon.com/dp/B076KYPY23?tag=eloabder-20&linkCode=osi&th=1&psc=1"><img src="https://m.media-amazon.com/images/I/31F7Ozgy+WL._SL500_.jpg" alt="Product Image"></a><p>DRMTLGY Microdermabrasion Facial Scrub and Face Mask. Non-Abrasive Face Exfoliator Improves Acne Scars, Blackheads, Pore Size, and Skin Texture. 2 oz</p><p>$20.00 ($10.00 / Ounce)</p><a href="https://www.amazon.com/dp/B076KYPY23?tag=eloabder-20&linkCode=osi&th=1&psc=1">View Product</a></div><div class="product"><a href="https://www.amazon.com/dp/B018H32LHQ?tag=eloabder-20&linkCode=osi&th=1&psc=1"><img src="https://m.media-amazon.com/images/I/41NfDFms3KL._SL500_.jpg" alt="Product Image"></a><p>Era Organics Microdermabrasion Facial Scrub & Face Exfoliator - Spa Quality Exfoliating Mask with Manuka Honey Walnut Moisturizing Exfoliant for Dry Skin, Blackheads Wrinkles (2 oz)</p><p>$16.99 ($8.50 / Ounce)</p><a href="https://www.amazon.com/dp/B018H32LHQ?tag=eloabder-20&linkCode=osi&th=1&psc=1">View Product</a></div><div class="product"><a href="https://www.amazon.com/dp/B0BNWXFH3P?tag=eloabder-20&linkCode=osi&th=1&psc=1"><img src="https://m.media-amazon.com/images/I/51HkdST1FCL._SL500_.jpg" alt="Product Image"></a><p>Dermasuri Deep Exfoliating Glove for Shower - Exfoliating Mitt Body Scrubber - Skin Exfoliator & Dead Skin Remover - Keratosis Pilaris Scrub - Spray Tan Remover - Korean Skincare for Body (2 Pack)</p><p>$19.99 ($10.00 / Count)</p><a href="https://www.amazon.com/dp/B0BNWXFH3P?tag=eloabder-20&linkCode=osi&th=1&psc=1">View Product</a></div><div class="product"><a href="https://www.amazon.com/dp/B09Q88TVGJ?tag=eloabder-20&linkCode=osi&th=1&psc=1"><img src="https://m.media-amazon.com/images/I/31jQFJt0t7L._SL500_.jpg" alt="Product Image"></a><p>tingl Face and Body Exfoliator Pads - Anti Aging Acne Treatment with Glycolic Acid, Lactic Acid, and Salicylic Acid - Pore Minimizer, Oil Cleanser, Blackhead Remover and Skin Exfoliator in One</p><p>$38.00 ($38.00 / Count)</p><a href="https://www.amazon.com/dp/B09Q88TVGJ?tag=eloabder-20&linkCode=osi&th=1&psc=1">View Product</a></div><div class="product"><a href="https://www.amazon.com/dp/B08T4FLJQZ?tag=eloabder-20&linkCode=osi&th=1&psc=1"><img src="https://m.media-amazon.com/images/I/317LIpGPZiL._SL500_.jpg" alt="Product Image"></a><p>Dove Scrub Brown Sugar & Coconut Butter For Silky Smooth Skin Body Scrub Exfoliates & Restores Skin's Natural Nutrients 10.5 oz</p><p>$6.97 ($0.66 / Ounce)</p><a href="https://www.amazon.com/dp/B08T4FLJQZ?tag=eloabder-20&linkCode=osi&th=1&psc=1">View Product</a></div>
<div class="product"><a href="https://www.amazon.com/dp/B07XG6BKCV?tag=eloabder-20&linkCode=osi&th=1&psc=1"><img src="https://m.media-amazon.com/images/I/31gg8aKaOeL._SL500_.jpg" alt="Product Image"></a><p>First Aid Beauty KP Bump Eraser Body Scrub Exfoliant for Keratosis Pilaris with 10% AHA – 8 oz</p><p>$30.00 ($3.75 / Ounce)</p><a href="https://www.amazon.com/dp/B07XG6BKCV?tag=eloabder-20&linkCode=osi&th=1&psc=1">View Product</a></div><div class="product"><a href="https://www.amazon.com/dp/B08Y5X8GJ9?tag=eloabder-20&linkCode=osi&th=1&psc=1"><img src="https://m.media-amazon.com/images/I/51MmIF4H+2L._SL500_.jpg" alt="Product Image"></a><p>Tree Hut Watermelon Shea Sugar Exfoliating & Hydrating Body Scrub, 18oz</p><p>$8.49 ($0.47 / Ounce)</p><a href="https://www.amazon.com/dp/B08Y5X8GJ9?tag=eloabder-20&linkCode=osi&th=1&psc=1">View Product</a></div><div class="product"><a href="https://www.amazon.com/dp/B003Z4OD24?tag=eloabder-20&linkCode=osi&th=1&psc=1"><img src="https://m.media-amazon.com/images/I/31C3rfE0XfL._SL500_.jpg" alt="Product Image"></a><p>Acure Brightening Facial Scrub for a Youthful, Brighter, Radiant Complexion | With Sea Kelp & French Green Clay, 4 Fl Oz</p><p>$11.83 ($2.96 / Fl Oz)</p><a href="https://www.amazon.com/dp/B003Z4OD24?tag=eloabder-20&linkCode=osi&th=1&psc=1">View Product</a></div><div class="product"><a href="https://www.amazon.com/dp/B07TH9YNL7?tag=eloabder-20&linkCode=osi&th=1&psc=1"><img src="https://m.media-amazon.com/images/I/4152M3OTu9L._SL500_.jpg" alt="Product Image"></a><p>Brooklyn Botany Dead Sea Salt and Coconut Milk Body Scrub - Moisturizing and Exfoliating Body, Face, Hand, Foot Scrub - Fights Stretch Marks, Fine Lines, Wrinkles - Great Gifts for Women & Men - 10 oz</p><p>$8.99 ($0.86 / Ounce)</p><a href="https://www.amazon.com/dp/B07TH9YNL7?tag=eloabder-20&linkCode=osi&th=1&psc=1">View Product</a></div><div class="product"><a href="https://www.amazon.com/dp/B07Q9C3YTQ?tag=eloabder-20&linkCode=osi&th=1&psc=1"><img src="https://m.media-amazon.com/images/I/31L0XCMqHoL._SL500_.jpg" alt="Product Image"></a><p>SheaMoisture Body Scrub for Dull Skin Illuminating Coconut and Hibiscus Cruelty-Free Skin Care 12 oz</p><p>$8.94 ($0.74 / Ounce)</p><a href="https://www.amazon.com/dp/B07Q9C3YTQ?tag=eloabder-20&linkCode=osi&th=1&psc=1">View Product</a></div><div class="product"><a href="https://www.amazon.com/dp/B09X6CVS53?tag=eloabder-20&linkCode=osi&th=1&psc=1"><img src="https://m.media-amazon.com/images/I/51a7ibTDAQL._SL500_.jpg" alt="Product Image"></a><p>Exfoliating Body Scrub Turmeric Body Scrub and Skin Exfoliator with Collagen and Coconut Oil Gently Exfoliate Face Body Hand and Foot Scrub Moisturizing Body SkinCare products by M3 Naturals</p><p>$25.81 ($2.15 / Ounce)</p><a href="https://www.amazon.com/dp/B09X6CVS53?tag=eloabder-20&linkCode=osi&th=1&psc=1">View Product</a></div><div class="product"><a href="https://www.amazon.com/dp/B08TM4QBDT?tag=eloabder-20&linkCode=osi&th=1&psc=1"><img src="https://m.media-amazon.com/images/I/51ToKkQ3fMS._SL500_.jpg" alt="Product Image"></a><p>First Botany, Himalayan Salt Body Scrub with Collagen & Stem Cells, Natural Exfoliating Salt Scrub Body & Face Souffle helps with Moisturizing Skin, Acne, Cellulite, Dead Skin Scars, Wrinkles, 11 oz</p><p>$13.89 ($1.26 / Ounce)</p><a href="https://www.amazon.com/dp/B08TM4QBDT?tag=eloabder-20&linkCode=osi&th=1&psc=1">View Product</a></div>
<div class="product"><a href="https://www.amazon.com/dp/B0B2RM68G2?tag=eloabder-20&linkCode=osi&th=1&psc=1"><img src="https://m.media-amazon.com/images/I/41VafG53fjL._SL500_.jpg" alt="Product Image"></a><p>BIODANCE Bio-Collagen Real Deep Mask, Hydrating Overnight Hydrogel Mask, Pore Minimizing, Elasticity Improvement, 34g x4ea</p><p>$19.00 ($4.75 / Count)</p><a href="https://www.amazon.com/dp/B0B2RM68G2?tag=eloabder-20&linkCode=osi&th=1&psc=1">View Product</a></div><div class="product"><a href="https://www.amazon.com/dp/B0722LVW3B?tag=eloabder-20&linkCode=osi&th=1&psc=1"><img src="https://m.media-amazon.com/images/I/51Vm0lozSIL._SL500_.jpg" alt="Product Image"></a><p>DERMAL 24 Combo Pack A Collagen Essence Korean Face Mask - Hydrating & Soothing Facial Mask with Panthenol - Hypoallergenic Self Care Sheet Mask for All Skin Types - Natural Home Spa Treatment Mask</p><p>$16.99 ($0.71 / Count)</p><a href="https://www.amazon.com/dp/B0722LVW3B?tag=eloabder-20&linkCode=osi&th=1&psc=1">View Product</a></div><div class="product"><a href="https://www.amazon.com/dp/B08YRD11VS?tag=eloabder-20&linkCode=osi&th=1&psc=1"><img src="https://m.media-amazon.com/images/I/41QL8zBoz0S._SL500_.jpg" alt="Product Image"></a><p>Vitamin C Face Mask with Kaolin Clay and Turmeric for Dark Spots, Dull Skin, Skincare Facial Mask for Controlling Oil and Refining Pores 5.29 Oz</p><p>$14.99 ($2.83 / Ounce)</p><a href="https://www.amazon.com/dp/B08YRD11VS?tag=eloabder-20&linkCode=osi&th=1&psc=1">View Product</a></div><div class="product"><a href="https://www.amazon.com/dp/B06VV8FBDQ?tag=eloabder-20&linkCode=osi&th=1&psc=1"><img src="https://m.media-amazon.com/images/I/41GEI9zFceL._SL500_.jpg" alt="Product Image"></a><p>LA PURE Korean Face Mask - 10ct Snail Mucin Hydrating Face Masks Anti Wrinkle Anti Aging Deep Moisturizing Natural Snail Mucin Mask Sheet Mask Paraben Free Facial Skin Care Products Korean Skin Care</p><p>$24.95 ($2.50 / Count)</p><a href="https://www.amazon.com/dp/B06VV8FBDQ?tag=eloabder-20&linkCode=osi&th=1&psc=1">View Product</a></div><div class="product"><a href="https://www.amazon.com/dp/B09XWVH7XX?tag=eloabder-20&linkCode=osi&th=1&psc=1"><img src="https://m.media-amazon.com/images/I/413x5TISr1L._SL500_.jpg" alt="Product Image"></a><p>Mediheal Best Korean Watermide Essential Face Mask - 10 Hydrating and Moisturizing Sheet Masks With Water 3x Complex For All Skin Types</p><p>$19.90 ($1.99 / Count)</p><a href="https://www.amazon.com/dp/B09XWVH7XX?tag=eloabder-20&linkCode=osi&th=1&psc=1">View Product</a></div><div class="product"><a href="https://www.amazon.com/dp/B07K6V8P2R?tag=eloabder-20&linkCode=osi&th=1&psc=1"><img src="https://m.media-amazon.com/images/I/41FtxFr0Z-L._SL500_.jpg" alt="Product Image"></a><p>Ebanel 15 Pack Collagen Peptide Hydrating Face Masks, Instant Brightening Firming Anti Aging Face Sheet Masks, Moisturizing Spa Face Masks Skincare with Hyaluronic Acid, Vitamin C, Chamomile, Aloe</p><p>$18.99 ($1.81 / Ounce)</p><a href="https://www.amazon.com/dp/B07K6V8P2R?tag=eloabder-20&linkCode=osi&th=1&psc=1">View Product</a></div><div class="product"><a href="https://www.amazon.com/dp/B0CYGT3CR4?tag=eloabder-20&linkCode=osi&th=1&psc=1"><img src="https://m.media-amazon.com/images/I/51LbfzrqiUL._SL500_.jpg" alt="Product Image"></a><p>KONEUK 14 Pack Sheet Face Masks Skincare for All Skin Types, Hydrating Face Masks Suitable for Sensitive Skin, Bulk Facial Mask Set for Women Skin Care, Face Mask Gifts Set for Face Spa</p><p>$8.99 ($0.64 / Count)</p><a href="https://www.amazon.com/dp/B0CYGT3CR4?tag=eloabder-20&linkCode=osi&th=1&psc=1">View Product</a></div><div class="product"><a href="https://www.amazon.com/dp/B07L8XY5B7?tag=eloabder-20&linkCode=osi&th=1&psc=1"><img src="https://m.media-amazon.com/images/I/41v5eqhBSIL._SL500_.jpg" alt="Product Image"></a><p>BRO MASK: Korean Face Mask for Men | 2 Pc. Hydrating Anti Aging Sheet Masks Contains Vitamin C, Vitamin E, Hyaluronic Acid, Hydrolyzed Collagen for Face Care & Acne Treatment by Jaxon Lane (4 Pack)</p><p>$28.00 ($7.00 / Count)</p><a href="https://www.amazon.com/dp/B07L8XY5B7?tag=eloabder-20&linkCode=osi&th=1&psc=1">View Product</a></div><div class="product"><a href="https://www.amazon.com/dp/B01KSIO76G?tag=eloabder-20&linkCode=osi&th=1&psc=1"><img src="https://m.media-amazon.com/images/I/21n0DJ3XOiL._SL500_.jpg" alt="Product Image"></a><p>Kiehl's Rare Earth Deep Pore Cleansing Mask, Pore-Minimizing Face Mask for Clogged Pores, Detoxifies & Refines Skin, Absorbs Excess Oil, with Amazonian White Clay & Aloe Vera - 0.95 fl oz</p><p>$26.00 ($27.37 / Ounce)</p><a href="https://www.amazon.com/dp/B01KSIO76G?tag=eloabder-20&linkCode=osi&th=1&psc=1">View Product</a></div>
<div class="product"><a href="https://www.amazon.com/dp/B08JSL9W6K?tag=eloabder-20&linkCode=osi&th=1&psc=1"><img src="https://m.media-amazon.com/images/I/410lOOpCRwL._SL500_.jpg" alt="Product Image"></a><p>COSRX Snail Mucin Sheet Mask 10 EA, Snail Essence Leave-on Face Masks for Dry, Sensitive Skin, Snail Secretion Filtrate, Not Tested on Animals, No Parabens, No Sulfates, Korean Skincare</p><p>$18.75 ($1.88 / Count)</p><a href="https://www.amazon.com/dp/B08JSL9W6K?tag=eloabder-20&linkCode=osi&th=1&psc=1">View Product</a></div><div class="product"><a href="https://www.amazon.com/dp/B07FPJHPX1?tag=eloabder-20&linkCode=osi&th=1&psc=1"><img src="https://m.media-amazon.com/images/I/51uNOnTpxTL._SL500_.jpg" alt="Product Image"></a><p>Celavi Essence Facial Sheet Face Mask Variety Set Classic Authentic Korean Moisturizing Skincare (12-Packs)</p><p>$9.40 ($0.78 / Count)</p><a href="https://www.amazon.com/dp/B07FPJHPX1?tag=eloabder-20&linkCode=osi&th=1&psc=1">View Product</a></div><div class="product"><a href="https://www.amazon.com/dp/B083X5R6VR?tag=eloabder-20&linkCode=osi&th=1&psc=1"><img src="https://m.media-amazon.com/images/I/31NleokJYmL._SL500_.jpg" alt="Product Image"></a><p>VT COSMETICS Daily Soothing Mask 30ea, Facial Sheet Mask for Moist & Hydrating, 30 Day Supply, Cica Face Mask</p><p>$18.50 ($0.62 / Count)</p><a href="https://www.amazon.com/dp/B083X5R6VR?tag=eloabder-20&linkCode=osi&th=1&psc=1">View Product</a></div><div class="product"><a href="https://www.amazon.com/dp/B0B57TX64F?tag=eloabder-20&linkCode=osi&th=1&psc=1"><img src="https://m.media-amazon.com/images/I/41+ywvmpRoL._SL500_.jpg" alt="Product Image"></a><p>Mediheal Best Korean Sheet Mask - Watermide Essential Face Mask 4 Sheets For All Skin Types Korean Best Sheet Mask Hydrating Moisturizing with Water 3x Complex</p><p>$7.90 ($1.98 / Count)</p><a href="https://www.amazon.com/dp/B0B57TX64F?tag=eloabder-20&linkCode=osi&th=1&psc=1">View Product</a></div><div class="product"><a href="https://www.amazon.com/dp/B0BPLLXT7Y?tag=eloabder-20&linkCode=osi&th=1&psc=1"><img src="https://m.media-amazon.com/images/I/41vG52wcgaL._SL500_.jpg" alt="Product Image"></a><p>NEXTBEAU [PACK OF 10] Solution Sheet Mask Pack 5types x 2pc Aloe, Niacinamide, Collagen, Hemp seed, Hyaluronic Acid</p><p>$8.99 ($0.90 / Count)</p><a href="https://www.amazon.com/dp/B0BPLLXT7Y?tag=eloabder-20&linkCode=osi&th=1&psc=1">View Product</a></div><div class="product"><a href="https://www.amazon.com/dp/B00BAM7F8C?tag=eloabder-20&linkCode=osi&th=1&psc=1"><img src="https://m.media-amazon.com/images/I/51jsS9SDHeL._SL500_.jpg" alt="Product Image"></a><p>DERMAL 16 Combo Pack A Collagen Essencce Korean Face Mask - Hydrating & Soothing Facial Mask with Panthenol - Hypoallergenic Self Care Sheet Mask for All Skin Types - Natural Home Spa Treatment Masks</p><p>$11.99</p><a href="https://www.amazon.com/dp/B00BAM7F8C?tag=eloabder-20&linkCode=osi&th=1&psc=1">View Product</a></div><div class="product"><a href="https://www.amazon.com/dp/B076H45H68?tag=eloabder-20&linkCode=osi&th=1&psc=1"><img src="https://m.media-amazon.com/images/I/41JP+9JeO5L._SL500_.jpg" alt="Product Image"></a><p>Neutrogena Hydro Boost Moisturizing & Hydrating 100% Hydrogel Sheet Face Mask for Dry Skin with Hyaluronic Acid, Gentle & Non-Comedogenic, 1 Ounce (Pack of 12)</p><p>$34.44 ($2.87 / Ounce)</p><a href="https://www.amazon.com/dp/B076H45H68?tag=eloabder-20&linkCode=osi&th=1&psc=1">View Product</a></div><div class="product"><a href="https://www.amazon.com/dp/B078YB11V4?tag=eloabder-20&linkCode=osi&th=1&psc=1"><img src="https://m.media-amazon.com/images/I/51shUi8PVmL._SL500_.jpg" alt="Product Image"></a><p>TONYMOLY I'm Real Radiance Sheet Mask 5 Count, Hydrates and Moisturizes Face</p><p>$12.00 ($2.40 / Count)</p><a href="https://www.amazon.com/dp/B078YB11V4?tag=eloabder-20&linkCode=osi&th=1&psc=1">View Product</a></div>
<div class="product"><a href="https://www.amazon.com/dp/B081FK6L1G?tag=eloabder-20&linkCode=osi&th=1&psc=1"><img src="https://m.media-amazon.com/images/I/51gWAvQb9aL._SL500_.jpg" alt="Product Image"></a><p>Aztec Secret– Indian Healing Clay 1 lb – Deep Pore Cleansing Facial & Body Mask – The Original 100% Natural Calcium Bentonite Clay – New Version 2</p><p>$14.95 ($0.93 / Ounce)</p><a href="https://www.amazon.com/dp/B081FK6L1G?tag=eloabder-20&linkCode=osi&th=1&psc=1">View Product</a></div><div class="product"><a href="https://www.amazon.com/dp/B0CQZ3W88P?tag=eloabder-20&linkCode=osi&th=1&psc=1"><img src="https://m.media-amazon.com/images/I/41I90W9bHuL._SL500_.jpg" alt="Product Image"></a><p>innisfree Super Volcanic Pore Clay Mask, Korean Pore Clearing Clay Mask with Volcanic Clusters and AHA</p><p>$16.00 ($4.73 / Ounce)</p><a href="https://www.amazon.com/dp/B0CQZ3W88P?tag=eloabder-20&linkCode=osi&th=1&psc=1">View Product</a></div><div class="product"><a href="https://www.amazon.com/dp/B07SDQDMZ4?tag=eloabder-20&linkCode=osi&th=1&psc=1"><img src="https://m.media-amazon.com/images/I/41vC+ro0S-L._SL500_.jpg" alt="Product Image"></a><p>Cetaphil Clay Mask Pro, Dermacontrol Purifying Clay Exfoliating Face Mask For Nourishment with Bentonite Clay for Blackheads and Pores, Designed for Oily, Sensitive Skin, 3 oz</p><p>$15.99 ($5.33 / Ounce)</p><a href="https://www.amazon.com/dp/B07SDQDMZ4?tag=eloabder-20&linkCode=osi&th=1&psc=1">View Product</a></div><div class="product"><a href="https://www.amazon.com/dp/B0CHN72MCJ?tag=eloabder-20&linkCode=osi&th=1&psc=1"><img src="https://m.media-amazon.com/images/I/41OPjUXZYlL._SL500_.jpg" alt="Product Image"></a><p>Aztec Secret Essential Indian Clay Mask Kit by Etana – 100% Natural Calcium Bentonite for Deep Pore Cleansing - Facial, Hair & Body Detox Set Wtih Accessories</p><p>$21.95 ($1.37 / Ounce)</p><a href="https://www.amazon.com/dp/B0CHN72MCJ?tag=eloabder-20&linkCode=osi&th=1&psc=1">View Product</a></div><div class="product"><a href="https://www.amazon.com/dp/B0CPDBW579?tag=eloabder-20&linkCode=osi&th=1&psc=1"><img src="https://m.media-amazon.com/images/I/31tDriIWYmL._SL500_.jpg" alt="Product Image"></a><p>FULLY Green Tomato Clay Mask Cleanser, Pore Purifying with 49% Green Tomato Extract, Sebum & Clogged Pore Care, Exfoliation, Fragrance-Free, Vegan & Dermatologically Tested, 4.05 fl.oz</p><p>$20.00 ($4.94 / Fl Oz)</p><a href="https://www.amazon.com/dp/B0CPDBW579?tag=eloabder-20&linkCode=osi&th=1&psc=1">View Product</a></div><div class="product"><a href="https://www.amazon.com/dp/B007CY2C76?tag=eloabder-20&linkCode=osi&th=1&psc=1"><img src="https://m.media-amazon.com/images/I/31-131ZWvEL._SL500_.jpg" alt="Product Image"></a><p>Freeman Dead Sea Minerals Anti-Stress Clay Facial Mask, Hydrating & Clarifying, Clears Pores, Face Mask With Lavender & Bergamot For Radiant Skin, For All Skin Types, 6 fl. oz./175 mL Tube, 1 Count</p><p>$3.86 ($0.64 / Ounce)</p><a href="https://www.amazon.com/dp/B007CY2C76?tag=eloabder-20&linkCode=osi&th=1&psc=1">View Product</a></div><div class="product"><a href="https://www.amazon.com/dp/B08HCVWG7B?tag=eloabder-20&linkCode=osi&th=1&psc=1"><img src="https://m.media-amazon.com/images/I/51nz+uBxoSL._SL500_.jpg" alt="Product Image"></a><p>Gleamin Vitamin C Clay Mask - 10-Minutes for Dark Spots, Turmeric Face Mask Skin Care, Deep Cleansing Pores - Facial Improves Uneven Tone, Post-Blemish, Visibly Brighten, Scarring and Texture - 2.5 Oz</p><p>$41.00 ($16.40 / Ounce)</p><a href="https://www.amazon.com/dp/B08HCVWG7B?tag=eloabder-20&linkCode=osi&th=1&psc=1">View Product</a></div>
<div class="product"><a href="https://www.amazon.com/dp/B000ZEA6WS?tag=eloabder-20&linkCode=osi&th=1&psc=1"><img src="https://m.media-amazon.com/images/I/31rFp2ip1IL._SL500_.jpg" alt="Product Image"></a><p>Freeman Renewing Cucumber Peel-Off Gel Facial Mask, Face Mask Refreshes Skin, Aloe Soothes & Moisturizes, Get Rejuvenated Skin, For Normal & Combination Skin, 6 fl. oz./175 mL Tube, 1 Count</p><p>$3.86 ($0.64 / Fl Oz)</p><a href="https://www.amazon.com/dp/B000ZEA6WS?tag=eloabder-20&linkCode=osi&th=1&psc=1">View Product</a></div><div class="product"><a href="https://www.amazon.com/dp/B08RYC42CZ?tag=eloabder-20&linkCode=osi&th=1&psc=1"><img src="https://m.media-amazon.com/images/I/31ApUlGl6zL._SL500_.jpg" alt="Product Image"></a><p>Aprilskin Calendula Peel Off Pore Minimizing Facial Mask | Vegan | Blackhead Remover, Exfoliating, Deep Cleansing | PHA BHA | Korean Skin Care | K Beauty | 3.52 oz</p><p>$16.90 ($4.80 / Fl Oz)</p><a href="https://www.amazon.com/dp/B08RYC42CZ?tag=eloabder-20&linkCode=osi&th=1&psc=1">View Product</a></div><div class="product"><a href="https://www.amazon.com/dp/B07DLDKCS1?tag=eloabder-20&linkCode=osi&th=1&psc=1"><img src="https://m.media-amazon.com/images/I/41Mx5AMIGyL._SL500_.jpg" alt="Product Image"></a><p>AZURE 24K Gold Firming Peel Off Face Mask- Anti Aging, Lifting, Illuminating & Revitalizing - Removes Blackheads, Dirt & Oils - With Hyaluronic Acid and Collagen - Skin Care Made in Korea - 150mL</p><p>$9.99 ($1.96 / Fl Oz)</p><a href="https://www.amazon.com/dp/B07DLDKCS1?tag=eloabder-20&linkCode=osi&th=1&psc=1">View Product</a></div><div class="product"><a href="https://www.amazon.com/dp/B07R16LBDL?tag=eloabder-20&linkCode=osi&th=1&psc=1"><img src="https://m.media-amazon.com/images/I/41yu6tuykaL._SL500_.jpg" alt="Product Image"></a><p>SUNATORIA Blackhead Remover Mask - Activated Charcoal Peel Off Face Mask - for All Skin Types - Deep Pore Cleaner Nose Blackhead Remover Pore Release - Black Head Remover for Face</p><p>$9.95 ($4.88 / Fl Oz)</p><a href="https://www.amazon.com/dp/B07R16LBDL?tag=eloabder-20&linkCode=osi&th=1&psc=1">View Product</a></div><div class="product"><a href="https://www.amazon.com/dp/B071KRTXX8?tag=eloabder-20&linkCode=osi&th=1&psc=1"><img src="https://m.media-amazon.com/images/I/51GSgsJO94L._SL500_.jpg" alt="Product Image"></a><p>SHILLS Charcoal Face Mask, Peel Off Mask, Charcoal Mask, Peel Off Mask, Deep Cleansing, Purifying, Activated Charcoal Mask with Brush</p><p>$9.94</p><a href="https://www.amazon.com/dp/B071KRTXX8?tag=eloabder-20&linkCode=osi&th=1&psc=1">View Product</a></div><div class="product"><a href="https://www.amazon.com/dp/B00E5NALCK?tag=eloabder-20&linkCode=osi&th=1&psc=1"><img src="https://m.media-amazon.com/images/I/31Is3s5+U7L._SL500_.jpg" alt="Product Image"></a><p>Freeman Cleansing Pomegranate Peel-Off Gel Facial Mask, Shrinks Pores, Purifies Skin, Made With 8 Different Antioxidants, Protects Skin, Cruelty-Free Skincare, 6 fl. oz./175 mL Tubes, 1 Count</p><p>$4.29 ($0.72 / Fl Oz)</p><a href="https://www.amazon.com/dp/B00E5NALCK?tag=eloabder-20&linkCode=osi&th=1&psc=1">View Product</a></div><div class="product"><a href="https://www.amazon.com/dp/B0CRTPJ5N3?tag=eloabder-20&linkCode=osi&th=1&psc=1"><img src="https://m.media-amazon.com/images/I/51zTZyHPVWL._SL500_.jpg" alt="Product Image"></a><p>Rednow Gold Foil Peel-Off Mask,Gold Peel Off Face Mask Anti-Wrinkle,98.4% Golden Peel Off Mask,Anti-Aging Gold Face Mask for Moisturizing,Removes Blackheads,Reduces Fine Lines,Cleans Pores(2PCS)</p><p>$14.99 ($7.50 / Fl Oz)</p><a href="https://www.amazon.com/dp/B0CRTPJ5N3?tag=eloabder-20&linkCode=osi&th=1&psc=1">View Product</a></div>
<div class="product"><a href="https://www.amazon.com/dp/B01NCM25K7?tag=eloabder-20&linkCode=osi&th=1&psc=1"><img src="https://m.media-amazon.com/images/I/416P4kSw1VL._SL500_.jpg" alt="Product Image"></a><p>New York Biology Dead Sea Mud Mask for Face and Body - Spa Quality Pore Reducer for Acne, Blackheads & Oily Skin, Natural Skincare for Women, Men - Tightens Skin for A Healthier Complexion - 8.8 oz</p><p>$16.95 ($1.93 / Ounce)</p><a href="https://www.amazon.com/dp/B01NCM25K7?tag=eloabder-20&linkCode=osi&th=1&psc=1">View Product</a></div><div class="product"><a href="https://www.amazon.com/dp/B00UREAGU8?tag=eloabder-20&linkCode=osi&th=1&psc=1"><img src="https://m.media-amazon.com/images/I/510FCuOHsNL._SL500_.jpg" alt="Product Image"></a><p>MAJESTIC PURE Dead Sea Mud Mask for Face and Body - Natural Skin Care for Women and Men - Best Facial Cleansing Clay for Blackhead, Whitehead, Acne and Pores - 8.8 fl. Oz</p><p>$9.99 ($1.14 / Fl Oz)</p><a href="https://www.amazon.com/dp/B00UREAGU8?tag=eloabder-20&linkCode=osi&th=1&psc=1">View Product</a></div><div class="product"><a href="https://www.amazon.com/dp/B0BNP68BMG?tag=eloabder-20&linkCode=osi&th=1&psc=1"><img src="https://m.media-amazon.com/images/I/41WoBVjFkyL._SL500_.jpg" alt="Product Image"></a><p>Aromasong 100% Pure Dead Sea Mud Mask for Face - Cleansing Natural Skin Care for Women and Men to Help Reduce Acne and Pores</p><p>$9.97 ($1.25 / Ounce)</p><a href="https://www.amazon.com/dp/B0BNP68BMG?tag=eloabder-20&linkCode=osi&th=1&psc=1">View Product</a></div><div class="product"><a href="https://www.amazon.com/dp/B08XY82146?tag=eloabder-20&linkCode=osi&th=1&psc=1"><img src="https://m.media-amazon.com/images/I/41Fcc-QZoiL._SL500_.jpg" alt="Product Image"></a><p>Borghese Advanced Fango Active Purifying Mud Mask, Detoxify & Clarify with Natural Minerals, For Face and Body, 7.5 Oz</p><p>$53.00 ($7.07 / Fl Oz)</p><a href="https://www.amazon.com/dp/B08XY82146?tag=eloabder-20&linkCode=osi&th=1&psc=1">View Product</a></div><div class="product"><a href="https://www.amazon.com/dp/B086V843R8?tag=eloabder-20&linkCode=osi&th=1&psc=1"><img src="https://m.media-amazon.com/images/I/410evC+SQHL._SL500_.jpg" alt="Product Image"></a><p>ANAI RUI Turmeric Clay Mask - Green Tea Clay Mask - Dead Sea Minerals Mud Mask, Spa Facial Mask Set, Face Mask Gift Set 2.5 oz each</p><p>$22.99</p><a href="https://www.amazon.com/dp/B086V843R8?tag=eloabder-20&linkCode=osi&th=1&psc=1">View Product</a></div><div class="product"><a href="https://www.amazon.com/dp/B0BZVQJMN2?tag=eloabder-20&linkCode=osi&th=1&psc=1"><img src="https://m.media-amazon.com/images/I/414evHf2H+L._SL500_.jpg" alt="Product Image"></a><p>20 Pods Clay Mask Set, Face Mask Skin Care，Green Tea, Turmeric, Dead Sea Mud, Rose, 24K Gold, Eggplant, Avocado, Mud Mask Deep Pore Cleansing Acne Blackhead Removal, Men & Women Facial Mask .</p><p>$17.97</p><a href="https://www.amazon.com/dp/B0BZVQJMN2?tag=eloabder-20&linkCode=osi&th=1&psc=1">View Product</a></div><div class="product"><a href="https://www.amazon.com/dp/B0D1G7XF9X?tag=eloabder-20&linkCode=osi&th=1&psc=1"><img src="https://m.media-amazon.com/images/I/31KAhEPTT2L._SL500_.jpg" alt="Product Image"></a><p>Medicube Zero Pore Blackhead Mud Facial Mask - Skin Cooling & Pore Tightening - 3 Minute Quick Dry Formula with AHA, BHA, PHA, and Pore-Purifying Clay - Korean Face Mask 3.52 oz</p><p>$17.90 ($5.09 / Ounce)</p><a href="https://www.amazon.com/dp/B0D1G7XF9X?tag=eloabder-20&linkCode=osi&th=1&psc=1">View Product</a></div><div class="product"><a href="https://www.amazon.com/dp/B0B538QDNY?tag=eloabder-20&linkCode=osi&th=1&psc=1"><img src="https://m.media-amazon.com/images/I/51MTBYPFdwL._SL500_.jpg" alt="Product Image"></a><p>4 Pcs Clay Facial Mask Set - Turmeric, Vitamin C, Green Tea, Dead Sea Mud, and Rose Clay for Deep Cleansing, Moisturizing, and Refining Pores - 240g</p><p>$19.99 ($2.36 / Ounce)</p><a href="https://www.amazon.com/dp/B0B538QDNY?tag=eloabder-20&linkCode=osi&th=1&psc=1">View Product</a></div><div class="product"><a href="https://www.amazon.com/dp/B09MN94BZW?tag=eloabder-20&linkCode=osi&th=1&psc=1"><img src="https://m.media-amazon.com/images/I/41dNAUrUGKL._SL500_.jpg" alt="Product Image"></a><p>Pure Clay Mud Mask, Clay Mask Pores for Face and Skin, Detox Clay Face Masks Skincare, Exfoliating Facial Treatment, Cleans & Purify Pores For Clear & Glowing Skin, Face Mask for Oily Skin & Normal</p><p>$5.99 ($0.70 / Ounce)</p><a href="https://www.amazon.com/dp/B09MN94BZW?tag=eloabder-20&linkCode=osi&th=1&psc=1">View Product</a></div>
<div class="product"><a href="https://www.amazon.com/dp/B08SHHLS4H?tag=eloabder-20&linkCode=osi&th=1&psc=1"><img src="https://m.media-amazon.com/images/I/51mcEX1fQQL._SL500_.jpg" alt="Product Image"></a><p>2PCS Gel Eye Mask Reusable Hot Cold Therapy Gel Bead Eye Mask for Puffiness/Dark Circles/Eye Bags/Dry Eyes/Headaches/Migraines/Stress Relief, Cooling Eye Mask Hot/Cold Compress Eye Mask (Blue)</p><p>$11.99 ($11.99 / Count)</p><a href="https://www.amazon.com/dp/B08SHHLS4H?tag=eloabder-20&linkCode=osi&th=1&psc=1">View Product</a></div><div class="product"><a href="https://www.amazon.com/dp/B0C8NR3Q5M?tag=eloabder-20&linkCode=osi&th=1&psc=1"><img src="https://m.media-amazon.com/images/I/51A6iv-SfEL._SL500_.jpg" alt="Product Image"></a><p>BeeVines Gel Eye Mask, 2 Pack Cooling Ice Masks for Puffy Eyes for Men & Women, Cold & Warm Compress for Post Surgery, Puffiness, Allergies, Sinuses & Migraines Treatment</p><p>$9.99 ($5.00 / Count)</p><a href="https://www.amazon.com/dp/B0C8NR3Q5M?tag=eloabder-20&linkCode=osi&th=1&psc=1">View Product</a></div><div class="product"><a href="https://www.amazon.com/dp/B07HD61PYN?tag=eloabder-20&linkCode=osi&th=1&psc=1"><img src="https://m.media-amazon.com/images/I/51NrypqKlOL._SL500_.jpg" alt="Product Image"></a><p>Cold Face Eye Mask Ice Pack Reduce Face Puff, Dark Circles, Gel Beads Hot Heat Cold Compress Pack, Face SPA for Woman Sleeping, Pressure, Headaches, Skin Care, Post Laser Care[Blue]</p><p>$9.99 ($9.99 / Count)</p><a href="https://www.amazon.com/dp/B07HD61PYN?tag=eloabder-20&linkCode=osi&th=1&psc=1">View Product</a></div><div class="product"><a href="https://www.amazon.com/dp/B075M9ZLB2?tag=eloabder-20&linkCode=osi&th=1&psc=1"><img src="https://m.media-amazon.com/images/I/51keceyL42L._SL500_.jpg" alt="Product Image"></a><p>Cooling Eye Mask - Reusable Gel Eye Mask Cold Pack - Our Ice Eye Mask Soothes Puffy Eyes & Dark Circles - Relieve Your Headaches & Sinus Pain with Cold Eye Mask & Eye Gel Mask Therapy - Halos</p><p>$9.99</p><a href="https://www.amazon.com/dp/B075M9ZLB2?tag=eloabder-20&linkCode=osi&th=1&psc=1">View Product</a></div><div class="product"><a href="https://www.amazon.com/dp/B0B9YLR2D6?tag=eloabder-20&linkCode=osi&th=1&psc=1"><img src="https://m.media-amazon.com/images/I/41byYk5cDeL._SL500_.jpg" alt="Product Image"></a><p>Lancity Jelly Mask Peel Off Face Masks SkinCare, Natural Gel Powder for Facial Mask, Professional hydrojelly Mask, Moisturizing & Hydrating 23 Fl Oz (Hyaluronic Acid)</p><p>$21.99 ($0.73 / Ounce)</p><a href="https://www.amazon.com/dp/B0B9YLR2D6?tag=eloabder-20&linkCode=osi&th=1&psc=1">View Product</a></div><div class="product"><a href="https://www.amazon.com/dp/B06XG249X4?tag=eloabder-20&linkCode=osi&th=1&psc=1"><img src="https://m.media-amazon.com/images/I/51YWeyoyTxL._SL500_.jpg" alt="Product Image"></a><p>Advanced Clinicals Hyaluronic Acid Gel Facial Mask Skin Care Treatment, Brightening, Hydrating Anti Aging Face Mask & Moisturizer Helps Transform Dry Skin W/Collagen, Chamomile, & Aloe Vera, 5 Fl Oz</p><p>$13.99 ($2.80 / Fl Oz)</p><a href="https://www.amazon.com/dp/B06XG249X4?tag=eloabder-20&linkCode=osi&th=1&psc=1">View Product</a></div><div class="product"><a href="https://www.amazon.com/dp/B0080FIRGQ?tag=eloabder-20&linkCode=osi&th=1&psc=1"><img src="https://m.media-amazon.com/images/I/41nFEw5jATS._SL500_.jpg" alt="Product Image"></a><p>Peter Thomas Roth | Cucumber Gel Mask | Extreme De-Tox Hydrator, Cooling and Hydrating Facial Mask, Helps Soothe the Look of Dry and Irritated Skin, 5 fl oz (Pack of 1)</p><p>$44.29 ($8.86 / Fl Oz)</p><a href="https://www.amazon.com/dp/B0080FIRGQ?tag=eloabder-20&linkCode=osi&th=1&psc=1">View Product</a></div>
<div class="product"><a href="https://www.amazon.com/dp/B014E2D6BY?tag=eloabder-20&linkCode=osi&th=1&psc=1"><img src="https://m.media-amazon.com/images/I/51V2D2PS2tL._SL500_.jpg" alt="Product Image"></a><p>grace & stella Under Eye Mask (Gold, 24 Pairs) Reduce Dark Circles, Puffy Eyes, Undereye Bags, Wrinkles - Gel Under Eye Patches - Gifts for Women - Birthday Gifts for Women - Vegan Cruelty Free</p><p>$21.95 ($0.91 / Count)</p><a href="https://www.amazon.com/dp/B014E2D6BY?tag=eloabder-20&linkCode=osi&th=1&psc=1">View Product</a></div><div class="product"><a href="https://www.amazon.com/dp/B0CPT8W3RV?tag=eloabder-20&linkCode=osi&th=1&psc=1"><img src="https://m.media-amazon.com/images/I/4184Q3-F9HL._SL500_.jpg" alt="Product Image"></a><p>grace & stella Purple Eye Treatment Gels - Dermatologist Tested - Under Eye Masks With Retinol - Restoring Under Eye Patches for Puffy Eyes and Dark Circles - Vegan, Cruelty-Free, 24 Pairs</p><p>$23.95 ($1.00 / Count)</p><a href="https://www.amazon.com/dp/B0CPT8W3RV?tag=eloabder-20&linkCode=osi&th=1&psc=1">View Product</a></div><div class="product"><a href="https://www.amazon.com/dp/B08DG3C22G?tag=eloabder-20&linkCode=osi&th=1&psc=1"><img src="https://m.media-amazon.com/images/I/51NCnFVfYTL._SL500_.jpg" alt="Product Image"></a><p>Celor Under Eye Patches for Puffy Eyes and Dark Circles - Eye Masks with Amino Acids & Collagen, Eye Care for Wrinkles - Birthday Gift for Women - Skincare Self Care - USA Tested (20 Pairs)</p><p>$9.99 ($0.50 / Count)</p><a href="https://www.amazon.com/dp/B08DG3C22G?tag=eloabder-20&linkCode=osi&th=1&psc=1">View Product</a></div><div class="product"><a href="https://www.amazon.com/dp/B0CQ2VBK8M?tag=eloabder-20&linkCode=osi&th=1&psc=1"><img src="https://m.media-amazon.com/images/I/61yjNxVwmgL._SL500_.jpg" alt="Product Image"></a><p>Under Eye Patches for Dark Circles and Puffy Eyes (30 Pairs), Marine Collagen Eye Gel Pads for Puffiness with Vitamin C, Hyaluronic Acid, and Pearl Extract, Eye Mask for Dark Circles and Puffiness</p><p>$19.95 ($0.66 / Count)</p><a href="https://www.amazon.com/dp/B0CQ2VBK8M?tag=eloabder-20&linkCode=osi&th=1&psc=1">View Product</a></div><div class="product"><a href="https://www.amazon.com/dp/B0CJJZYR9Y?tag=eloabder-20&linkCode=osi&th=1&psc=1"><img src="https://m.media-amazon.com/images/I/41Wxw8DLNVL._SL500_.jpg" alt="Product Image"></a><p>DRMTLGY Brightening Eye Masks (30 Pairs) - Caffeine Eye Masks for Dark Circles and Puffiness with Hyaluronic Acid, Eye Patches for Puffy Eyes</p><p>$44.00 ($0.73 / Count)</p><a href="https://www.amazon.com/dp/B0CJJZYR9Y?tag=eloabder-20&linkCode=osi&th=1&psc=1">View Product</a></div><div class="product"><a href="https://www.amazon.com/dp/B0CZ8JBDHQ?tag=eloabder-20&linkCode=osi&th=1&psc=1"><img src="https://m.media-amazon.com/images/I/41jK7RZj1NL._SL500_.jpg" alt="Product Image"></a><p>YOYORY Under Eye Patches Masks - for Dark Circles, Puffy Eyes, Fine Lines, Wrinkles, Eye Bags Treatment with Collagen and Hyaluronic Acid, Moisturizing and Hydrating (60 Pcs)…</p><p>$19.99 ($0.33 / Fl Oz)</p><a href="https://www.amazon.com/dp/B0CZ8JBDHQ?tag=eloabder-20&linkCode=osi&th=1&psc=1">View Product</a></div><div class="product"><a href="https://www.amazon.com/dp/B0C4NWGVTF?tag=eloabder-20&linkCode=osi&th=1&psc=1"><img src="https://m.media-amazon.com/images/I/51lAmpjfDsL._SL500_.jpg" alt="Product Image"></a><p>Taimand Under Eye Patches (30 Pairs), 24K Gold Under Eye Mask for Puffy Eyes, Dark Circles,Bags and Wrinkles with Collagen,Relieves Pressure and Reduces Wrinkles,Revitalises and Refreshes Your Skin</p><p>$7.99 ($0.27 / Count)</p><a href="https://www.amazon.com/dp/B0C4NWGVTF?tag=eloabder-20&linkCode=osi&th=1&psc=1">View Product</a></div><div class="product"><a href="https://www.amazon.com/dp/B0BDD7D34M?tag=eloabder-20&linkCode=osi&th=1&psc=1"><img src="https://m.media-amazon.com/images/I/51O5AVRXcUL._SL500_.jpg" alt="Product Image"></a><p>Maskiss 24k Gold Under Eye Patches (25 Pairs), eye mask, Collagen Skin Care Products, Eye Patches for Puffy Eyes, eye masks for dark circles and puffiness</p><p>$14.99 ($0.60 / Count)</p><a href="https://www.amazon.com/dp/B0BDD7D34M?tag=eloabder-20&linkCode=osi&th=1&psc=1">View Product</a></div><div class="product"><a href="https://www.amazon.com/dp/B0B1MFMS7W?tag=eloabder-20&linkCode=osi&th=1&psc=1"><img src="https://m.media-amazon.com/images/I/41BGKrFfFxL._SL500_.jpg" alt="Product Image"></a><p>CorneaCare Rest: Self Heating Warm Compress for Eyes | Heated Eye Mask for Fast Relief of Dry Eyes | No Microwave Needed | Eye Treatment Products for Dry Eye Relief | 30 Count | FSA & HSA Eligible</p><p>$35.00 ($1.17 / Count)</p><a href="https://www.amazon.com/dp/B0B1MFMS7W?tag=eloabder-20&linkCode=osi&th=1&psc=1">View Product</a></div><div class="product"><a href="https://www.amazon.com/dp/B0CTF8XSFX?tag=eloabder-20&linkCode=osi&th=1&psc=1"><img src="https://m.media-amazon.com/images/I/519z+NIvFHL._SL500_.jpg" alt="Product Image"></a><p>Under Eye Patches for Puffy Eyes Treatment 30 Pairs, 24K Gold Under Eye Masks for Dark Circles and Puffiness, Eye Gel Pads w/Collagen, Sodium Hyaluronate, Rose Essence for Eye Bags Treatment</p><p>$6.99 ($0.23 / Count)</p><a href="https://www.amazon.com/dp/B0CTF8XSFX?tag=eloabder-20&linkCode=osi&th=1&psc=1">View Product</a></div>
<div class="product"><a href="https://www.amazon.com/dp/B00JJPMXDO?tag=eloabder-20&linkCode=osi&th=1&psc=1"><img src="https://m.media-amazon.com/images/I/41xUbY21ojL._SL500_.jpg" alt="Product Image"></a><p>CeraVe Eye Repair Cream | Under Eye Cream For Puffiness And Bags Under Eyes | Hyaluronic Acid + Niacinamide + Marine Botanical Complex | Hydrating Eye Cream | Oil Free & Opthalmologist Tested</p><p>$10.70 ($21.40 / Ounce)</p><a href="https://www.amazon.com/dp/B00JJPMXDO?tag=eloabder-20&linkCode=osi&th=1&psc=1">View Product</a></div><div class="product"><a href="https://www.amazon.com/dp/B0B3GCCRVH?tag=eloabder-20&linkCode=osi&th=1&psc=1"><img src="https://m.media-amazon.com/images/I/41EdCdrw-AL._SL500_.jpg" alt="Product Image"></a><p>CeraVe Skin Renewing Eye Cream For Wrinkles | Under Eye Cream With Peptides + Caffeine + Niacinamide | Anti Aging Eye Cream For Wrinkles & Crows Feet | Paraben Free & Opthalmologist Tested</p><p>$18.49 ($36.98 / Ounce)</p><a href="https://www.amazon.com/dp/B0B3GCCRVH?tag=eloabder-20&linkCode=osi&th=1&psc=1">View Product</a></div><div class="product"><a href="https://www.amazon.com/dp/B00005333I?tag=eloabder-20&linkCode=osi&th=1&psc=1"><img src="https://m.media-amazon.com/images/I/31webfO63dL._SL500_.jpg" alt="Product Image"></a><p>L'Oreal Paris Dermo-Expertise Eye Defense Eye Cream with Caffeine and Hyaluronic Acid 0.5 oz</p><p>$12.27 ($24.54 / Ounce)</p><a href="https://www.amazon.com/dp/B00005333I?tag=eloabder-20&linkCode=osi&th=1&psc=1">View Product</a></div><div class="product"><a href="https://www.amazon.com/dp/B0CZJ8N83D?tag=eloabder-20&linkCode=osi&th=1&psc=1"><img src="https://m.media-amazon.com/images/I/31fQO3OHiML._SL500_.jpg" alt="Product Image"></a><p>PRIME PROMETICS PrimeEyes Hydrate Under Eye Cream for Mature Women – Hydrating Eye Cream for Dark Circles and Wrinkle Repair – Soft, Glowing & Healthy Under Eyes</p><p>$62.00</p><a href="https://www.amazon.com/dp/B0CZJ8N83D?tag=eloabder-20&linkCode=osi&th=1&psc=1">View Product</a></div><div class="product"><a href="https://www.amazon.com/dp/B0009RFB76?tag=eloabder-20&linkCode=osi&th=1&psc=1"><img src="https://m.media-amazon.com/images/I/31M2iQDNDOL._SL500_.jpg" alt="Product Image"></a><p>RoC Retinol Correxion Under Eye Cream for Dark Circles & Puffiness, Daily Wrinkle Cream, Anti Aging Line Smoothing Skin Care Treatment for Women and Men, 0.5 oz (Packaging May Vary)</p><p>$19.02 ($38.04 / Fl Oz)</p><a href="https://www.amazon.com/dp/B0009RFB76?tag=eloabder-20&linkCode=osi&th=1&psc=1">View Product</a></div><div class="product"><a href="https://www.amazon.com/dp/B0D3TG6MN3?tag=eloabder-20&linkCode=osi&th=1&psc=1"><img src="https://m.media-amazon.com/images/I/21-DQIJf5xL._SL500_.jpg" alt="Product Image"></a><p>Dr.Melaxin Eyephalt Eyebag Cream for Puffiness, Dark Circles & Fine Lines, Wrinkle, EGF Anti-Aging Under Eye Moisturizer with Niacinamide&Ceramide 0.33 fl.oz.</p><p>$59.00 ($178.79 / Fl Oz)</p><a href="https://www.amazon.com/dp/B0D3TG6MN3?tag=eloabder-20&linkCode=osi&th=1&psc=1">View Product</a></div><div class="product"><a href="https://www.amazon.com/dp/B07CKJRJXB?tag=eloabder-20&linkCode=osi&th=1&psc=1"><img src="https://m.media-amazon.com/images/I/31pJCzbhXrL._SL500_.jpg" alt="Product Image"></a><p>No7 Lift & Luminate Triple Action Eye Cream - Anti-Aging Under Eye Cream for Dark Circles, Puffiness & Wrinkles - Formulated with Vitamin C to Brighten and Refresh Tired Eyes (0.5 Fl Oz)</p><p>$15.93</p><a href="https://www.amazon.com/dp/B07CKJRJXB?tag=eloabder-20&linkCode=osi&th=1&psc=1">View Product</a></div><div class="product"><a href="https://www.amazon.com/dp/B07ZRF416W?tag=eloabder-20&linkCode=osi&th=1&psc=1"><img src="https://m.media-amazon.com/images/I/31cH7vzfBxL._SL500_.jpg" alt="Product Image"></a><p>COSRX Snail Peptide Eye Cream with 73.7% Snail Mucin and Niacinamide - Brightening Korean Night Cream for Fine Lines and Dark Circles</p><p>$13.89 ($16.34 / Fl Oz)</p><a href="https://www.amazon.com/dp/B07ZRF416W?tag=eloabder-20&linkCode=osi&th=1&psc=1">View Product</a></div>
<div class="product"><a href="https://www.amazon.com/dp/B01N9SPQHQ?tag=eloabder-20&linkCode=osi&th=1&psc=1"><img src="https://m.media-amazon.com/images/I/41NHgWAaYAL._SL500_.jpg" alt="Product Image"></a><p>La Roche-Posay Toleriane Double Repair Face Moisturizer, Daily Moisturizer Face Cream with Ceramide and Niacinamide for All Skin Types, Oil Free, Fragrance Free</p><p>$23.99 ($7.10 / Fl Oz)</p><a href="https://www.amazon.com/dp/B01N9SPQHQ?tag=eloabder-20&linkCode=osi&th=1&psc=1">View Product</a></div><div class="product"><a href="https://www.amazon.com/dp/B08BW46XXK?tag=eloabder-20&linkCode=osi&th=1&psc=1"><img src="https://m.media-amazon.com/images/I/41oCJ4BF8oL._SL500_.jpg" alt="Product Image"></a><p>Vanicream Daily Facial Moisturizer With Ceramides and Hyaluronic Acid - Formulated Without Common Irritants for Those with Sensitive Skin, 3 fl oz (Pack of 1)</p><p>$12.97 ($4.32 / Fl Oz)</p><a href="https://www.amazon.com/dp/B08BW46XXK?tag=eloabder-20&linkCode=osi&th=1&psc=1">View Product</a></div><div class="product"><a href="https://www.amazon.com/dp/B00TTD9BRC?tag=eloabder-20&linkCode=osi&th=1&psc=1"><img src="https://m.media-amazon.com/images/I/41Kc6H7fboL._SL500_.jpg" alt="Product Image"></a><p>CeraVe Moisturizing Cream | Body and Face Moisturizer for Dry Skin | Body Cream with Hyaluronic Acid and Ceramides | Daily Moisturizer | Oil-Free | Fragrance Free | Non-Comedogenic | 19 Ounce</p><p>$17.78 ($0.94 / Ounce)</p><a href="https://www.amazon.com/dp/B00TTD9BRC?tag=eloabder-20&linkCode=osi&th=1&psc=1">View Product</a></div><div class="product"><a href="https://www.amazon.com/dp/B000YJ2SLG?tag=eloabder-20&linkCode=osi&th=1&psc=1"><img src="https://m.media-amazon.com/images/I/31J9bWXnQ+L._SL500_.jpg" alt="Product Image"></a><p>CeraVe Daily Moisturizing Lotion for Dry Skin | Body Lotion & Face Moisturizer with Hyaluronic Acid and Ceramides | Daily Moisturizer | Fragrance Free | Oil-Free | 12 Ounce</p><p>$13.68 ($1.14 / Fl Oz)</p><a href="https://www.amazon.com/dp/B000YJ2SLG?tag=eloabder-20&linkCode=osi&th=1&psc=1">View Product</a></div><div class="product"><a href="https://www.amazon.com/dp/B01LEJ5MSK?tag=eloabder-20&linkCode=osi&th=1&psc=1"><img src="https://m.media-amazon.com/images/I/418xEMrk6LL._SL500_.jpg" alt="Product Image"></a><p>COSRX Snail Mucin 92% Repair Cream, Daily Face Gel Moisturizer for Dry Skin, Acne-prone, Sensitive Skin, Not Tested on Animals, No Parabens, Korean Skincare (3.52 Fl Oz (Pack of 1))</p><p>$13.99 ($3.97 / Fl Oz)</p><a href="https://www.amazon.com/dp/B01LEJ5MSK?tag=eloabder-20&linkCode=osi&th=1&psc=1">View Product</a></div><div class="product"><a href="https://www.amazon.com/dp/B0BBSP2JNQ?tag=eloabder-20&linkCode=osi&th=1&psc=1"><img src="https://m.media-amazon.com/images/I/51qb7tiAJgL._SL500_.jpg" alt="Product Image"></a><p>SimplyVital Face Moisturizer Collagen Cream - Anti Aging Neck and Décolleté - Made in USA Day & Night Face Cream - Moisturizing, Lifting & Recovery – 1.7oz</p><p>$22.89 ($13.46 / Fl Oz)</p><a href="https://www.amazon.com/dp/B0BBSP2JNQ?tag=eloabder-20&linkCode=osi&th=1&psc=1">View Product</a></div><div class="product"><a href="https://www.amazon.com/dp/B01NCWV3KM?tag=eloabder-20&linkCode=osi&th=1&psc=1"><img src="https://m.media-amazon.com/images/I/41Q1ESUhSeL._SL500_.jpg" alt="Product Image"></a><p>La Roche-Posay Toleriane Double Repair UV SPF Moisturizer for Face, Daily Facial Moisturizer with Sunscreen SPF 30, Niacinamide and Glycerin, Oil Free, Moisturizing Sun Protection</p><p>$24.99 ($10.00 / Fl Oz)</p><a href="https://www.amazon.com/dp/B01NCWV3KM?tag=eloabder-20&linkCode=osi&th=1&psc=1">View Product</a></div><div class="product"><a href="https://www.amazon.com/dp/B00F97FHAW?tag=eloabder-20&linkCode=osi&th=1&psc=1"><img src="https://m.media-amazon.com/images/I/41K+11aLxaL._SL500_.jpg" alt="Product Image"></a><p>CeraVe AM Facial Moisturizing Lotion with SPF 30 | Oil-Free Face Moisturizer with SPF | Formulated with Hyaluronic Acid, Niacinamide & Ceramides | Non-Comedogenic | Broad Spectrum Sunscreen | 3 Ounce</p><p>$14.99 ($5.00 / Fl Oz)</p><a href="https://www.amazon.com/dp/B00F97FHAW?tag=eloabder-20&linkCode=osi&th=1&psc=1">View Product</a></div><div class="product"><a href="https://www.amazon.com/dp/B00NR1YQHM?tag=eloabder-20&linkCode=osi&th=1&psc=1"><img src="https://m.media-amazon.com/images/I/41yzZFTW63L._SL500_.jpg" alt="Product Image"></a><p>Neutrogena Hydro Boost Face Moisturizer with Hyaluronic Acid for Dry Skin, Oil-Free and Non-Comedogenic Water Gel Face Lotion, 1.7 oz</p><p>$13.00 ($7.65 / Ounce)</p><a href="https://www.amazon.com/dp/B00NR1YQHM?tag=eloabder-20&linkCode=osi&th=1&psc=1">View Product</a></div><div class="product"><a href="https://www.amazon.com/dp/B08127SC4G?tag=eloabder-20&linkCode=osi&th=1&psc=1"><img src="https://m.media-amazon.com/images/I/31lAajvgToL._SL500_.jpg" alt="Product Image"></a><p>e.l.f. SKIN Holy Hydration! Face Cream, Moisturizer For Nourishing & Plumping Skin, Infused With Hyaluronic Acid, Vegan & Cruelty-Free, 1.8 Oz</p><p>$13.00 ($7.39 / Ounce)</p><a href="https://www.amazon.com/dp/B08127SC4G?tag=eloabder-20&linkCode=osi&th=1&psc=1">View Product</a></div>
<div class="product"><a href="https://www.amazon.com/dp/B00SNPCSUY?tag=eloabder-20&linkCode=osi&th=1&psc=1"><img src="https://m.media-amazon.com/images/I/411crd4ECqL._SL500_.jpg" alt="Product Image"></a><p>CeraVe Skin Renewing Night Cream | Niacinamide, Peptide Complex, and Hyaluronic Acid Moisturizer for Face | 1.7 Ounce, Packaging may Vary</p><p>$17.44 ($10.26 / Ounce)</p><a href="https://www.amazon.com/dp/B00SNPCSUY?tag=eloabder-20&linkCode=osi&th=1&psc=1">View Product</a></div><div class="product"><a href="https://www.amazon.com/dp/B00HNSSPDG?tag=eloabder-20&linkCode=osi&th=1&psc=1"><img src="https://m.media-amazon.com/images/I/41zARcUorbL._SL500_.jpg" alt="Product Image"></a><p>Neutrogena Triple Age Repair Anti-Aging Night Cream with Vitamin C; Fights Wrinkles & Evens Tone, Firming Anti-Wrinkle Face & Neck Cream; Glycerin & Shea Butter, 1.7 oz</p><p>$20.44 ($12.02 / Ounce)</p><a href="https://www.amazon.com/dp/B00HNSSPDG?tag=eloabder-20&linkCode=osi&th=1&psc=1">View Product</a></div><div class="product"><a href="https://www.amazon.com/dp/B01M4R7CC5?tag=eloabder-20&linkCode=osi&th=1&psc=1"><img src="https://m.media-amazon.com/images/I/414vBUMc1QL._SL500_.jpg" alt="Product Image"></a><p>Night Cream by Olay Regenerist Night Recovery Anti-Aging Face Moisturizer 1.7 oz</p><p>$21.34 ($12.55 / Ounce)</p><a href="https://www.amazon.com/dp/B01M4R7CC5?tag=eloabder-20&linkCode=osi&th=1&psc=1">View Product</a></div><div class="product"><a href="https://www.amazon.com/dp/B00365DABC?tag=eloabder-20&linkCode=osi&th=1&psc=1"><img src="https://m.media-amazon.com/images/I/41rqUy3OtML._SL500_.jpg" alt="Product Image"></a><p>CeraVe PM Facial Moisturizing Lotion | Night Cream with Hyaluronic Acid and Niacinamide | Ultra-Lightweight, Oil-Free Moisturizer for Face | 3 Ounce</p><p>$15.99 ($5.33 / Ounce)</p><a href="https://www.amazon.com/dp/B00365DABC?tag=eloabder-20&linkCode=osi&th=1&psc=1">View Product</a></div><div class="product"><a href="https://www.amazon.com/dp/B0877PX27D?tag=eloabder-20&linkCode=osi&th=1&psc=1"><img src="https://m.media-amazon.com/images/I/41UsZNavFeL._SL500_.jpg" alt="Product Image"></a><p>Eucerin Q10 Anti-Wrinkle Night Cream + Pro-Retinol, Facial Cream for Sensitive Skin, 1.7 Oz Jar</p><p>$12.49 ($7.35 / Ounce)</p><a href="https://www.amazon.com/dp/B0877PX27D?tag=eloabder-20&linkCode=osi&th=1&psc=1">View Product</a></div><div class="product"><a href="https://www.amazon.com/dp/B09843F4WG?tag=eloabder-20&linkCode=osi&th=1&psc=1"><img src="https://m.media-amazon.com/images/I/41rbHY+4UCL._SL500_.jpg" alt="Product Image"></a><p>L'Oreal Paris Age Perfect Collagen Expert Anti-Aging, Anti-Wrinkle Night Moisturizer 2.5 oz</p><p>$14.06 ($5.62 / Ounce)</p><a href="https://www.amazon.com/dp/B09843F4WG?tag=eloabder-20&linkCode=osi&th=1&psc=1">View Product</a></div><div class="product"><a href="https://www.amazon.com/dp/B00D440TZU?tag=eloabder-20&linkCode=osi&th=1&psc=1"><img src="https://m.media-amazon.com/images/I/41th+Ofm0oL._SL500_.jpg" alt="Product Image"></a><p>RoC Multi Correxion 5 in 1 Restoring/Anti Aging Facial Night Cream with Hexinol, 1.7 Ounces (Packaging May Vary)</p><p>$24.47 ($14.39 / Ounce)</p><a href="https://www.amazon.com/dp/B00D440TZU?tag=eloabder-20&linkCode=osi&th=1&psc=1">View Product</a></div><div class="product"><a href="https://www.amazon.com/dp/B0C15N3473?tag=eloabder-20&linkCode=osi&th=1&psc=1"><img src="https://m.media-amazon.com/images/I/415J39xM8eL._SL500_.jpg" alt="Product Image"></a><p>Cetaphil Healthy Renew Skin Tightening Night Cream 1.7 Oz, Wrinkle Repair Cream for Face with Peptides, Retinol Alternative Cream For Sensitive Skin, Fragrance Free</p><p>$16.64 ($9.79 / Fl Oz)</p><a href="https://www.amazon.com/dp/B0C15N3473?tag=eloabder-20&linkCode=osi&th=1&psc=1">View Product</a></div><div class="product"><a href="https://www.amazon.com/dp/B09W4TZVPZ?tag=eloabder-20&linkCode=osi&th=1&psc=1"><img src="https://m.media-amazon.com/images/I/411CiT2MjTL._SL500_.jpg" alt="Product Image"></a><p>Eight Saints Skin Care Up the Anti Night Cream Face Moisturizer to Reduce Fine Lines and Wrinkles, Natural and Organic Anti Aging Cream For Face & Neck with Niacinamide and Hyaluronic Acid, 2 Ounces</p><p>$34.00 ($17.00 / Ounce)</p><a href="https://www.amazon.com/dp/B09W4TZVPZ?tag=eloabder-20&linkCode=osi&th=1&psc=1">View Product</a></div><div class="product"><a href="https://www.amazon.com/dp/B0B64GY9MC?tag=eloabder-20&linkCode=osi&th=1&psc=1"><img src="https://m.media-amazon.com/images/I/416zsLeSx8L._SL500_.jpg" alt="Product Image"></a><p>L'Oreal Paris Age Perfect Anti-Aging Midnight Cream, Reduce Wrinkles & Firm 1.7oz + Serum Sample</p><p>$27.77 ($16.34 / Ounce)</p><a href="https://www.amazon.com/dp/B0B64GY9MC?tag=eloabder-20&linkCode=osi&th=1&psc=1">View Product</a></div>
<div class="product"><a href="https://www.amazon.com/dp/B002JDUMFO?tag=eloabder-20&linkCode=osi&th=1&psc=1"><img src="https://m.media-amazon.com/images/I/41h3+tOcptL._SL500_.jpg" alt="Product Image"></a><p>L’Oréal Paris Collagen Daily Face Moisturizer, Reduce Wrinkles, Face Cream 1.7 oz</p><p>$7.14 ($4.20 / Ounce)</p><a href="https://www.amazon.com/dp/B002JDUMFO?tag=eloabder-20&linkCode=osi&th=1&psc=1">View Product</a></div><div class="product"><a href="https://www.amazon.com/dp/B07D61XRFT?tag=eloabder-20&linkCode=osi&th=1&psc=1"><img src="https://m.media-amazon.com/images/I/41jMcJ9ZkDL._SL500_.jpg" alt="Product Image"></a><p>L'Oreal Paris Skincare Age Perfect Hydra-Nutrition Anti-Aging Day Cream with Manuka Honey Extract, 1.7 Ounce</p><p>$14.99 ($8.82 / Ounce)</p><a href="https://www.amazon.com/dp/B07D61XRFT?tag=eloabder-20&linkCode=osi&th=1&psc=1">View Product</a></div><div class="product"><a href="https://www.amazon.com/dp/B00OYBAMKY?tag=eloabder-20&linkCode=osi&th=1&psc=1"><img src="https://m.media-amazon.com/images/I/31F5FUo3BnL._SL500_.jpg" alt="Product Image"></a><p>Grown Alchemist Hydra-Repair Day Cream. Face Moisturizer that Primes and Hydrates Skin (100ml).</p><p>$65.00 ($19.23 / Fl Oz)</p><a href="https://www.amazon.com/dp/B00OYBAMKY?tag=eloabder-20&linkCode=osi&th=1&psc=1">View Product</a></div><div class="product"><a href="https://www.amazon.com/dp/B0C9VXS6VY?tag=eloabder-20&linkCode=osi&th=1&psc=1"><img src="https://m.media-amazon.com/images/I/41jZJbsswdL._SL500_.jpg" alt="Product Image"></a><p>La Vie Protective Anti-Aging Face Cream – Day Cream with Hyaluronic Acid, Shea Butter & Vitamins – Firming Face Cream with SPF & Aloe Vera – 1.7Fl Oz</p><p>$21.50 ($12.65 / Fl Oz)</p><a href="https://www.amazon.com/dp/B0C9VXS6VY?tag=eloabder-20&linkCode=osi&th=1&psc=1">View Product</a></div><div class="product"><a href="https://www.amazon.com/dp/B0CWVN2PKH?tag=eloabder-20&linkCode=osi&th=1&psc=1"><img src="https://m.media-amazon.com/images/I/41qIK3gKbEL._SL500_.jpg" alt="Product Image"></a><p>EnaSkin Retinol Cream for Wrinkles: Face Collagen Cream for Tightening Skin - Anti Aging Facial Moisturizer Day and Night for Women and Men 1.7 Fl OZ</p><p>$19.89 ($11.70 / Fl Oz)</p><a href="https://www.amazon.com/dp/B0CWVN2PKH?tag=eloabder-20&linkCode=osi&th=1&psc=1">View Product</a></div>
<div class="product"><a href="https://www.amazon.com/dp/B0CKPQJ13T?tag=eloabder-20&linkCode=osi&th=1&psc=1"><img src="https://m.media-amazon.com/images/I/31h2CQ5KWBL._SL500_.jpg" alt="Product Image"></a><p>Niacinamide Serum for Face, Anti Aging Serum, Hydrating Serum for Moisturize Skin, Oil Control, Pores Reducer, Reduces Skin Dullness and Delay Aging, Niacinamide Face Serum for all Skin Type</p><p>$9.99 ($9.99 / Fl Oz)</p><a href="https://www.amazon.com/dp/B0CKPQJ13T?tag=eloabder-20&linkCode=osi&th=1&psc=1">View Product</a></div><div class="product"><a href="https://www.amazon.com/dp/B072K1LNNY?tag=eloabder-20&linkCode=osi&th=1&psc=1"><img src="https://m.media-amazon.com/images/I/51frH2pII1L._SL500_.jpg" alt="Product Image"></a><p>SeoulCeuticals Korean Skin Care 20% Vitamin C Hyaluronic Acid Serum + CE Ferulic Acid - Potent Anti Aging, Anti Wrinkle Korean Beauty 1oz</p><p>$19.98</p><a href="https://www.amazon.com/dp/B072K1LNNY?tag=eloabder-20&linkCode=osi&th=1&psc=1">View Product</a></div><div class="product"><a href="https://www.amazon.com/dp/B01M4MCUAF?tag=eloabder-20&linkCode=osi&th=1&psc=1"><img src="https://m.media-amazon.com/images/I/41aQhk7cn+L._SL500_.jpg" alt="Product Image"></a><p>TruSkin Vitamin C Serum – Anti Aging Facial Serum with Vitamin C, Hyaluronic Acid, Vitamin E & More – Brightening Serum for Dark Spots, Even Skin Tone, Eye Area, Fine Lines & Wrinkles, 1 Fl Oz</p><p>$21.97</p><a href="https://www.amazon.com/dp/B01M4MCUAF?tag=eloabder-20&linkCode=osi&th=1&psc=1">View Product</a></div><div class="product"><a href="https://www.amazon.com/dp/B08L8B5JR2?tag=eloabder-20&linkCode=osi&th=1&psc=1"><img src="https://m.media-amazon.com/images/I/51Ee0RzYONL._SL500_.jpg" alt="Product Image"></a><p>Vibriance Super C Serum for Mature Skin, Made in USA, All-In-One Formula Hydrates, Firms, Lifts, Smooths, Targets Age Spots, Wrinkles, Vitamin C Serum; 1 fl oz</p><p>$32.90</p><a href="https://www.amazon.com/dp/B08L8B5JR2?tag=eloabder-20&linkCode=osi&th=1&psc=1">View Product</a></div><div class="product"><a href="https://www.amazon.com/dp/B07P5TMHD9?tag=eloabder-20&linkCode=osi&th=1&psc=1"><img src="https://m.media-amazon.com/images/I/51xr2lw0Y7L._SL500_.jpg" alt="Product Image"></a><p>Vitamin C Face Serum - Dark Spot Remover Facial Serum, Vit C Serum with Hyaluronic Acid, Ferulic Acid, & Vit E - Anti Aging and Skin Brightening Serum, Pure Vitamin C Serum Skin Care</p><p>$9.98</p><a href="https://www.amazon.com/dp/B07P5TMHD9?tag=eloabder-20&linkCode=osi&th=1&psc=1">View Product</a></div><div class="product"><a href="https://www.amazon.com/dp/B09TPXJP8R?tag=eloabder-20&linkCode=osi&th=1&psc=1"><img src="https://m.media-amazon.com/images/I/41wFAnopZkL._SL500_.jpg" alt="Product Image"></a><p>Vichy LiftActiv Vitamin C Serum, Brightening and Anti Aging Serum for Face with 15% Pure Vitamin C, Skin Firming and Antioxidant Facial Serum for Brightness and Moisturizing</p><p>$34.99 ($52.22 / Fl Oz)</p><a href="https://www.amazon.com/dp/B09TPXJP8R?tag=eloabder-20&linkCode=osi&th=1&psc=1">View Product</a></div><div class="product"><a href="https://www.amazon.com/dp/B075VX4QVM?tag=eloabder-20&linkCode=osi&th=1&psc=1"><img src="https://m.media-amazon.com/images/I/31uFKKKGUhL._SL500_.jpg" alt="Product Image"></a><p>La Roche-Posay Hyalu B5 Pure Hyaluronic Acid Serum for Face | Vitamin B5 + Hyaluronic Acid + Madecassoside | Hydrating Serum Visibly Plumps Skin | Sensitive Skin Safe | Anti Aging Serum | Oil-Free</p><p>$39.99</p><a href="https://www.amazon.com/dp/B075VX4QVM?tag=eloabder-20&linkCode=osi&th=1&psc=1">View Product</a></div><div class="product"><a href="https://www.amazon.com/dp/B0CLLV2T1P?tag=eloabder-20&linkCode=osi&th=1&psc=1"><img src="https://m.media-amazon.com/images/I/31ZBa-zgbjL._SL500_.jpg" alt="Product Image"></a><p>Anua 10% Niacinamide+ 4% Tranexamic Acid Serum, Ceramide, Hyaluronic Acid, Vitamin B12 natural color, for Sensitive skin, Korean Glass Skin, Fragrance-Free (30ml /1.01 fl.oz.)</p><p>$19.00 ($18.81 / Fl Oz)</p><a href="https://www.amazon.com/dp/B0CLLV2T1P?tag=eloabder-20&linkCode=osi&th=1&psc=1">View Product</a></div><div class="product"><a href="https://www.amazon.com/dp/B07VWSN95S?tag=eloabder-20&linkCode=osi&th=1&psc=1"><img src="https://m.media-amazon.com/images/I/411Y0nzh9zL._SL500_.jpg" alt="Product Image"></a><p>CeraVe Retinol Serum for Post-Acne Marks and Skin Texture | Pore Refining, Resurfacing, Brightening Facial Serum with Retinol and Niacinamide | Fragrance Free, Paraben Free & Non-Comedogenic| 1 Oz</p><p>$18.68</p><a href="https://www.amazon.com/dp/B07VWSN95S?tag=eloabder-20&linkCode=osi&th=1&psc=1">View Product</a></div>
<div class="product"><a href="https://www.amazon.com/dp/B00J1FNW28?tag=eloabder-20&linkCode=osi&th=1&psc=1"><img src="https://m.media-amazon.com/images/I/414w8iNQRqL._SL500_.jpg" alt="Product Image"></a><p>Palmer's Cocoa Butter Formula Moisturizing Skin Therapy Oil for Face with Vitamin E, C & 10 Pure Facial Oil Blend, Rosehip Fragrance, 1 Ounce</p><p>$10.97 ($10.97 / Fl Oz)</p><a href="https://www.amazon.com/dp/B00J1FNW28?tag=eloabder-20&linkCode=osi&th=1&psc=1">View Product</a></div><div class="product"><a href="https://www.amazon.com/dp/B01N3340K7?tag=eloabder-20&linkCode=osi&th=1&psc=1"><img src="https://m.media-amazon.com/images/I/41QYm09uWiL._SL500_.jpg" alt="Product Image"></a><p>Kate Blanc Cosmetics Rosehip Oil for Face & Skin. Rosehip Seed Face Oil for Facial & Gua Sha Massage (1oz, Organic, Pure, Cold Pressed)</p><p>$8.99</p><a href="https://www.amazon.com/dp/B01N3340K7?tag=eloabder-20&linkCode=osi&th=1&psc=1">View Product</a></div><div class="product"><a href="https://www.amazon.com/dp/B01GYHLW4U?tag=eloabder-20&linkCode=osi&th=1&psc=1"><img src="https://m.media-amazon.com/images/I/31oeUKDfrOL._SL500_.jpg" alt="Product Image"></a><p>KORA Organics Noni Glow Hydrating Face Oil with Antioxidants, Nourish & Illuminate, Certified Organic, Cruelty Free, 0.34 fl oz</p><p>$29.00 ($85.29 / Fl Oz)</p><a href="https://www.amazon.com/dp/B01GYHLW4U?tag=eloabder-20&linkCode=osi&th=1&psc=1">View Product</a></div><div class="product"><a href="https://www.amazon.com/dp/B09Q2XYMLM?tag=eloabder-20&linkCode=osi&th=1&psc=1"><img src="https://m.media-amazon.com/images/I/41LM+-HnjiL._SL500_.jpg" alt="Product Image"></a><p>Good Molecules Squalane Oil - Moisturizer for Face, Skin, and Hair, Plumping, Firming, Anti-Aging - Skincare for Face to Hydrate and Calm the Skin</p><p>$8.00 ($18.18 / Fl Oz)</p><a href="https://www.amazon.com/dp/B09Q2XYMLM?tag=eloabder-20&linkCode=osi&th=1&psc=1">View Product</a></div><div class="product"><a href="https://www.amazon.com/dp/B0CNG6YPB8?tag=eloabder-20&linkCode=osi&th=1&psc=1"><img src="https://m.media-amazon.com/images/I/41gbDKoodrL._SL500_.jpg" alt="Product Image"></a><p>Black Seed Oil, Rosehip Oil, Castor Oil Organic Cold Pressed for Face Anti-Aging Miracle Facial Moisturizer Serum Natural Skincare Fortifying Hydrates Skin Moisturizing Beauty Glow Oil 1 Fl Oz/30mL</p><p>$16.99 ($16.99 / Fl Oz)</p><a href="https://www.amazon.com/dp/B0CNG6YPB8?tag=eloabder-20&linkCode=osi&th=1&psc=1">View Product</a></div><div class="product"><a href="https://www.amazon.com/dp/B000VPPUEA?tag=eloabder-20&linkCode=osi&th=1&psc=1"><img src="https://m.media-amazon.com/images/I/31e4JzjWhkL._SL500_.jpg" alt="Product Image"></a><p>Bio-Oil Skincare Body Oil, Vitamin E, Serum for Scars & Stretchmarks, Face & Body Moisturizer, 2 oz, All Skin Types</p><p>$11.04 ($5.52 / Fl Oz)</p><a href="https://www.amazon.com/dp/B000VPPUEA?tag=eloabder-20&linkCode=osi&th=1&psc=1">View Product</a></div><div class="product"><a href="https://www.amazon.com/dp/B001UE60E0?tag=eloabder-20&linkCode=osi&th=1&psc=1"><img src="https://m.media-amazon.com/images/I/31cFL31-1pL._SL500_.jpg" alt="Product Image"></a><p>DHC Deep Cleansing Oil, Facial Cleansing Oil, Makeup Remover, Cleanses without Clogging Pores, Residue-Free, Fragrance and Colorant Free, All Skin Types, 6.7 fl. oz.</p><p>$21.99 ($3.28 / Fl Oz)</p><a href="https://www.amazon.com/dp/B001UE60E0?tag=eloabder-20&linkCode=osi&th=1&psc=1">View Product</a></div><div class="product"><a href="https://www.amazon.com/dp/B0BN2PX8V3?tag=eloabder-20&linkCode=osi&th=1&psc=1"><img src="https://m.media-amazon.com/images/I/31vN6RNetML._SL500_.jpg" alt="Product Image"></a><p>ANUA Heartleaf Pore Control Cleansing Oil, Oil Cleanser for Face, Makeup Blackhead Remover, Korean Skin Care 6.76 fl oz(200ml) (original)</p><p>$17.69 ($2.64 / Fl Oz)</p><a href="https://www.amazon.com/dp/B0BN2PX8V3?tag=eloabder-20&linkCode=osi&th=1&psc=1">View Product</a></div><div class="product"><a href="https://www.amazon.com/dp/B07H2GP6VX?tag=eloabder-20&linkCode=osi&th=1&psc=1"><img src="https://m.media-amazon.com/images/I/41OxX+xF61L._SL500_.jpg" alt="Product Image"></a><p>Skin Glow Serum for Face Care - Gua Sha Oil for Glowing Skin with Turmeric Oil for Face Dark Spots Fine Lines & Wrinkles - Hydrating Face Oil for Women's Vegan Organic Skin Care (30mL)</p><p>$29.70 ($29.70 / Fl Oz)</p><a href="https://www.amazon.com/dp/B07H2GP6VX?tag=eloabder-20&linkCode=osi&th=1&psc=1">View Product</a></div><div class="product"><a href="https://www.amazon.com/dp/B098553XRB?tag=eloabder-20&linkCode=osi&th=1&psc=1"><img src="https://m.media-amazon.com/images/I/31jJT07RSqL._SL500_.jpg" alt="Product Image"></a><p>Derma E Vitamin C Glow Face Oil, Facial Oil Nourishes, Brightens and Illuminates for a Radiant Glow, Moisturizing Face Oil with Turmeric, Seabuckthorn and Red Raspberry, 1 Fl Oz</p><p>$13.05</p><a href="https://www.amazon.com/dp/B098553XRB?tag=eloabder-20&linkCode=osi&th=1&psc=1">View Product</a></div>
<div class="product"><a href="https://www.amazon.com/dp/B005IHT94S?tag=eloabder-20&linkCode=osi&th=1&psc=1"><img src="https://m.media-amazon.com/images/I/31YAXVCRMAL._SL500_.jpg" alt="Product Image"></a><p>Neutrogena Ultra Sheer Dry-Touch Water Resistant and Non-Greasy Sunscreen Lotion with Broad Spectrum SPF 70, 3 Fl Oz (Pack of 1)</p><p>$9.88 ($3.29 / Fl Oz)</p><a href="https://www.amazon.com/dp/B005IHT94S?tag=eloabder-20&linkCode=osi&th=1&psc=1">View Product</a></div><div class="product"><a href="https://www.amazon.com/dp/B078BC1NJ6?tag=eloabder-20&linkCode=osi&th=1&psc=1"><img src="https://m.media-amazon.com/images/I/51V4LMN2zEL._SL500_.jpg" alt="Product Image"></a><p>Coppertone Sport Sunscreen Spray SPF 50, Water Resistant Spray Sunscreen, Broad Spectrum SPF 50 Sunscreen, Bulk Sunscreen Pack, 5.5 Oz Bottle, Pack of 3</p><p>$20.63 ($1.25 / Ounce)</p><a href="https://www.amazon.com/dp/B078BC1NJ6?tag=eloabder-20&linkCode=osi&th=1&psc=1">View Product</a></div><div class="product"><a href="https://www.amazon.com/dp/B01MQXX9US?tag=eloabder-20&linkCode=osi&th=1&psc=1"><img src="https://m.media-amazon.com/images/I/41Zi7BP15NL._SL500_.jpg" alt="Product Image"></a><p>Banana Boat Sport Ultra SPF 50 Sunscreen Spray Twin Pack | Banana Boat Sunscreen Spray SPF 50, Spray On Sunscreen, Water Resistant Sunscreen, Oxybenzone Free Sunscreen Pack, 6oz each</p><p>$13.97 ($1.16 / Ounce)</p><a href="https://www.amazon.com/dp/B01MQXX9US?tag=eloabder-20&linkCode=osi&th=1&psc=1">View Product</a></div><div class="product"><a href="https://www.amazon.com/dp/B002MSN3QQ?tag=eloabder-20&linkCode=osi&th=1&psc=1"><img src="https://m.media-amazon.com/images/I/3100avaA74L._SL500_.jpg" alt="Product Image"></a><p>EltaMD UV Clear Face Sunscreen, Oil Free Sunscreen with Zinc Oxide, Dermatologist Recommended Sunscreen, 1.7 oz Pump</p><p>$43.00 ($25.29 / Ounce)</p><a href="https://www.amazon.com/dp/B002MSN3QQ?tag=eloabder-20&linkCode=osi&th=1&psc=1">View Product</a></div><div class="product"><a href="https://www.amazon.com/dp/B00AEN4QZ8?tag=eloabder-20&linkCode=osi&th=1&psc=1"><img src="https://m.media-amazon.com/images/I/31QMrCJPoeL._SL500_.jpg" alt="Product Image"></a><p>Neutrogena Beach Defense Water-Resistant Face & Body SPF 70 Sunscreen Lotion with Broad Spectrum UVA/UVB Protection, Oil-Free Fast-Absorbing Sunscreen Lotion, Oxybenzone-Free, 6.7 oz</p><p>$9.60 ($1.43 / Fl Oz)</p><a href="https://www.amazon.com/dp/B00AEN4QZ8?tag=eloabder-20&linkCode=osi&th=1&psc=1">View Product</a></div><div class="product"><a href="https://www.amazon.com/dp/B076GZX3KL?tag=eloabder-20&linkCode=osi&th=1&psc=1"><img src="https://m.media-amazon.com/images/I/41BQoEZMuTL._SL500_.jpg" alt="Product Image"></a><p>Neutrogena Sunscreen Spray, Ultra Sheer ® Body Mist, Broad Spectrum SPF 70, Non-Greasy Water Resistant Body Sunscreen Mist, Non-Comedogenic, 5 oz (Pack of 3)</p><p>$22.60 ($1.51 / Ounce)</p><a href="https://www.amazon.com/dp/B076GZX3KL?tag=eloabder-20&linkCode=osi&th=1&psc=1">View Product</a></div><div class="product"><a href="https://www.amazon.com/dp/B004D2DR0Q?tag=eloabder-20&linkCode=osi&th=1&psc=1"><img src="https://m.media-amazon.com/images/I/41QwzCWNnFL._SL500_.jpg" alt="Product Image"></a><p>Neutrogena Ultra Sheer Dry-Touch Water Resistant and Non-Greasy Sunscreen Lotion with Broad Spectrum SPF 45, TSA-Compliant travel Size, 3 Fl Oz, Pack of 2, 6 Fl Oz</p><p>$13.99 ($2.33 / Fl Oz)</p><a href="https://www.amazon.com/dp/B004D2DR0Q?tag=eloabder-20&linkCode=osi&th=1&psc=1">View Product</a></div><div class="product"><a href="https://www.amazon.com/dp/B07YGVSGMW?tag=eloabder-20&linkCode=osi&th=1&psc=1"><img src="https://m.media-amazon.com/images/I/416T611PGUL._SL500_.jpg" alt="Product Image"></a><p>La Roche-Posay Anthelios Melt-In Milk Sunscreen SPF 100 | Sunscreen For Body & Face | Broad Spectrum SPF + Antioxidants | Oil Free Sunscreen Lotion | For Sun Sensitive Skin | Oxybenzone Free</p><p>$26.99 ($9.00 / Fl Oz)</p><a href="https://www.amazon.com/dp/B07YGVSGMW?tag=eloabder-20&linkCode=osi&th=1&psc=1">View Product</a></div><div class="product"><a href="https://www.amazon.com/dp/B002CML1VG?tag=eloabder-20&linkCode=osi&th=1&psc=1"><img src="https://m.media-amazon.com/images/I/41ufC4L5QQL._SL500_.jpg" alt="Product Image"></a><p>La Roche-Posay Anthelios Melt-In Milk Sunscreen SPF 60 | Sunscreen For Body & Face | Broad Spectrum SPF + Antioxidants | Oil Free Sunscreen Lotion | Lightweight & Fast Absorbing | Oxybenzone Free</p><p>$37.99 ($7.60 / Fl Oz)</p><a href="https://www.amazon.com/dp/B002CML1VG?tag=eloabder-20&linkCode=osi&th=1&psc=1">View Product</a></div>
<div class="product"><a href="https://www.amazon.com/dp/B004CDV7EY?tag=eloabder-20&linkCode=osi&th=1&psc=1"><img src="https://m.media-amazon.com/images/I/41tTwTi8GdL._SL500_.jpg" alt="Product Image"></a><p>Banana Boat Sport Ultra SPF 50 Sunscreen Lotion, 12oz | Banana Boat Sunscreen SPF 50 Lotion, Oxybenzone Free Sunscreen, Sunblock Lotion Sunscreen, Family Size Sunscreen, 12oz</p><p>$10.97 ($0.91 / Fl Oz)</p><a href="https://www.amazon.com/dp/B004CDV7EY?tag=eloabder-20&linkCode=osi&th=1&psc=1">View Product</a></div><div class="product"><a href="https://www.amazon.com/dp/B001P92FMG?tag=eloabder-20&linkCode=osi&th=1&psc=1"><img src="https://m.media-amazon.com/images/I/41G20SiwQqL._SL500_.jpg" alt="Product Image"></a><p>Neutrogena Sport Face Sunscreen, Broad Spectrum Sunblock SPF 70+, Water Resistant Sunscreen For Face, Sweat Resistant Oil Free Sunscreen Lotion, 2.5 FL OZ</p><p>$10.30 ($4.12 / Fl Oz)</p><a href="https://www.amazon.com/dp/B001P92FMG?tag=eloabder-20&linkCode=osi&th=1&psc=1">View Product</a></div><div class="product"><a href="https://www.amazon.com/dp/B01MY051NZ?tag=eloabder-20&linkCode=osi&th=1&psc=1"><img src="https://m.media-amazon.com/images/I/316sFsnyZ6L._SL500_.jpg" alt="Product Image"></a><p>Hawaiian Tropic Everyday Active Lotion Sunscreen SPF 50, 8oz | Hawaiian Tropic Sunscreen SPF 50, Sunblock, Broad Spectrum Sunscreen, Oxybenzone Free Sunscreen, Water Resistant Sunscreen, 8oz</p><p>$10.97 ($1.37 / Fl Oz)</p><a href="https://www.amazon.com/dp/B01MY051NZ?tag=eloabder-20&linkCode=osi&th=1&psc=1">View Product</a></div><div class="product"><a href="https://www.amazon.com/dp/B074WBHHYY?tag=eloabder-20&linkCode=osi&th=1&psc=1"><img src="https://m.media-amazon.com/images/I/41uIcq6eNrL._SL500_.jpg" alt="Product Image"></a><p>Coppertone Sport Sunscreen Spray SPF 50, Water Resistant Spray Sunscreen, Broad Spectrum SPF 50 Sunscreen, Bulk Sunscreen Pack, 5.5 Oz Bottle, Pack of 2</p><p>$14.49 ($1.32 / Ounce)</p><a href="https://www.amazon.com/dp/B074WBHHYY?tag=eloabder-20&linkCode=osi&th=1&psc=1">View Product</a></div><div class="product"><a href="https://www.amazon.com/dp/B077D7L95C?tag=eloabder-20&linkCode=osi&th=1&psc=1"><img src="https://m.media-amazon.com/images/I/4124cUh+pGL._SL500_.jpg" alt="Product Image"></a><p>Banana Boat Kids Sport Sunscreen Spray SPF 50, Twin Pack | Kids Sunscreen Spray, Kids Sunblock Spray, Oxybenzone Free Sunscreen for Kids, Spray Sunscreen SPF 50, 6oz each</p><p>$13.97 ($1.16 / Ounce)</p><a href="https://www.amazon.com/dp/B077D7L95C?tag=eloabder-20&linkCode=osi&th=1&psc=1">View Product</a></div>
<div class="product"><a href="https://www.amazon.com/dp/B08Q2R18HH?tag=eloabder-20&linkCode=osi&th=1&psc=1"><img src="https://m.media-amazon.com/images/I/51uR35zoH+L._SL500_.jpg" alt="Product Image"></a><p>Hawaiian Tropic Lime Coolada After Sun Lotion, 16oz | After Sun Care, Daily Moisturizing Lotion, After Sun Aloe, Cocoa Butter Lotion, Shea Butter Lotion, After Sun Skin Care, 16oz each Twin Pack</p><p>$14.99 ($0.47 / Fl Oz)</p><a href="https://www.amazon.com/dp/B08Q2R18HH?tag=eloabder-20&linkCode=osi&th=1&psc=1">View Product</a></div><div class="product"><a href="https://www.amazon.com/dp/B08Q2QK7F1?tag=eloabder-20&linkCode=osi&th=1&psc=1"><img src="https://m.media-amazon.com/images/I/41I370DTitL._SL500_.jpg" alt="Product Image"></a><p>Hawaiian Tropic Silk Hydration After Sun Lotion 6 Fl Oz (Pack of 2)</p><p>$19.98 ($1.66 / Fl Oz)</p><a href="https://www.amazon.com/dp/B08Q2QK7F1?tag=eloabder-20&linkCode=osi&th=1&psc=1">View Product</a></div><div class="product"><a href="https://www.amazon.com/dp/B004YAUZKM?tag=eloabder-20&linkCode=osi&th=1&psc=1"><img src="https://m.media-amazon.com/images/I/31QrLmSRyrL._SL500_.jpg" alt="Product Image"></a><p>Sun Bum Cool Down Aloe Vera Lotion - Vegan After Sun Care with Cocoa Butter to Soothe and Hydrate Sunburn- 8 oz</p><p>$12.99 ($1.62 / Fl Oz)</p><a href="https://www.amazon.com/dp/B004YAUZKM?tag=eloabder-20&linkCode=osi&th=1&psc=1">View Product</a></div><div class="product"><a href="https://www.amazon.com/dp/B07BH4DD2M?tag=eloabder-20&linkCode=osi&th=1&psc=1"><img src="https://m.media-amazon.com/images/I/41+JG2VHifL._SL500_.jpg" alt="Product Image"></a><p>Hawaiian Tropic After Sun Body Butter with Coconut Oil, 8oz | After Sun Lotion, Moisturizing Body Lotion, After Sun Moisturizer, Coconut Body Butter, After Sun Care, After Sun Skin Care, 8oz</p><p>$12.49 ($1.56 / Fl Oz)</p><a href="https://www.amazon.com/dp/B07BH4DD2M?tag=eloabder-20&linkCode=osi&th=1&psc=1">View Product</a></div><div class="product"><a href="https://www.amazon.com/dp/B091YZ5L12?tag=eloabder-20&linkCode=osi&th=1&psc=1"><img src="https://m.media-amazon.com/images/I/31otykDIBaL._SL500_.jpg" alt="Product Image"></a><p>B.TAN After Sun Lotion | Ooooh Aftersun Delight - Aloe Vera & Hyaluronic Acid, Sun Burn Skin Relief, Moisturizing Body Cream, 16 Fl oz</p><p>$12.99 ($0.81 / Fl Oz)</p><a href="https://www.amazon.com/dp/B091YZ5L12?tag=eloabder-20&linkCode=osi&th=1&psc=1">View Product</a></div><div class="product"><a href="https://www.amazon.com/dp/B0013L55U0?tag=eloabder-20&linkCode=osi&th=1&psc=1"><img src="https://m.media-amazon.com/images/I/41BErPueiSL._SL500_.jpg" alt="Product Image"></a><p>Burt's Bees After Sun Lotion with Hydrating Aloe Vera & Coconut Oil - Summer Essentials, Sunburn Relief, Natural After Sun Soother, 6 oz</p><p>$12.96 ($2.16 / Fl Oz)</p><a href="https://www.amazon.com/dp/B0013L55U0?tag=eloabder-20&linkCode=osi&th=1&psc=1">View Product</a></div><div class="product"><a href="https://www.amazon.com/dp/B01N6SVTBN?tag=eloabder-20&linkCode=osi&th=1&psc=1"><img src="https://m.media-amazon.com/images/I/51sE2A31qgL._SL500_.jpg" alt="Product Image"></a><p>Sunburnt Advanced After-Sun Lotion, 6 Ounce</p><p>$9.79 ($1.63 / Ounce)</p><a href="https://www.amazon.com/dp/B01N6SVTBN?tag=eloabder-20&linkCode=osi&th=1&psc=1">View Product</a></div><div class="product"><a href="https://www.amazon.com/dp/B098CTZYJX?tag=eloabder-20&linkCode=osi&th=1&psc=1"><img src="https://m.media-amazon.com/images/I/31hNQRVEp2L._SL500_.jpg" alt="Product Image"></a><p>Coola Organic Radical Recovery After Sun Body Lotion, Includes Aloe Vera, Agave and Lavender Oil for Sunburn Relief, 5 Fl Oz</p><p>$32.00 ($6.40 / Fl Oz)</p><a href="https://www.amazon.com/dp/B098CTZYJX?tag=eloabder-20&linkCode=osi&th=1&psc=1">View Product</a></div>
<div class="product"><a href="https://www.amazon.com/dp/B0CTBF3WLS?tag=eloabder-20&linkCode=osi&th=1&psc=1"><img src="https://m.media-amazon.com/images/I/41nFaIDnL9L._SL500_.jpg" alt="Product Image"></a><p>b.tan UV Tanning Bed Lotion | I Want The Darkest Tan Possible - x4000 Tan Intensifiers, Indoor & Outdoor Tan Accelerator, Best Browning Lotion, 12 Fl Oz</p><p>$14.99 ($1.25 / Fl Oz)</p><a href="https://www.amazon.com/dp/B0CTBF3WLS?tag=eloabder-20&linkCode=osi&th=1&psc=1">View Product</a></div><div class="product"><a href="https://www.amazon.com/dp/B001UTK76C?tag=eloabder-20&linkCode=osi&th=1&psc=1"><img src="https://m.media-amazon.com/images/I/31JM3ZgxMjL._SL500_.jpg" alt="Product Image"></a><p>Jergens Natural Glow +FIRMING Self Tanner, Sunless Tanning Lotion for Fair to Medium Skin Tone, Anti Cellulite Firming Body Lotion for Natural-Looking Tan, 7.5 Ounce</p><p>$10.47 ($1.40 / Fl Oz)</p><a href="https://www.amazon.com/dp/B001UTK76C?tag=eloabder-20&linkCode=osi&th=1&psc=1">View Product</a></div><div class="product"><a href="https://www.amazon.com/dp/B07XGS1NW9?tag=eloabder-20&linkCode=osi&th=1&psc=1"><img src="https://m.media-amazon.com/images/I/411h-bfoKfL._SL500_.jpg" alt="Product Image"></a><p>European Gold Flash Black 4000X Indoor Tanning Lotion with Time-Release DHA Bronzers, 12 oz</p><p>$13.99 ($1.17 / Fl Oz)</p><a href="https://www.amazon.com/dp/B07XGS1NW9?tag=eloabder-20&linkCode=osi&th=1&psc=1">View Product</a></div><div class="product"><a href="https://www.amazon.com/dp/B0058E3XJI?tag=eloabder-20&linkCode=osi&th=1&psc=1"><img src="https://m.media-amazon.com/images/I/41KNj0nprcL._SL500_.jpg" alt="Product Image"></a><p>Millennium Tanning Solid Black 100X Indoor Tanning Lotion for Tanning Beds (13.5 Fluid Ounces)</p><p>$29.99 ($2.22 / Fl Oz)</p><a href="https://www.amazon.com/dp/B0058E3XJI?tag=eloabder-20&linkCode=osi&th=1&psc=1">View Product</a></div><div class="product"><a href="https://www.amazon.com/dp/B003GX5SSC?tag=eloabder-20&linkCode=osi&th=1&psc=1"><img src="https://m.media-amazon.com/images/I/314WWYZVTGL._SL500_.jpg" alt="Product Image"></a><p>Australian Gold Dark Tanning Accelerator Lotion With Bronzer, 8 Ounce, New Package Same Formula, B003GX5SSC</p><p>$8.99 ($1.12 / Fl Oz)</p><a href="https://www.amazon.com/dp/B003GX5SSC?tag=eloabder-20&linkCode=osi&th=1&psc=1">View Product</a></div><div class="product"><a href="https://www.amazon.com/dp/B009YKK78C?tag=eloabder-20&linkCode=osi&th=1&psc=1"><img src="https://m.media-amazon.com/images/I/51VhZauUFYS._SL500_.jpg" alt="Product Image"></a><p>Ed Hardy Coconut Kisses Golden Tanning Lotion Cruelty Free, Gluten Free, Mineral Oil Free, DHA Free for All skin type,13.5 oz</p><p>$25.95 ($1.92 / Fl Oz)</p><a href="https://www.amazon.com/dp/B009YKK78C?tag=eloabder-20&linkCode=osi&th=1&psc=1">View Product</a></div><div class="product"><a href="https://www.amazon.com/dp/B09J1LZCWH?tag=eloabder-20&linkCode=osi&th=1&psc=1"><img src="https://m.media-amazon.com/images/I/41RzUs3u55L._SL500_.jpg" alt="Product Image"></a><p>Tanning Lotion Self Tanner - With Natural and Organic Ingredients Non Toxic Sunless Browning Lotion - Best Gradual Tan Lotion for Men and Women, Fair to Medium</p><p>$35.99 ($4.80 / Fl Oz)</p><a href="https://www.amazon.com/dp/B09J1LZCWH?tag=eloabder-20&linkCode=osi&th=1&psc=1">View Product</a></div><div class="product"><a href="https://www.amazon.com/dp/B00T7MZQ3S?tag=eloabder-20&linkCode=osi&th=1&psc=1"><img src="https://m.media-amazon.com/images/I/41yGeo8I0IL._SL500_.jpg" alt="Product Image"></a><p>Australian Gold Rapid Tanning Intensifier Lotion, 8.5 Fl Oz | With Tea Tree Oil and Aloe Vera | Vitamin E</p><p>$7.37 ($0.87 / Fl Oz)</p><a href="https://www.amazon.com/dp/B00T7MZQ3S?tag=eloabder-20&linkCode=osi&th=1&psc=1">View Product</a></div><div class="product"><a href="https://www.amazon.com/dp/B08MVJ5Y8Y?tag=eloabder-20&linkCode=osi&th=1&psc=1"><img src="https://m.media-amazon.com/images/I/51Mugq3kI+L._SL500_.jpg" alt="Product Image"></a><p>Tanning Paradise Black Coconut Love Tanning Lotion | Coconut Oil | Age-Defying | Tattoo Protecting Formula | Ultra Hydrating Dark Tanning Lotion, 13.5oz</p><p>$27.99 ($2.07 / Fl Oz)</p><a href="https://www.amazon.com/dp/B08MVJ5Y8Y?tag=eloabder-20&linkCode=osi&th=1&psc=1">View Product</a></div>
<div class="product"><a href="https://www.amazon.com/dp/B08FZZ4HPM?tag=eloabder-20&linkCode=osi&th=1&psc=1"><img src="https://m.media-amazon.com/images/I/31mReI9Wc6L._SL500_.jpg" alt="Product Image"></a><p>b.tan Ultra Dark Self Tanner | Too Tan - Fast, 1 Hour Express Sunless Tanning Mousse, No Gimmicks, No Fake Tan Smell, No Added Nasties, Vegan, Cruelty & Paraben Free, 6.7 Fl Oz</p><p>$9.97 ($1.49 / Fl Oz)</p><a href="https://www.amazon.com/dp/B08FZZ4HPM?tag=eloabder-20&linkCode=osi&th=1&psc=1">View Product</a></div><div class="product"><a href="https://www.amazon.com/dp/B0888B6TBN?tag=eloabder-20&linkCode=osi&th=1&psc=1"><img src="https://m.media-amazon.com/images/I/41K4-e3Kj9L._SL500_.jpg" alt="Product Image"></a><p>b.tan Darker Self Tanner Kit | Fall In Love at First Tan Bundle - Darker Self Tan Mousse with Self Tanning Mitt Applicator, Violet Base, 1 Hour Sunless Fast Tanner, No Fake Tan Smell, No Added Nasties, Vegan, Cruelty Free, 6.7 Fl Oz</p><p>$14.99 ($2.24 / Fl Oz)</p><a href="https://www.amazon.com/dp/B0888B6TBN?tag=eloabder-20&linkCode=osi&th=1&psc=1">View Product</a></div><div class="product"><a href="https://www.amazon.com/dp/B013WVAHJ2?tag=eloabder-20&linkCode=osi&th=1&psc=1"><img src="https://m.media-amazon.com/images/I/21yYdk2vOnL._SL500_.jpg" alt="Product Image"></a><p>Bondi Sands Self Tanning Foam | Lightweight, Self-Tanner Foam Enriched with Aloe Vera and Coconut Provides an Even, Streak-Free Tan | 6.76 oz/200 mL</p><p>$24.00 ($3.55 / Fl Oz )</p><a href="https://www.amazon.com/dp/B013WVAHJ2?tag=eloabder-20&linkCode=osi&th=1&psc=1">View Product</a></div><div class="product"><a href="https://www.amazon.com/dp/B09551QSJ3?tag=eloabder-20&linkCode=osi&th=1&psc=1"><img src="https://m.media-amazon.com/images/I/41tFLINqKrL._SL500_.jpg" alt="Product Image"></a><p>Self Tanner Mousse - USA Made with Natural & Organic Ingredients, Self Tanning Mousse for Dark Fake Tan, Sunless Tanner, Clear & Non Toxic Tanning Foam for Streak Free Finish, No Nasty Smell</p><p>$34.99 ($4.67 / Fl Oz)</p><a href="https://www.amazon.com/dp/B09551QSJ3?tag=eloabder-20&linkCode=osi&th=1&psc=1">View Product</a></div><div class="product"><a href="https://www.amazon.com/dp/B07Z53DKH3?tag=eloabder-20&linkCode=osi&th=1&psc=1"><img src="https://m.media-amazon.com/images/I/31WXxRTQ9rL._SL500_.jpg" alt="Product Image"></a><p>Coco & Eve Sunny Honey Bali Bronzing Foam (Ultra Dark). Natural Sunless Self Tanner Mousse. Anti Cellulite, Anti Aging, Organic Sunless Self Tanning Lotion</p><p>$38.00 ($5.59 / Fl Oz)</p><a href="https://www.amazon.com/dp/B07Z53DKH3?tag=eloabder-20&linkCode=osi&th=1&psc=1">View Product</a></div><div class="product"><a href="https://www.amazon.com/dp/B00GLS5DHU?tag=eloabder-20&linkCode=osi&th=1&psc=1"><img src="https://m.media-amazon.com/images/I/31EOp3BgHcL._SL500_.jpg" alt="Product Image"></a><p>Jergens Natural Glow 3-Day Self Tanner for Fair to Medium Skin Tone, Sunless Tanning Daily Moisturizer, for Streak-free and Natural-Looking Color, 10 Ounce</p><p>$14.49 ($1.45 / Fl Oz)</p><a href="https://www.amazon.com/dp/B00GLS5DHU?tag=eloabder-20&linkCode=osi&th=1&psc=1">View Product</a></div><div class="product"><a href="https://www.amazon.com/dp/B08G1LQGLN?tag=eloabder-20&linkCode=osi&th=1&psc=1"><img src="https://m.media-amazon.com/images/I/411EXWnc3cS._SL500_.jpg" alt="Product Image"></a><p>Coco & Eve Self Tanner Mousse Kit - All Natural Sunless Tanning (Dark) | Instant Lotion with Bronzer Mitt Applicator Sunny Honey Bali Bronzing</p><p>$41.00 ($6.12 / Fl Oz)</p><a href="https://www.amazon.com/dp/B08G1LQGLN?tag=eloabder-20&linkCode=osi&th=1&psc=1">View Product</a></div><div class="product"><a href="https://www.amazon.com/dp/B00KSS3MJ0?tag=eloabder-20&linkCode=osi&th=1&psc=1"><img src="https://m.media-amazon.com/images/I/31pZi3ANSfL._SL500_.jpg" alt="Product Image"></a><p>St.Tropez Self Tan Express Mousse, Fast Acting Fake Tan, Develops in 1-3 Hours, Streak-Free Finish, Vegan, Natural & Cruelty Free, 6.7 Fl Oz</p><p>$46.00 ($6.87 / Fl Oz)</p><a href="https://www.amazon.com/dp/B00KSS3MJ0?tag=eloabder-20&linkCode=osi&th=1&psc=1">View Product</a></div>
<div class="product"><a href="https://www.amazon.com/dp/B08KT2Z93D?tag=eloabder-20&linkCode=osi&th=1&psc=1"><img src="https://m.media-amazon.com/images/I/31IObY4C0xL._SL500_.jpg" alt="Product Image"></a><p>eos Shea Better Body Lotion- Vanilla Cashmere, 24-Hour Moisture Skin Care, Lightweight & Non-Greasy, Made with Natural Shea, Vegan, 16 fl oz</p><p>$8.98 ($0.56 / Fl Oz)</p><a href="https://www.amazon.com/dp/B08KT2Z93D?tag=eloabder-20&linkCode=osi&th=1&psc=1">View Product</a></div><div class="product"><a href="https://www.amazon.com/dp/B076G2XGY3?tag=eloabder-20&linkCode=osi&th=1&psc=1"><img src="https://m.media-amazon.com/images/I/41jIXvha20L._SL500_.jpg" alt="Product Image"></a><p>NIVEA Essentially Enriched Body Lotion for Dry Skin, Pack of 2, 16.9 Fl Oz Pump Bottles</p><p>$10.98 ($0.32 / Fl Oz)</p><a href="https://www.amazon.com/dp/B076G2XGY3?tag=eloabder-20&linkCode=osi&th=1&psc=1">View Product</a></div><div class="product"><a href="https://www.amazon.com/dp/B00DG8EZKO?tag=eloabder-20&linkCode=osi&th=1&psc=1"><img src="https://m.media-amazon.com/images/I/31DT3ghuyXL._SL500_.jpg" alt="Product Image"></a><p>NIVEA Intense Healing Body Lotion for Dry Skin, 72-Hour Moisturizing Lotion with Deep Nourishing Serum and Provitamin B5, 16.9 Fl Oz Pump Bottle</p><p>$6.24 ($0.37 / Fl Oz)</p><a href="https://www.amazon.com/dp/B00DG8EZKO?tag=eloabder-20&linkCode=osi&th=1&psc=1">View Product</a></div><div class="product"><a href="https://www.amazon.com/dp/B07RK4HST7?tag=eloabder-20&linkCode=osi&th=1&psc=1"><img src="https://m.media-amazon.com/images/I/412DGoW35mL._SL500_.jpg" alt="Product Image"></a><p>CeraVe Daily Moisturizing Lotion for Dry Skin | Body Lotion & Face Moisturizer with Hyaluronic Acid and Ceramides | Daily Moisturizer | Fragrance Free | Oil-Free | 19 Ounce</p><p>$18.50 ($0.97 / Fl Oz)</p><a href="https://www.amazon.com/dp/B07RK4HST7?tag=eloabder-20&linkCode=osi&th=1&psc=1">View Product</a></div><div class="product"><a href="https://www.amazon.com/dp/B0034F9K36?tag=eloabder-20&linkCode=osi&th=1&psc=1"><img src="https://m.media-amazon.com/images/I/319i3EFVPvL._SL500_.jpg" alt="Product Image"></a><p>Jergens Ultra Healing Dry Skin Moisturizer, Body and Hand Lotion for Dry Skin, for Quick Absorption into Extra Dry Skin, with HYDRALUCENCE blend, Vitamins C, E, and B5, 32 Ounce</p><p>$10.47 ($0.33 / Fl Oz)</p><a href="https://www.amazon.com/dp/B0034F9K36?tag=eloabder-20&linkCode=osi&th=1&psc=1">View Product</a></div><div class="product"><a href="https://www.amazon.com/dp/B003JT8PKQ?tag=eloabder-20&linkCode=osi&th=1&psc=1"><img src="https://m.media-amazon.com/images/I/31TFisQDpKL._SL500_.jpg" alt="Product Image"></a><p>Lubriderm Daily Moisture Lotion + Pro-Ceramide with Shea Butter & Glycerin Helps Moisturize Dry Skin, Hydrating Face, Hand & Body Lotion is Lightly Scented & Non-Greasy, 24 fl. oz</p><p>$10.12 ($0.42 / Fl Oz)</p><a href="https://www.amazon.com/dp/B003JT8PKQ?tag=eloabder-20&linkCode=osi&th=1&psc=1">View Product</a></div><div class="product"><a href="https://www.amazon.com/dp/B0D484X4RL?tag=eloabder-20&linkCode=osi&th=1&psc=1"><img src="https://m.media-amazon.com/images/I/31rZLOx+KEL._SL500_.jpg" alt="Product Image"></a><p>Native Body Lotion Contains Naturally Derived Plant-Based Moisturizers for Women and Men | Restores Dry Skin, Coconut & Vanilla, 16.5 fl oz</p><p>$13.97 ($0.85 / Fl Oz)</p><a href="https://www.amazon.com/dp/B0D484X4RL?tag=eloabder-20&linkCode=osi&th=1&psc=1">View Product</a></div><div class="product"><a href="https://www.amazon.com/dp/B073CXZ8KR?tag=eloabder-20&linkCode=osi&th=1&psc=1"><img src="https://m.media-amazon.com/images/I/31r1ImnqoOL._SL500_.jpg" alt="Product Image"></a><p>Nivea Oil Infused Cherry Blossom and Jojoba Oil Body Lotion, Non-Greasy Cherry Blossom Scented Lotion Moisturizes for 24+ Hours, 16.9 Fl Oz Pump Bottle</p><p>$6.29 ($0.37 / Fl Oz)</p><a href="https://www.amazon.com/dp/B073CXZ8KR?tag=eloabder-20&linkCode=osi&th=1&psc=1">View Product</a></div><div class="product"><a href="https://www.amazon.com/dp/B00W4TWD7I?tag=eloabder-20&linkCode=osi&th=1&psc=1"><img src="https://m.media-amazon.com/images/I/31hhrMRSQBL._SL500_.jpg" alt="Product Image"></a><p>Jergens Skin Firming Body Lotion for Dry to Extra Dry Skin, Skin Tightening Cream with Collagen and Elastin, Hydralucence Blend Formula, 16.8 oz</p><p>$7.47 ($0.44 / Fl Oz)</p><a href="https://www.amazon.com/dp/B00W4TWD7I?tag=eloabder-20&linkCode=osi&th=1&psc=1">View Product</a></div>
<div class="product"><a href="https://www.amazon.com/dp/B07C23RCR8?tag=eloabder-20&linkCode=osi&th=1&psc=1"><img src="https://m.media-amazon.com/images/I/41RZuPGWrcL._SL500_.jpg" alt="Product Image"></a><p>Petal Fresh Restoring Body Butter with Honey, Coconut Oil and Shea - Intense Hydration, Cruelty Free</p><p>$7.67 ($7.67 / Count)</p><a href="https://www.amazon.com/dp/B07C23RCR8?tag=eloabder-20&linkCode=osi&th=1&psc=1">View Product</a></div><div class="product"><a href="https://www.amazon.com/dp/B0BKCN9WRX?tag=eloabder-20&linkCode=osi&th=1&psc=1"><img src="https://m.media-amazon.com/images/I/41Jk3XD9gtL._SL500_.jpg" alt="Product Image"></a><p>Tree Hut Moroccan Rose Whipped Shea Body Butter, 8.4oz, Lightweight, Long-lasting, Hydrating Moisturizer with Natural Shea Butter for Nourishing Essential Body Care</p><p>$8.49 ($1.01 / Ounce)</p><a href="https://www.amazon.com/dp/B0BKCN9WRX?tag=eloabder-20&linkCode=osi&th=1&psc=1">View Product</a></div><div class="product"><a href="https://www.amazon.com/dp/B01H6OYPU8?tag=eloabder-20&linkCode=osi&th=1&psc=1"><img src="https://m.media-amazon.com/images/I/41Vkhay5SBL._SL500_.jpg" alt="Product Image"></a><p>NIVEA Cocoa Butter Body Cream with Deep Nourishing Serum, 15.5 Ounce</p><p>$7.05 ($0.45 / Ounce)</p><a href="https://www.amazon.com/dp/B01H6OYPU8?tag=eloabder-20&linkCode=osi&th=1&psc=1">View Product</a></div><div class="product"><a href="https://www.amazon.com/dp/B089N6B4ST?tag=eloabder-20&linkCode=osi&th=1&psc=1"><img src="https://m.media-amazon.com/images/I/41ropAOpQNL._SL500_.jpg" alt="Product Image"></a><p>Vaseline Illuminate Me Shea Butter Whipped Body Butter for Melanin Rich Skin Provides 24 Hour Moisturization for Dry Skin 11 oz</p><p>$12.80 ($1.16 / Fl Oz)</p><a href="https://www.amazon.com/dp/B089N6B4ST?tag=eloabder-20&linkCode=osi&th=1&psc=1">View Product</a></div><div class="product"><a href="https://www.amazon.com/dp/B09QMT3CVT?tag=eloabder-20&linkCode=osi&th=1&psc=1"><img src="https://m.media-amazon.com/images/I/41eMy8c3dcL._SL500_.jpg" alt="Product Image"></a><p>MAJESTIC PURE Whipped Argan Oil Body Butter for Women & Men - With Ceramides, Vitamin E & A & Vegan Collagen - For Skin, Face, & Appearance of Wrinkles & Fine Lines - 8oz</p><p>$9.99 ($1.25 / Ounce)</p><a href="https://www.amazon.com/dp/B09QMT3CVT?tag=eloabder-20&linkCode=osi&th=1&psc=1">View Product</a></div><div class="product"><a href="https://www.amazon.com/dp/B00GBH8TBS?tag=eloabder-20&linkCode=osi&th=1&psc=1"><img src="https://m.media-amazon.com/images/I/31L5XHEF9qL._SL500_.jpg" alt="Product Image"></a><p>Bliss Lemon and Sage Body Butter - Maximum Moisture Cream - 6.7 Fl Oz Lotion for Dry Skin - Long-Lasting Moisturizer for Women & Men - Vegan and Cruelty-Free</p><p>$11.99 ($1.79 / Fl Oz)</p><a href="https://www.amazon.com/dp/B00GBH8TBS?tag=eloabder-20&linkCode=osi&th=1&psc=1">View Product</a></div><div class="product"><a href="https://www.amazon.com/dp/B0013UQQAE?tag=eloabder-20&linkCode=osi&th=1&psc=1"><img src="https://m.media-amazon.com/images/I/411EPzhuAHL._SL500_.jpg" alt="Product Image"></a><p>Palmer’s Shea Butter Formula Raw African Shea Butter Balm, Nourishing Body Moisturizer for Rough, Dry Skin, 7.25 Ounces</p><p>$7.68 ($1.06 / Ounce)</p><a href="https://www.amazon.com/dp/B0013UQQAE?tag=eloabder-20&linkCode=osi&th=1&psc=1">View Product</a></div><div class="product"><a href="https://www.amazon.com/dp/B09SRGSNZR?tag=eloabder-20&linkCode=osi&th=1&psc=1"><img src="https://m.media-amazon.com/images/I/31knGR24zJL._SL500_.jpg" alt="Product Image"></a><p>Kopari Ultra Restore Body Butter with Hyaluronic Acid and Vitamin B5 - Vegan Moisturizing Lotion for Dry Skin, 7.7 oz</p><p>$36.00 ($4.68 / Fl Oz)</p><a href="https://www.amazon.com/dp/B09SRGSNZR?tag=eloabder-20&linkCode=osi&th=1&psc=1">View Product</a></div><div class="product"><a href="https://www.amazon.com/dp/B0C4Q95W1T?tag=eloabder-20&linkCode=osi&th=1&psc=1"><img src="https://m.media-amazon.com/images/I/417J+mMnNXL._SL500_.jpg" alt="Product Image"></a><p>Vaseline Illuminate Me Body Butter & Body Oil - Shimmering Body Bronzer, Hydrating Whipped Organic Shea Butter with 24-Hour Moisture for Melanin-Rich Skin, Radiant Body Glow Oil (2 Piece Set)</p><p>$22.99 ($1.61 / Fl Oz)</p><a href="https://www.amazon.com/dp/B0C4Q95W1T?tag=eloabder-20&linkCode=osi&th=1&psc=1">View Product</a></div>
<div class="product"><a href="https://www.amazon.com/dp/B004L17FKC?tag=eloabder-20&linkCode=osi&th=1&psc=1"><img src="https://m.media-amazon.com/images/I/31nbXT8PueL._SL500_.jpg" alt="Product Image"></a><p>OSEA Undaria Algae Body Oil 5 oz - After Shower Body Oil - Non-Greasy Body Serum & Fast Absorbing Skincare - Clean Beauty & Vegan Seaweed Body Moisturizer for Dry Skin</p><p>$51.95 ($10.39 / Fl Oz)</p><a href="https://www.amazon.com/dp/B004L17FKC?tag=eloabder-20&linkCode=osi&th=1&psc=1">View Product</a></div><div class="product"><a href="https://www.amazon.com/dp/B00008BK7H?tag=eloabder-20&linkCode=osi&th=1&psc=1"><img src="https://m.media-amazon.com/images/I/31NaIvcVrtL._SL500_.jpg" alt="Product Image"></a><p>Neutrogena Body Oil Light Sesame Formula, Dry Skin Moisturizer and Hydrating Body Massage Oil for Radiant and Healthy Looking Glow, Nourishing Bath Oil for Sheer Moisture, 16 FL OZ</p><p>$23.41 ($1.46 / Fl Oz)</p><a href="https://www.amazon.com/dp/B00008BK7H?tag=eloabder-20&linkCode=osi&th=1&psc=1">View Product</a></div><div class="product"><a href="https://www.amazon.com/dp/B08D43LHYP?tag=eloabder-20&linkCode=osi&th=1&psc=1"><img src="https://m.media-amazon.com/images/I/315zlZLfRWL._SL500_.jpg" alt="Product Image"></a><p>Aveeno Daily Moisturizing Dry Body Oil Mist with Oat and Jojoba Oil for Dry, Rough Sensitive Skin, Nourishing & Hypoallergenic Body Spray, Paraben-, Silicone- & Phthalate-Free, 6.7 fl. oz</p><p>$9.58 ($1.43 / Fl Oz)</p><a href="https://www.amazon.com/dp/B08D43LHYP?tag=eloabder-20&linkCode=osi&th=1&psc=1">View Product</a></div><div class="product"><a href="https://www.amazon.com/dp/B00AREGVUM?tag=eloabder-20&linkCode=osi&th=1&psc=1"><img src="https://m.media-amazon.com/images/I/41qfuNZmKRL._SL500_.jpg" alt="Product Image"></a><p>Bio-Oil Skincare Body Oil, Vitamin E Serum for Scars & Stretchmarks, Dermatologist Recommended, All Skin Types, 6.7 oz</p><p>$28.99 ($4.33 / Fl Oz)</p><a href="https://www.amazon.com/dp/B00AREGVUM?tag=eloabder-20&linkCode=osi&th=1&psc=1">View Product</a></div><div class="product"><a href="https://www.amazon.com/dp/B000056W74?tag=eloabder-20&linkCode=osi&th=1&psc=1"><img src="https://m.media-amazon.com/images/I/51iuZeO24dL._SL500_.jpg" alt="Product Image"></a><p>Palmer's Cocoa Butter Moisturizing Body Oil with Vitamin E, Radiant Looking Glow and Skin Hydration, Instant Absorption, Bath, Body and Shower, 8.5 Ounces</p><p>$7.49 ($0.88 / Fl Oz)</p><a href="https://www.amazon.com/dp/B000056W74?tag=eloabder-20&linkCode=osi&th=1&psc=1">View Product</a></div><div class="product"><a href="https://www.amazon.com/dp/B001B0ZZFS?tag=eloabder-20&linkCode=osi&th=1&psc=1"><img src="https://m.media-amazon.com/images/I/31CraOP2i5L._SL500_.jpg" alt="Product Image"></a><p>Neutrogena Fragrance-Free Body Oil Light Sesame Formula, Dry Skin Moisturizer & Hydrating Body Massage Oil, for Radiant & Healthy Glow, Nourishing After Shower & Bath Oil, 8.5 fl. oz</p><p>$8.86 ($1.04 / Fl Oz)</p><a href="https://www.amazon.com/dp/B001B0ZZFS?tag=eloabder-20&linkCode=osi&th=1&psc=1">View Product</a></div><div class="product"><a href="https://www.amazon.com/dp/B0CFSVH4L7?tag=eloabder-20&linkCode=osi&th=1&psc=1"><img src="https://m.media-amazon.com/images/I/31VtRL8qSpL._SL500_.jpg" alt="Product Image"></a><p>Saltair - Santal Bloom Body Oil - Nourishing Body Moisturizer</p><p>$22.00 ($5.50 / Fl Oz)</p><a href="https://www.amazon.com/dp/B0CFSVH4L7?tag=eloabder-20&linkCode=osi&th=1&psc=1">View Product</a></div><div class="product"><a href="https://www.amazon.com/dp/B089NCFBQZ?tag=eloabder-20&linkCode=osi&th=1&psc=1"><img src="https://m.media-amazon.com/images/I/41WGBM4YipL._SL500_.jpg" alt="Product Image"></a><p>Vaseline Illuminate Me Shimmering Body Oil Created for Melanin Rich Skin, Illuminates Skin with Finishing Touch of Shimmer for Glowing Skin 3.3 oz</p><p>$8.75 ($2.65 / Fl Oz)</p><a href="https://www.amazon.com/dp/B089NCFBQZ?tag=eloabder-20&linkCode=osi&th=1&psc=1">View Product</a></div><div class="product"><a href="https://www.amazon.com/dp/B076MGQ5SW?tag=eloabder-20&linkCode=osi&th=1&psc=1"><img src="https://m.media-amazon.com/images/I/31i7GSTXsoL._SL500_.jpg" alt="Product Image"></a><p>SheaMoisture Daily Hydration Body Oil Virgin Coconut Oil For Dry Skin Paraben Free 8 oz</p><p>$8.93 ($1.12 / Fl Oz)</p><a href="https://www.amazon.com/dp/B076MGQ5SW?tag=eloabder-20&linkCode=osi&th=1&psc=1">View Product</a></div>
<div class="product"><a href="https://www.amazon.com/dp/B07GJR4KXM?tag=eloabder-20&linkCode=osi&th=1&psc=1"><img src="https://m.media-amazon.com/images/I/41Zl1DjrGpL._SL500_.jpg" alt="Product Image"></a><p>Brooklyn Botany Brown Sugar Body Scrub - Moisturizing and Exfoliating Body, Face, Hand, Foot Scrub - Fights Acne, Fine Lines & Wrinkles, Great Gifts For Women & Men - 10 oz</p><p>$9.99 ($1.00 / Ounce)</p><a href="https://www.amazon.com/dp/B07GJR4KXM?tag=eloabder-20&linkCode=osi&th=1&psc=1">View Product</a></div><div class="product"><a href="https://www.amazon.com/dp/B095Z7HQP3?tag=eloabder-20&linkCode=osi&th=1&psc=1"><img src="https://m.media-amazon.com/images/I/31oWHQkNovL._SL500_.jpg" alt="Product Image"></a><p>First Aid Beauty KP Bump Eraser Body Scrub Exfoliant for Keratosis Pilaris with 10% AHA 4 oz.</p><p>$20.00 ($5.00 / Ounce)</p><a href="https://www.amazon.com/dp/B095Z7HQP3?tag=eloabder-20&linkCode=osi&th=1&psc=1">View Product</a></div><div class="product"><a href="https://www.amazon.com/dp/B0CQLTP6JM?tag=eloabder-20&linkCode=osi&th=1&psc=1"><img src="https://m.media-amazon.com/images/I/41oU0wGhtHL._SL500_.jpg" alt="Product Image"></a><p>Elvira KP Bump Eraser Body Scrub, Exfoliating Body Scrub for Keratosis Pilaris, Smooth Skin with 10% AHA/BHA & Niacinamide, Moisturizing and Brightening, Body Skin Care Products, Deep Cleansing - 7 oz</p><p>$16.99 ($2.43 / Fl Oz)</p><a href="https://www.amazon.com/dp/B0CQLTP6JM?tag=eloabder-20&linkCode=osi&th=1&psc=1">View Product</a></div><div class="product"><a href="https://www.amazon.com/dp/B09VH79Z17?tag=eloabder-20&linkCode=osi&th=1&psc=1"><img src="https://m.media-amazon.com/images/I/41VgTZ12TwL._SL500_.jpg" alt="Product Image"></a><p>Dr Teal's Shea Sugar Body Scrub, Shea Butter with Almond Oil & Essential Oils, 19 oz (Pack of 3) (Packaging May Vary)</p><p>$20.94 ($0.37 / Ounce)</p><a href="https://www.amazon.com/dp/B09VH79Z17?tag=eloabder-20&linkCode=osi&th=1&psc=1">View Product</a></div>
<div class="product"><a href="https://www.amazon.com/dp/B0BVBZPX9B?tag=eloabder-20&linkCode=osi&th=1&psc=1"><img src="https://m.media-amazon.com/images/I/61Y09jlKZkL._SL500_.jpg" alt="Product Image"></a><p>Dove Deep Moisture Body Wash 30.6 Fl Oz Pack of 3 with Pump, Luxurious Hydration for Dry Skin, Cleanser with 24hr Renewing MicroMoisture</p><p>$23.22 ($0.25 / Fl Oz)</p><a href="https://www.amazon.com/dp/B0BVBZPX9B?tag=eloabder-20&linkCode=osi&th=1&psc=1">View Product</a></div><div class="product"><a href="https://www.amazon.com/dp/B0BT1VXDGD?tag=eloabder-20&linkCode=osi&th=1&psc=1"><img src="https://m.media-amazon.com/images/I/217eAv7yKyL._SL500_.jpg" alt="Product Image"></a><p>Method Body Wash, Pure Peace, Paraben and Phthalate Free, Biodegradable Formula, 28 oz (Pack of 1)</p><p>$11.48 ($0.41 / Fl Oz)</p><a href="https://www.amazon.com/dp/B0BT1VXDGD?tag=eloabder-20&linkCode=osi&th=1&psc=1">View Product</a></div><div class="product"><a href="https://www.amazon.com/dp/B0BVBYQGTW?tag=eloabder-20&linkCode=osi&th=1&psc=1"><img src="https://m.media-amazon.com/images/I/61En44WjwPL._SL500_.jpg" alt="Product Image"></a><p>Dove Body Wash with Pump Sensitive Skin 3 Count Hypoallergenic, Paraben-Free, Sulfate-Free, Cruelty-Free, Moisturizing Skin Cleanser Effectively Washes Away Bacteria While Nourishing Skin 30.6 oz</p><p>$23.22 ($0.25 / Fl Oz)</p><a href="https://www.amazon.com/dp/B0BVBYQGTW?tag=eloabder-20&linkCode=osi&th=1&psc=1">View Product</a></div><div class="product"><a href="https://www.amazon.com/dp/B0CGY5BLBW?tag=eloabder-20&linkCode=osi&th=1&psc=1"><img src="https://m.media-amazon.com/images/I/61X7MjVU6uL._SL500_.jpg" alt="Product Image"></a><p>Dove Exfoliating Body Wash Glow Recharge Energizes & illuminates skin 3% brightening serum with vitamin C 18.5 oz</p><p>$9.79 ($0.53 / Fl Oz)</p><a href="https://www.amazon.com/dp/B0CGY5BLBW?tag=eloabder-20&linkCode=osi&th=1&psc=1">View Product</a></div><div class="product"><a href="https://www.amazon.com/dp/B082QB23YG?tag=eloabder-20&linkCode=osi&th=1&psc=1"><img src="https://m.media-amazon.com/images/I/31QPAuuaLwL._SL500_.jpg" alt="Product Image"></a><p>NIVEA Refreshing White Peach and Jasmine Body Wash, Scented Body Wash with Nourishing Serum, Plant-Derived Oils, Essential Skin Lipids and Vitamins, 20 Fl Oz Bottle</p><p>$4.89 ($0.24 / Fl Oz)</p><a href="https://www.amazon.com/dp/B082QB23YG?tag=eloabder-20&linkCode=osi&th=1&psc=1">View Product</a></div><div class="product"><a href="https://www.amazon.com/dp/B0BHH1LBX2?tag=eloabder-20&linkCode=osi&th=1&psc=1"><img src="https://m.media-amazon.com/images/I/41aG-jLyOqL._SL500_.jpg" alt="Product Image"></a><p>Olay Ultra Rich Moisture Body Wash for Women, Deeply Nourishes, Vitamin B3 Complex, Clinically Proven, Shea Butter Scent, 22 fl oz (Pack of 4)</p><p>$26.95 ($0.31 / Fl Oz)</p><a href="https://www.amazon.com/dp/B0BHH1LBX2?tag=eloabder-20&linkCode=osi&th=1&psc=1">View Product</a></div><div class="product"><a href="https://www.amazon.com/dp/B0BVBYDTZ6?tag=eloabder-20&linkCode=osi&th=1&psc=1"><img src="https://m.media-amazon.com/images/I/61UbJzK8yIL._SL500_.jpg" alt="Product Image"></a><p>Dove Body Wash with Pump Refreshing Cucumber and Green Tea 3 Count Refreshes Skin Cleanser That Effectively Washes Away Bacteria While Nourishing Your Skin 30.6 oz</p><p>$29.91 ($0.33 / Fl Oz)</p><a href="https://www.amazon.com/dp/B0BVBYDTZ6?tag=eloabder-20&linkCode=osi&th=1&psc=1">View Product</a></div><div class="product"><a href="https://www.amazon.com/dp/B082QC2MCX?tag=eloabder-20&linkCode=osi&th=1&psc=1"><img src="https://m.media-amazon.com/images/I/31ohT5XH1TS._SL500_.jpg" alt="Product Image"></a><p>NIVEA Shea Butter Nourishing Body Wash, Moisturizing Body Wash with Nourishing Serum, Plant-Derived Oils, Essential Skin Lipids and Vitamins, 20 Fl Oz Bottle</p><p>$5.29 ($0.26 / Fl Oz)</p><a href="https://www.amazon.com/dp/B082QC2MCX?tag=eloabder-20&linkCode=osi&th=1&psc=1">View Product</a></div><div class="product"><a href="https://www.amazon.com/dp/B07FD24RTR?tag=eloabder-20&linkCode=osi&th=1&psc=1"><img src="https://m.media-amazon.com/images/I/31klAgInvXL._SL500_.jpg" alt="Product Image"></a><p>Aveeno Stress Relief Body Wash with Soothing Oat for Sensitive Skin, Lavender Body Wash to help you feel Calm and Relaxed, Sulfate-Free, 33 FL OZ</p><p>$13.48 ($0.41 / Fl Oz)</p><a href="https://www.amazon.com/dp/B07FD24RTR?tag=eloabder-20&linkCode=osi&th=1&psc=1">View Product</a></div><div class="product"><a href="https://www.amazon.com/dp/B082QBPDJC?tag=eloabder-20&linkCode=osi&th=1&psc=1"><img src="https://m.media-amazon.com/images/I/31tC4JDwHQL._SL500_.jpg" alt="Product Image"></a><p>NIVEA Coconut and Almond Milk Pampering Body Wash, Moisturizing Body Wash with Nourishing Serum, Plant-Derived Oils, Essential Skin Lipids and Vitamins, 20 Fl Oz Bottle</p><p>$4.99 ($0.25 / Fl Oz)</p><a href="https://www.amazon.com/dp/B082QBPDJC?tag=eloabder-20&linkCode=osi&th=1&psc=1">View Product</a></div>
<div class="product"><a href="https://www.amazon.com/dp/B0BNQWFWLF?tag=eloabder-20&linkCode=osi&th=1&psc=1"><img src="https://m.media-amazon.com/images/I/41trFLlJ04L._SL500_.jpg" alt="Product Image"></a><p>Neutrogena Rainbath Body Wash, Refreshing, Moisturizing Daily Body Cleanser and Shaving Gel with Clean Rinsing Lather, Original Scent, 32 fl. Oz</p><p>$15.98 ($0.50 / Fl Oz)</p><a href="https://www.amazon.com/dp/B0BNQWFWLF?tag=eloabder-20&linkCode=osi&th=1&psc=1">View Product</a></div><div class="product"><a href="https://www.amazon.com/dp/B0BT1WN3ZD?tag=eloabder-20&linkCode=osi&th=1&psc=1"><img src="https://m.media-amazon.com/images/I/21GMn0pFzCL._SL500_.jpg" alt="Product Image"></a><p>Method Body Wash, Sea + Surf, Paraben and Phthalate Free, Biodegradable Formula, 28 oz, (Pack of 1)</p><p>$11.48 ($0.41 / Fl Oz)</p><a href="https://www.amazon.com/dp/B0BT1WN3ZD?tag=eloabder-20&linkCode=osi&th=1&psc=1">View Product</a></div><div class="product"><a href="https://www.amazon.com/dp/B09M7SPFSJ?tag=eloabder-20&linkCode=osi&th=1&psc=1"><img src="https://m.media-amazon.com/images/I/31bOOl+IL6L._SL500_.jpg" alt="Product Image"></a><p>Ivory Mild & Gentle Body Wash, Original Scent, 35oz</p><p>$5.97 ($0.17 / Ounce)</p><a href="https://www.amazon.com/dp/B09M7SPFSJ?tag=eloabder-20&linkCode=osi&th=1&psc=1">View Product</a></div><div class="product"><a href="https://www.amazon.com/dp/B0CK4YS1SV?tag=eloabder-20&linkCode=osi&th=1&psc=1"><img src="https://m.media-amazon.com/images/I/518js3kBNfL._SL500_.jpg" alt="Product Image"></a><p>Dr Teal's Body Wash with Pure Epsom Salt, Relax & Relief with Eucalyptus & Spearmint, 24 fl oz (Pack of 2) (Packaging May Vary)</p><p>$11.74 ($0.24 / Fl Oz)</p><a href="https://www.amazon.com/dp/B0CK4YS1SV?tag=eloabder-20&linkCode=osi&th=1&psc=1">View Product</a></div><div class="product"><a href="https://www.amazon.com/dp/B0CNL19TQG?tag=eloabder-20&linkCode=osi&th=1&psc=1"><img src="https://m.media-amazon.com/images/I/61kqkkFXOkL._SL500_.jpg" alt="Product Image"></a><p>Dove Men+Care Body Wash Eucalyptus + Cedar Oil to Rebuild Skin in the Shower with Plant-Based Cleansers and Moisturizers 26 oz</p><p>$9.99 ($0.38 / Fl Oz)</p><a href="https://www.amazon.com/dp/B0CNL19TQG?tag=eloabder-20&linkCode=osi&th=1&psc=1">View Product</a></div><div class="product"><a href="https://www.amazon.com/dp/B01IMEJV5U?tag=eloabder-20&linkCode=osi&th=1&psc=1"><img src="https://m.media-amazon.com/images/I/41q8gXtf06S._SL500_.jpg" alt="Product Image"></a><p>OGX Extra Creamy + Coconut Miracle Oil Ultra Moisture Body Wash, 19.5 Fl Oz</p><p>$6.57 ($0.34 / Fl Oz)</p><a href="https://www.amazon.com/dp/B01IMEJV5U?tag=eloabder-20&linkCode=osi&th=1&psc=1">View Product</a></div>
<div class="product"><a href="https://www.amazon.com/dp/B00A8S6HM4?tag=eloabder-20&linkCode=osi&th=1&psc=1"><img src="https://m.media-amazon.com/images/I/31tIssP5CQL._SL500_.jpg" alt="Product Image"></a><p>Gold Bond Healing Hand Cream, 3 oz., With Aloe, Moisture That Lasts Through Handwashing</p><p>$3.97 ($1.32 / Ounce)</p><a href="https://www.amazon.com/dp/B00A8S6HM4?tag=eloabder-20&linkCode=osi&th=1&psc=1">View Product</a></div><div class="product"><a href="https://www.amazon.com/dp/B006UEOQ5K?tag=eloabder-20&linkCode=osi&th=1&psc=1"><img src="https://m.media-amazon.com/images/I/316StCvRHcL._SL500_.jpg" alt="Product Image"></a><p>L’Occitane Shea Butter Hand Cream 5.1 Oz: Nourishes Very Dry Hands, Protects Skin, With 20% Organic Shea Butter, Vegan, 1 Sold Every 3 Seconds*</p><p>$27.00</p><a href="https://www.amazon.com/dp/B006UEOQ5K?tag=eloabder-20&linkCode=osi&th=1&psc=1">View Product</a></div><div class="product"><a href="https://www.amazon.com/dp/B00EYOSA9G?tag=eloabder-20&linkCode=osi&th=1&psc=1"><img src="https://m.media-amazon.com/images/I/41bhc+gcG0L._SL500_.jpg" alt="Product Image"></a><p>La Roche-Posay Cicaplast Hand Cream, Instant Relief Moisturizing Dry Hands Shea Butter Lotion for Dry Cracked Hands, Non Greasy, Fragrance Free, 1.69 Fl Oz (Pack of 1)</p><p>$11.99 ($7.05 / Fl Oz)</p><a href="https://www.amazon.com/dp/B00EYOSA9G?tag=eloabder-20&linkCode=osi&th=1&psc=1">View Product</a></div><div class="product"><a href="https://www.amazon.com/dp/B00BN2UF54?tag=eloabder-20&linkCode=osi&th=1&psc=1"><img src="https://m.media-amazon.com/images/I/41JdUlyNn5L._SL500_.jpg" alt="Product Image"></a><p>CeraVe Therapeutic Hand Cream for Dry Cracked Hands With Hyaluronic Acid and Niacinamide | Fragrance Free 3 Ounce</p><p>$10.47 ($3.49 / Ounce)</p><a href="https://www.amazon.com/dp/B00BN2UF54?tag=eloabder-20&linkCode=osi&th=1&psc=1">View Product</a></div><div class="product"><a href="https://www.amazon.com/dp/B09QP658PT?tag=eloabder-20&linkCode=osi&th=1&psc=1"><img src="https://m.media-amazon.com/images/I/31W-klVFPhL._SL500_.jpg" alt="Product Image"></a><p>eos Shea Better Hand Cream - Vanilla Cashmere | Instant Hydration + Lasting Protection | 2.5 oz</p><p>$3.97 ($1.59 / Fl Oz)</p><a href="https://www.amazon.com/dp/B09QP658PT?tag=eloabder-20&linkCode=osi&th=1&psc=1">View Product</a></div><div class="product"><a href="https://www.amazon.com/dp/B00121UVU0?tag=eloabder-20&linkCode=osi&th=1&psc=1"><img src="https://m.media-amazon.com/images/I/41eeed+P5BL._SL500_.jpg" alt="Product Image"></a><p>O'Keeffe's Working Hands Hand Cream for Extremely Dry, Cracked Hands, 3.4 Ounce Jar, (Pack 1)</p><p>$8.48 ($2.49 / Ounce)</p><a href="https://www.amazon.com/dp/B00121UVU0?tag=eloabder-20&linkCode=osi&th=1&psc=1">View Product</a></div><div class="product"><a href="https://www.amazon.com/dp/B0148PKYXU?tag=eloabder-20&linkCode=osi&th=1&psc=1"><img src="https://m.media-amazon.com/images/I/41cwut0DGKL._SL500_.jpg" alt="Product Image"></a><p>O'Keeffe's Working Hands Hand Cream, Relieves and Repairs Extremely Dry Hands, 3 oz Tube, (Pack of 2)</p><p>$15.17 ($2.53 / Ounce)</p><a href="https://www.amazon.com/dp/B0148PKYXU?tag=eloabder-20&linkCode=osi&th=1&psc=1">View Product</a></div><div class="product"><a href="https://www.amazon.com/dp/B08Q1B7DVZ?tag=eloabder-20&linkCode=osi&th=1&psc=1"><img src="https://m.media-amazon.com/images/I/41KbVXj2k4L._SL500_.jpg" alt="Product Image"></a><p>Neutrogena Norwegian Formula Moisturizing Hand Cream Formulated with Glycerin for Dry, Rough Hands, Fragrance-Free Intensive Hand Lotion, 2 oz, Pack of 6</p><p>$32.94 ($2.74 / Ounce)</p><a href="https://www.amazon.com/dp/B08Q1B7DVZ?tag=eloabder-20&linkCode=osi&th=1&psc=1">View Product</a></div><div class="product"><a href="https://www.amazon.com/dp/B002PK0ROM?tag=eloabder-20&linkCode=osi&th=1&psc=1"><img src="https://m.media-amazon.com/images/I/51ACxQvzcbL._SL500_.jpg" alt="Product Image"></a><p>Burt's Bees Almond & Milk Hand Cream, 2 Oz (Package May Vary)</p><p>$8.84 ($4.42 / Ounce)</p><a href="https://www.amazon.com/dp/B002PK0ROM?tag=eloabder-20&linkCode=osi&th=1&psc=1">View Product</a></div><div class="product"><a href="https://www.amazon.com/dp/B09YYZWSSY?tag=eloabder-20&linkCode=osi&th=1&psc=1"><img src="https://m.media-amazon.com/images/I/31iud1lgyFL._SL500_.jpg" alt="Product Image"></a><p>Gold Bond Age Renew Crepe Corrector Hand Cream, Replenishing & Smoothing Formula, 3 oz.</p><p>$5.98 ($1.99 / Ounce)</p><a href="https://www.amazon.com/dp/B09YYZWSSY?tag=eloabder-20&linkCode=osi&th=1&psc=1">View Product</a></div>
<div class="product"><a href="https://www.amazon.com/dp/B0002QB9NE?tag=eloabder-20&linkCode=osi&th=1&psc=1"><img src="https://m.media-amazon.com/images/I/416vf0q0uqL._SL500_.jpg" alt="Product Image"></a><p>O'Keeffe's for Healthy Feet Foot Cream, Guaranteed Relief for Extremely Dry, Cracked Feet, Instantly Boosts Moisture Levels, 3.2 Ounce Jar, (Pack of 1)</p><p>$9.01 ($2.82 / Ounce)</p><a href="https://www.amazon.com/dp/B0002QB9NE?tag=eloabder-20&linkCode=osi&th=1&psc=1">View Product</a></div><div class="product"><a href="https://www.amazon.com/dp/B082TSRP9J?tag=eloabder-20&linkCode=osi&th=1&psc=1"><img src="https://m.media-amazon.com/images/I/51coMhCd1ML._SL500_.jpg" alt="Product Image"></a><p>Ebanel Urea Cream 40% plus Salicylic Acid 2%, Foot Cream for Dry Cracked Heels Feet Knees Elbows Hands, Foot Dead Skin Cuticle Callus Remover Toenail Softener, Keratolytic Skin Barrier Repair Cream</p><p>$15.95 ($3.47 / Ounce)</p><a href="https://www.amazon.com/dp/B082TSRP9J?tag=eloabder-20&linkCode=osi&th=1&psc=1">View Product</a></div><div class="product"><a href="https://www.amazon.com/dp/B08YZBKZPB?tag=eloabder-20&linkCode=osi&th=1&psc=1"><img src="https://m.media-amazon.com/images/I/41ktbxpRfPL._SL500_.jpg" alt="Product Image"></a><p>Dr. Scholl's Dry, Cracked Foot Repair Ultra-Hydrating Foot Cream Moisturizer, 3.5 oz, Skin Care Foot Lotion with 25% Urea for Dry Cracked Feet, Heals and Moisturizes for Healthy Feet</p><p>$5.89 ($1.68 / Ounce)</p><a href="https://www.amazon.com/dp/B08YZBKZPB?tag=eloabder-20&linkCode=osi&th=1&psc=1">View Product</a></div><div class="product"><a href="https://www.amazon.com/dp/B0859JFWDT?tag=eloabder-20&linkCode=osi&th=1&psc=1"><img src="https://m.media-amazon.com/images/I/51JZjw73KSL._SL500_.jpg" alt="Product Image"></a><p>New York Biology Tea Tree Oil Foot Cream for Dry Cracked Feet, Athletes Foot, Nail Fungus, Jock Itch, Ringworm, Cracked Heels and Itchy Skin - Foot Cream - 8 oz</p><p>$9.99 ($1.25 / Ounce)</p><a href="https://www.amazon.com/dp/B0859JFWDT?tag=eloabder-20&linkCode=osi&th=1&psc=1">View Product</a></div><div class="product"><a href="https://www.amazon.com/dp/B09854CPGD?tag=eloabder-20&linkCode=osi&th=1&psc=1"><img src="https://m.media-amazon.com/images/I/31CmRbfOBBL._SL500_.jpg" alt="Product Image"></a><p>OUKEYA Urea Cream 40 Percent, Urea Foot & Hand Cream for Dry Cracked, 40 per Urea Lotion for Feet Maximum Strength</p><p>$9.59 ($1.81 / Ounce)</p><a href="https://www.amazon.com/dp/B09854CPGD?tag=eloabder-20&linkCode=osi&th=1&psc=1">View Product</a></div><div class="product"><a href="https://www.amazon.com/dp/B0081C2I22?tag=eloabder-20&linkCode=osi&th=1&psc=1"><img src="https://m.media-amazon.com/images/I/41f3N9+RSFL._SL500_.jpg" alt="Product Image"></a><p>Palmer's Cocoa Butter Formula Foot Magic Moisturizing Foot Cream for Dry, Cracked Heels, Feet Moisturizer with Peppermint Oil & Vitamin E, 2.1 Ounces</p><p>$4.22 ($2.01 / Ounce)</p><a href="https://www.amazon.com/dp/B0081C2I22?tag=eloabder-20&linkCode=osi&th=1&psc=1">View Product</a></div><div class="product"><a href="https://www.amazon.com/dp/B072VSYFNY?tag=eloabder-20&linkCode=osi&th=1&psc=1"><img src="https://m.media-amazon.com/images/I/41mzQGUdFmL._SL500_.jpg" alt="Product Image"></a><p>O'Keeffe's Healthy Feet Intense Renewal Cream with Alpha Hydroxy Acid, Softens and Exfoliates Extremely Dry, Callused Feet, 3oz Tube (Pack of 1)</p><p>$8.77 ($2.92 / Ounce)</p><a href="https://www.amazon.com/dp/B072VSYFNY?tag=eloabder-20&linkCode=osi&th=1&psc=1">View Product</a></div><div class="product"><a href="https://www.amazon.com/dp/B087N7QYN1?tag=eloabder-20&linkCode=osi&th=1&psc=1"><img src="https://m.media-amazon.com/images/I/41AOHWv5UaL._SL500_.jpg" alt="Product Image"></a><p>O'Keeffe's for Healthy Feet Foot Cream, Guaranteed Relief for Extremely Dry, Cracked Feet, Instantly Boosts Moisture Levels, 6.4 Ounce Jar, Value Size, (Pack of 1)</p><p>$15.09 ($2.36 / Ounce)</p><a href="https://www.amazon.com/dp/B087N7QYN1?tag=eloabder-20&linkCode=osi&th=1&psc=1">View Product</a></div><div class="product"><a href="https://www.amazon.com/dp/B07CKKQWSN?tag=eloabder-20&linkCode=osi&th=1&psc=1"><img src="https://m.media-amazon.com/images/I/513WcwplzkL._SL500_.jpg" alt="Product Image"></a><p>Profoot Heel Rescue Foot Cream 16 Ounce Bottle, 2 Pack, for Cracked, Calloused or Chapped Skin</p><p>$13.92 ($0.44 / Ounce)</p><a href="https://www.amazon.com/dp/B07CKKQWSN?tag=eloabder-20&linkCode=osi&th=1&psc=1">View Product</a></div>
<div class="product"><a href="https://www.amazon.com/dp/B0CS2XBMG5?tag=eloabder-20&linkCode=osi&th=1&psc=1"><img src="https://m.media-amazon.com/images/I/41SVGjvtkXL._SL500_.jpg" alt="Product Image"></a><p>SAVILAND Natural Cuticle Oil Pen: 12PCS Revitalizing Cuticle Oil for Nails with Vitamin E For Repair Cuticles Overnight Cuticle Softener Nail Strengthener Protector for Damaged Skin Thin Nail</p><p>$9.99 ($9.99 / Fl Oz)</p><a href="https://www.amazon.com/dp/B0CS2XBMG5?tag=eloabder-20&linkCode=osi&th=1&psc=1">View Product</a></div><div class="product"><a href="https://www.amazon.com/dp/B0037MIMLW?tag=eloabder-20&linkCode=osi&th=1&psc=1"><img src="https://m.media-amazon.com/images/I/41M3z8vrUzL._SL500_.jpg" alt="Product Image"></a><p>CND SolarOil Cuticle Oil, Natural Blend Of Jojoba, Vitamin E, Rice Bran and Sweet Almond Oils, Moisturizes and Conditions Skin, Pack Of 1, 0.25 oz.</p><p>$9.90 ($49.50 / Fl Oz)</p><a href="https://www.amazon.com/dp/B0037MIMLW?tag=eloabder-20&linkCode=osi&th=1&psc=1">View Product</a></div><div class="product"><a href="https://www.amazon.com/dp/B09K3VX6XB?tag=eloabder-20&linkCode=osi&th=1&psc=1"><img src="https://m.media-amazon.com/images/I/41KQk0SauIL._SL500_.jpg" alt="Product Image"></a><p>modelones Cuticle Oil for Nails 15ml Natural Nail Oil for Growth and Strength Damaged Nails Vitamin E Revitalizing Essential Oils Cuticle Care</p><p>$8.99 ($17.63 / Fl Oz)</p><a href="https://www.amazon.com/dp/B09K3VX6XB?tag=eloabder-20&linkCode=osi&th=1&psc=1">View Product</a></div><div class="product"><a href="https://www.amazon.com/dp/B072C4GT6P?tag=eloabder-20&linkCode=osi&th=1&psc=1"><img src="https://m.media-amazon.com/images/I/31AcTRIcNCL._SL500_.jpg" alt="Product Image"></a><p>OPI ProSpa Nail and Cuticle Oil To Go, 0.25 fl oz</p><p>$11.49 ($45.96 / Fl Oz)</p><a href="https://www.amazon.com/dp/B072C4GT6P?tag=eloabder-20&linkCode=osi&th=1&psc=1">View Product</a></div><div class="product"><a href="https://www.amazon.com/dp/B0725XWF6R?tag=eloabder-20&linkCode=osi&th=1&psc=1"><img src="https://m.media-amazon.com/images/I/3167QE6enxL._SL500_.jpg" alt="Product Image"></a><p>OPI ProSpa Nail and Cuticle Oil, 0.29 fl oz</p><p>$10.82 ($37.31 / Fl Oz)</p><a href="https://www.amazon.com/dp/B0725XWF6R?tag=eloabder-20&linkCode=osi&th=1&psc=1">View Product</a></div><div class="product"><a href="https://www.amazon.com/dp/B0CN65Q5LD?tag=eloabder-20&linkCode=osi&th=1&psc=1"><img src="https://m.media-amazon.com/images/I/41ixcyjMHNL._SL500_.jpg" alt="Product Image"></a><p>NXJ INFILILA Cuticle Oil Bulk 3.3 Fl Oz, 100Pcs Mini Cuticle Oil for Nails, Hydrating Cuticle Care Product Ttravel Size for Repaired Cuticles Overnight, Cuticle Repair and Nail Care (Milk & Honey)</p><p>$9.99 ($0.10 / Count)</p><a href="https://www.amazon.com/dp/B0CN65Q5LD?tag=eloabder-20&linkCode=osi&th=1&psc=1">View Product</a></div><div class="product"><a href="https://www.amazon.com/dp/B0B29JZ5KL?tag=eloabder-20&linkCode=osi&th=1&psc=1"><img src="https://m.media-amazon.com/images/I/41c+VvEUnZL._SL500_.jpg" alt="Product Image"></a><p>C CARE Lavender and chamomile Cuticle Oil For Nails - Repairs Cuticles Overnight - Moisturizes and Strengthens Nails and Cuticles - Dropper & Brush included - 2.5oz</p><p>$9.99 ($4.00 / Fl Oz)</p><a href="https://www.amazon.com/dp/B0B29JZ5KL?tag=eloabder-20&linkCode=osi&th=1&psc=1">View Product</a></div>
<div class="product"><a href="https://www.amazon.com/dp/B0CMHSNYG8?tag=eloabder-20&linkCode=osi&th=1&psc=1"><img src="https://m.media-amazon.com/images/I/51iVcKQ6eIL._SL500_.jpg" alt="Product Image"></a><p>JODSONE Gel Nail Set 20 Colors High Shine Gorgeous Gel Polish Base Top Matte Coat Nice Gifts Show Charm</p><p>$19.99</p><a href="https://www.amazon.com/dp/B0CMHSNYG8?tag=eloabder-20&linkCode=osi&th=1&psc=1">View Product</a></div><div class="product"><a href="https://www.amazon.com/dp/B09KC56289?tag=eloabder-20&linkCode=osi&th=1&psc=1"><img src="https://m.media-amazon.com/images/I/51M-P1nM7QL._SL500_.jpg" alt="Product Image"></a><p>JODSONE 36 PCS Gel Nail Polish Set-32 Colors Gel Polish Kit Base Coat Glossy Matte and Glitter Top Coat Nail Polish Set Green Blue Red Pink Collection Gifts for Women</p><p>$25.99</p><a href="https://www.amazon.com/dp/B09KC56289?tag=eloabder-20&linkCode=osi&th=1&psc=1">View Product</a></div><div class="product"><a href="https://www.amazon.com/dp/B0987JZSP8?tag=eloabder-20&linkCode=osi&th=1&psc=1"><img src="https://m.media-amazon.com/images/I/31VZYZfCKbL._SL500_.jpg" alt="Product Image"></a><p>OPI Nature Strong Vegan Nail Polish, Knowledge is Flower, Pink Nail Polish, Natural Origin, Cruelty-Free Nail Lacquer, 0.5 fl oz.</p><p>$12.99 ($25.98 / Fl Oz)</p><a href="https://www.amazon.com/dp/B0987JZSP8?tag=eloabder-20&linkCode=osi&th=1&psc=1">View Product</a></div><div class="product"><a href="https://www.amazon.com/dp/B00GXVVDG0?tag=eloabder-20&linkCode=osi&th=1&psc=1"><img src="https://m.media-amazon.com/images/I/21vF-y2FfJL._SL500_.jpg" alt="Product Image"></a><p>Essie Nail Polish, Salon-Quality, 8-free Vegan, Finish, Mademoiselle, 0.46 Ounces (Packaging May Vary) Sheer Pink</p><p>$8.97</p><a href="https://www.amazon.com/dp/B00GXVVDG0?tag=eloabder-20&linkCode=osi&th=1&psc=1">View Product</a></div><div class="product"><a href="https://www.amazon.com/dp/B00149RO2S?tag=eloabder-20&linkCode=osi&th=1&psc=1"><img src="https://m.media-amazon.com/images/I/411K8WtBjML._SL500_.jpg" alt="Product Image"></a><p>OPI Nail Lacquer, Black Cherry Chutney, Red Nail Polish, 0.5 fl oz</p><p>$11.99 ($23.98 / Fl Oz)</p><a href="https://www.amazon.com/dp/B00149RO2S?tag=eloabder-20&linkCode=osi&th=1&psc=1">View Product</a></div>
<div class="product"><a href="https://www.amazon.com/dp/B07TLZDSWR?tag=eloabder-20&linkCode=osi&th=1&psc=1"><img src="https://m.media-amazon.com/images/I/31lsbbYkXFL._SL500_.jpg" alt="Product Image"></a><p>Pronto 100% Pure Acetone - Quick, Professional Nail Polish Remover - For Natural, Gel, Acrylic, Sculptured Nails (8 FL. OZ.)</p><p>$9.99 ($1.25 / Fl Oz)</p><a href="https://www.amazon.com/dp/B07TLZDSWR?tag=eloabder-20&linkCode=osi&th=1&psc=1">View Product</a></div><div class="product"><a href="https://www.amazon.com/dp/B08N2XBP1D?tag=eloabder-20&linkCode=osi&th=1&psc=1"><img src="https://m.media-amazon.com/images/I/41SDa89WDxL._SL500_.jpg" alt="Product Image"></a><p>Mineral Fusion Nail Polish Remover, 6 fl oz, 2 count</p><p>$16.50</p><a href="https://www.amazon.com/dp/B08N2XBP1D?tag=eloabder-20&linkCode=osi&th=1&psc=1">View Product</a></div><div class="product"><a href="https://www.amazon.com/dp/B004KJ7AGE?tag=eloabder-20&linkCode=osi&th=1&psc=1"><img src="https://m.media-amazon.com/images/I/41jL3jJJEEL._SL500_.jpg" alt="Product Image"></a><p>Super Nail Pure Acetone Polish Remover, 8 Fl Oz</p><p>$6.25</p><a href="https://www.amazon.com/dp/B004KJ7AGE?tag=eloabder-20&linkCode=osi&th=1&psc=1">View Product</a></div><div class="product"><a href="https://www.amazon.com/dp/B0CQLWZGQC?tag=eloabder-20&linkCode=osi&th=1&psc=1"><img src="https://m.media-amazon.com/images/I/51RNLfN+X4L._SL500_.jpg" alt="Product Image"></a><p>Morovan Gel Nail Polish Remover Kit: Gel Polish Remover for Nails with Liquid Latex Tape Peel off Nail Strengthener Cuticle Pusher Quick & Easy Gel Remover for Nails in 3-5 mins No Soaking Or Wrapping</p><p>$9.99</p><a href="https://www.amazon.com/dp/B0CQLWZGQC?tag=eloabder-20&linkCode=osi&th=1&psc=1">View Product</a></div><div class="product"><a href="https://www.amazon.com/dp/B09Z2V94LY?tag=eloabder-20&linkCode=osi&th=1&psc=1"><img src="https://m.media-amazon.com/images/I/41aI3wwnE3L._SL500_.jpg" alt="Product Image"></a><p>Gel Nail Polish Remover 1pcs, Professional Gel Polish Remover for Nails, No Need for Foil, Quick & Easy Polish Remover In 2-3 Minutes, No Need Soaking Or Wrapping-15ml</p><p>$9.99</p><a href="https://www.amazon.com/dp/B09Z2V94LY?tag=eloabder-20&linkCode=osi&th=1&psc=1">View Product</a></div><div class="product"><a href="https://www.amazon.com/dp/B07STW4VR3?tag=eloabder-20&linkCode=osi&th=1&psc=1"><img src="https://m.media-amazon.com/images/I/41H-8Xsu7OL._SL500_.jpg" alt="Product Image"></a><p>Butter LONDON Nail Polish Remover Pads, Nail Scrubbers (10 Count) - 2-in-1 Prep & Lacquer Remover Nail Wipes - Travel-Friendly Gel Fingernail Polish Remover - Cruelty-Free, Paraben-Free & Gluten-Free</p><p>$10.00 ($1.00 / Count)</p><a href="https://www.amazon.com/dp/B07STW4VR3?tag=eloabder-20&linkCode=osi&th=1&psc=1">View Product</a></div><div class="product"><a href="https://www.amazon.com/dp/B001DTZK0C?tag=eloabder-20&linkCode=osi&th=1&psc=1"><img src="https://m.media-amazon.com/images/I/31H2xmoYh2L._SL500_.jpg" alt="Product Image"></a><p>ZOYA Remove Plus 3 in 1 Formula - Liquid Polish Remover, Nail Cleaner, Nail Prep, 8 Fl Oz</p><p>$12.00 ($1.50 / Fl Oz)</p><a href="https://www.amazon.com/dp/B001DTZK0C?tag=eloabder-20&linkCode=osi&th=1&psc=1">View Product</a></div>
<div class="product"><a href="https://www.amazon.com/dp/B07F12SZDS?tag=eloabder-20&linkCode=osi&th=1&psc=1"><img src="https://m.media-amazon.com/images/I/415-o2OwWqL._SL500_.jpg" alt="Product Image"></a><p>Beetles 2 Pcs 15ml No Wipe Gel Top Coat and Base Coat Set - Shine Finish and Long Lasting, Soak Off LED Nail Lamp Gel Base Top Coat Finish Nail Art Design Manicure Gifts for Women</p><p>$7.99</p><a href="https://www.amazon.com/dp/B07F12SZDS?tag=eloabder-20&linkCode=osi&th=1&psc=1">View Product</a></div><div class="product"><a href="https://www.amazon.com/dp/B004220C6E?tag=eloabder-20&linkCode=osi&th=1&psc=1"><img src="https://m.media-amazon.com/images/I/41UDx4gfvEL._SL500_.jpg" alt="Product Image"></a><p>OPI Natural Nail Base Coat, Nail Polish Base Coat, 0.5 fl oz</p><p>$11.99 ($23.98 / Fl Oz)</p><a href="https://www.amazon.com/dp/B004220C6E?tag=eloabder-20&linkCode=osi&th=1&psc=1">View Product</a></div><div class="product"><a href="https://www.amazon.com/dp/B07KYNY7C4?tag=eloabder-20&linkCode=osi&th=1&psc=1"><img src="https://m.media-amazon.com/images/I/41nRG35oupL._SL500_.jpg" alt="Product Image"></a><p>essie nail care, vegan, clear base coat, strengthener, Strong Start, 0.46 fl oz</p><p>$9.28</p><a href="https://www.amazon.com/dp/B07KYNY7C4?tag=eloabder-20&linkCode=osi&th=1&psc=1">View Product</a></div><div class="product"><a href="https://www.amazon.com/dp/B0BX77172B?tag=eloabder-20&linkCode=osi&th=1&psc=1"><img src="https://m.media-amazon.com/images/I/41NS6hYFFYL._SL500_.jpg" alt="Product Image"></a><p>beetles Gel Polish Gel No Wipe Base Coat,15ml for Gel Nail Polish Soak Off LED Nail Lamp Gel Base Coat Upgraded Formula Long-Lasting DIY Home and Nail Salon</p><p>$6.99 ($13.71 / Fl Oz)</p><a href="https://www.amazon.com/dp/B0BX77172B?tag=eloabder-20&linkCode=osi&th=1&psc=1">View Product</a></div><div class="product"><a href="https://www.amazon.com/dp/B0BD4MMFVM?tag=eloabder-20&linkCode=osi&th=1&psc=1"><img src="https://m.media-amazon.com/images/I/414wIShbm+L._SL500_.jpg" alt="Product Image"></a><p>GAOY 16ml 2 Pcs Glassy Gel Top Coat and Base Coat Set,No Wipe Foundation Combination for UV Light Cure Nail Polish</p><p>$6.99</p><a href="https://www.amazon.com/dp/B0BD4MMFVM?tag=eloabder-20&linkCode=osi&th=1&psc=1">View Product</a></div><div class="product"><a href="https://www.amazon.com/dp/B08Z7JSXQ1?tag=eloabder-20&linkCode=osi&th=1&psc=1"><img src="https://m.media-amazon.com/images/I/41+02CKnU7L._SL500_.jpg" alt="Product Image"></a><p>modelones 2024 Upgrade Super Shiny Gel Top Coat, 15ml No Wipe Clear Glossy Gel Base and Top Coat Set, Soak Off Nail Lamp Acid Free Base Top Gel Nail Polish Starter Kit</p><p>$6.35</p><a href="https://www.amazon.com/dp/B08Z7JSXQ1?tag=eloabder-20&linkCode=osi&th=1&psc=1">View Product</a></div><div class="product"><a href="https://www.amazon.com/dp/B00770JW9Q?tag=eloabder-20&linkCode=osi&th=1&psc=1"><img src="https://m.media-amazon.com/images/I/41l5O38NktL._SL500_.jpg" alt="Product Image"></a><p>Seche Clear and Seche Vite, Base Coat and Top Coat for Nail Polish</p><p>$9.99</p><a href="https://www.amazon.com/dp/B00770JW9Q?tag=eloabder-20&linkCode=osi&th=1&psc=1">View Product</a></div><div class="product"><a href="https://www.amazon.com/dp/B07FXR67KP?tag=eloabder-20&linkCode=osi&th=1&psc=1"><img src="https://m.media-amazon.com/images/I/41TDlHtLVPL._SL500_.jpg" alt="Product Image"></a><p>Vishine 15ml No Wipe Top Coat Base Coat Soak off UV LED Drying Long Lasting Shiny Nail Varnish Set</p><p>$8.99</p><a href="https://www.amazon.com/dp/B07FXR67KP?tag=eloabder-20&linkCode=osi&th=1&psc=1">View Product</a></div><div class="product"><a href="https://www.amazon.com/dp/B000VUT39S?tag=eloabder-20&linkCode=osi&th=1&psc=1"><img src="https://m.media-amazon.com/images/I/31XB8+yUKnL._SL500_.jpg" alt="Product Image"></a><p>Orly Base Nail Coat, Bonder, 0.6 Ounce</p><p>$8.00 ($13.33 / Fl Oz)</p><a href="https://www.amazon.com/dp/B000VUT39S?tag=eloabder-20&linkCode=osi&th=1&psc=1">View Product</a></div>
<div class="product"><a href="https://www.amazon.com/dp/B08VZ6VSJ5?tag=eloabder-20&linkCode=osi&th=1&psc=1"><img src="https://m.media-amazon.com/images/I/317piUMa1pL._SL500_.jpg" alt="Product Image"></a><p>KUPA GelFinity - Soak Off Gel - Top Coat Glossy Finish (No-Wipe) 0.5 Fl Oz</p><p>$7.79 ($15.58 / Fl Oz)</p><a href="https://www.amazon.com/dp/B08VZ6VSJ5?tag=eloabder-20&linkCode=osi&th=1&psc=1">View Product</a></div><div class="product"><a href="https://www.amazon.com/dp/B0CHBB9S4J?tag=eloabder-20&linkCode=osi&th=1&psc=1"><img src="https://m.media-amazon.com/images/I/41qRu1votRL._SL500_.jpg" alt="Product Image"></a><p>beetles Gel Polish 2Pcs 15ml No Wipe Top Coat High Gloss Shiny Long-Lasting Clear Gel Top Coat, Soak Off Nail Lamp Nail Gel, Home DIY Professional Manicure and Nail Salon</p><p>$9.98 ($9.78 / Fl Oz)</p><a href="https://www.amazon.com/dp/B0CHBB9S4J?tag=eloabder-20&linkCode=osi&th=1&psc=1">View Product</a></div><div class="product"><a href="https://www.amazon.com/dp/B07FG7ZVFF?tag=eloabder-20&linkCode=osi&th=1&psc=1"><img src="https://m.media-amazon.com/images/I/41zWBPeG5RL._SL500_.jpg" alt="Product Image"></a><p>beetles Gel Polish No Wipe Gel Top Coat - Clear Color Gel Shine Finish and Long Lasting, Soak Off Nail Lamp Gel, 15ml Gift for Girls</p><p>$6.99 ($13.71 / Fl Oz)</p><a href="https://www.amazon.com/dp/B07FG7ZVFF?tag=eloabder-20&linkCode=osi&th=1&psc=1">View Product</a></div><div class="product"><a href="https://www.amazon.com/dp/B08J9WZB29?tag=eloabder-20&linkCode=osi&th=1&psc=1"><img src="https://m.media-amazon.com/images/I/31WQqYx1BLL._SL500_.jpg" alt="Product Image"></a><p>Vishine Top Coat- 15ML No Wipe Top Coat Gel Nail Polish High Gloss Shine Finish Long Lasting Home DIY Professional Manicure</p><p>$6.99 ($13.98 / Fl Oz)</p><a href="https://www.amazon.com/dp/B08J9WZB29?tag=eloabder-20&linkCode=osi&th=1&psc=1">View Product</a></div><div class="product"><a href="https://www.amazon.com/dp/B00178VX50?tag=eloabder-20&linkCode=osi&th=1&psc=1"><img src="https://m.media-amazon.com/images/I/31MWdGSTydL._SL500_.jpg" alt="Product Image"></a><p>OPI Top Coat, Protective High Gloss Shine Nail Polish Top Coat, 0.5 fl oz</p><p>$11.99 ($0.80 / millilitre)</p><a href="https://www.amazon.com/dp/B00178VX50?tag=eloabder-20&linkCode=osi&th=1&psc=1">View Product</a></div><div class="product"><a href="https://www.amazon.com/dp/B00150LT40?tag=eloabder-20&linkCode=osi&th=1&psc=1"><img src="https://m.media-amazon.com/images/I/410pKBFvS9L._SL500_.jpg" alt="Product Image"></a><p>Seche Vite Dry Fast Top Coat - .5 fl oz</p><p>$7.05</p><a href="https://www.amazon.com/dp/B00150LT40?tag=eloabder-20&linkCode=osi&th=1&psc=1">View Product</a></div>
<div class="product"><a href="https://www.amazon.com/dp/B000052WZD?tag=eloabder-20&linkCode=osi&th=1&psc=1"><img src="https://m.media-amazon.com/images/I/31neIP1eUnL._SL500_.jpg" alt="Product Image"></a><p>Trim Nail Files, 2 Count – Dual-Sided Nail Board with 280/320 Grit – Cushioned, Easy Grip for Comfortable Use – Emery Boards for Smoothing & Finishing Nails</p><p>$1.89 ($0.94 / Count)</p><a href="https://www.amazon.com/dp/B000052WZD?tag=eloabder-20&linkCode=osi&th=1&psc=1">View Product</a></div><div class="product"><a href="https://www.amazon.com/dp/B007242LWC?tag=eloabder-20&linkCode=osi&th=1&psc=1"><img src="https://m.media-amazon.com/images/I/41+E1EwskpS._SL500_.jpg" alt="Product Image"></a><p>3 Swords Germany - Brand Quality Double Sided (fine & coarse) Sapphire Metal Pocket Nail File (1 Piece), Made in Solingen Germany</p><p>$9.95</p><a href="https://www.amazon.com/dp/B007242LWC?tag=eloabder-20&linkCode=osi&th=1&psc=1">View Product</a></div><div class="product"><a href="https://www.amazon.com/dp/B0017KCQ2W?tag=eloabder-20&linkCode=osi&th=1&psc=1"><img src="https://m.media-amazon.com/images/I/21bzfUjSMwL._SL500_.jpg" alt="Product Image"></a><p>Revlon Nail Buffer, Gifts for Women, Stocking Stuffers, Shape 'N' Buff Nail File & Buffer, Nail Care Tool, All-in-One Shaping & Buffing, Easy to Use (Pack of 1)</p><p>$3.76</p><a href="https://www.amazon.com/dp/B0017KCQ2W?tag=eloabder-20&linkCode=osi&th=1&psc=1">View Product</a></div>
<div class="product"><a href="https://www.amazon.com/dp/B07M5RNH4Z?tag=eloabder-20&linkCode=osi&th=1&psc=1"><img src="https://m.media-amazon.com/images/I/41VsLZvsbKL._SL500_.jpg" alt="Product Image"></a><p>HAWATOUR Nail Clippers Set, Ultra Sharp Sturdy Fingernail and Toenail Clipper Cutters with Visibly Tin Case, Black</p><p>$9.97</p><a href="https://www.amazon.com/dp/B07M5RNH4Z?tag=eloabder-20&linkCode=osi&th=1&psc=1">View Product</a></div><div class="product"><a href="https://www.amazon.com/dp/B0015HKN3G?tag=eloabder-20&linkCode=osi&th=1&psc=1"><img src="https://m.media-amazon.com/images/I/31Y23jebqxL._SL500_.jpg" alt="Product Image"></a><p>Revlon Nail Clipper, Gifts for Men & Women, Stocking Stuffers, Nail Care Tools, Curved Blade & Foldaway Nail File for Trimming & Grooming, Easy to Use (Pack of 1)</p><p>$2.98</p><a href="https://www.amazon.com/dp/B0015HKN3G?tag=eloabder-20&linkCode=osi&th=1&psc=1">View Product</a></div><div class="product"><a href="https://www.amazon.com/dp/B00CRMHEJE?tag=eloabder-20&linkCode=osi&th=1&psc=1"><img src="https://m.media-amazon.com/images/I/41UM1wHFbiL._SL500_.jpg" alt="Product Image"></a><p>Tweezerman Stainless Steel Nail Combo Set with Fingernail and Toenail Clippers</p><p>$11.98</p><a href="https://www.amazon.com/dp/B00CRMHEJE?tag=eloabder-20&linkCode=osi&th=1&psc=1">View Product</a></div><div class="product"><a href="https://www.amazon.com/dp/B09VPM99J8?tag=eloabder-20&linkCode=osi&th=1&psc=1"><img src="https://m.media-amazon.com/images/I/31t5pEdSClL._SL500_.jpg" alt="Product Image"></a><p>Amazon Basics Nail Clippers 2-Pack, Black</p><p>$5.18</p><a href="https://www.amazon.com/dp/B09VPM99J8?tag=eloabder-20&linkCode=osi&th=1&psc=1">View Product</a></div><div class="product"><a href="https://www.amazon.com/dp/B004NZDY42?tag=eloabder-20&linkCode=osi&th=1&psc=1"><img src="https://m.media-amazon.com/images/I/31ehL-AtFBL._SL500_.jpg" alt="Product Image"></a><p>Revlon Mini Nail Clipper, Nail Care Tools, Curved Blade for Trimming & Grooming, Easy to Use (Pack of 1)</p><p>$2.98</p><a href="https://www.amazon.com/dp/B004NZDY42?tag=eloabder-20&linkCode=osi&th=1&psc=1">View Product</a></div>

<div class="product"><a href="https://www.amazon.com/dp/B0037O2J7I?tag=eloabder-20&linkCode=osi&th=1&psc=1"><img src="https://m.media-amazon.com/images/I/31fwHgXkJ7L._SL500_.jpg" alt="Product Image"></a><p>4 Way Shiny Block / 4 Step Buffing Block Shine Nail Buffer</p><p>$3.99 ($3.99 / Count)</p><a href="https://www.amazon.com/dp/B0037O2J7I?tag=eloabder-20&linkCode=osi&th=1&psc=1">View Product</a></div>

<div class="product"><a href="https://www.amazon.com/dp/B0BRRLF5N6?tag=eloabder-20&linkCode=osi&th=1&psc=1"><img src="https://m.media-amazon.com/images/I/51YW58bcDsL._SL500_.jpg" alt="Product Image"></a><p>Foot Soak Set Pedicure Kit Foot Spa Callus Remover for Feet Cuticle Remover Foot File for Dead Skin Pink Salt Urea Cream for Feet Aloe Lavender Pedicure Supplies Dry Cracked Feet for Women Men</p><p>$15.99</p><a href="https://www.amazon.com/dp/B0BRRLF5N6?tag=eloabder-20&linkCode=osi&th=1&psc=1">View Product</a></div><div class="product"><a href="https://www.amazon.com/dp/B09JWMBYJN?tag=eloabder-20&linkCode=osi&th=1&psc=1"><img src="https://m.media-amazon.com/images/I/51FgTeeSJKL._SL500_.jpg" alt="Product Image"></a><p>nbc BeautiLab Pedicure Kit Foot Soak Set: Bubble Salt, Sugar Scrub, Massage Mask, Massage Lotion in a Box, 4 Step Foot Spa Kit for Dry Feet, Softens Calluses, Tired Feet（3 Set Lavender)</p><p>$16.99 ($1.42 / Ounce)</p><a href="https://www.amazon.com/dp/B09JWMBYJN?tag=eloabder-20&linkCode=osi&th=1&psc=1">View Product</a></div>
<div class="product"><a href="https://www.amazon.com/dp/B07BHCB9Y2?tag=eloabder-20&linkCode=osi&th=1&psc=1"><img src="https://m.media-amazon.com/images/I/51V47D7WZ1L._SL500_.jpg" alt="Product Image"></a><p>PURA D'OR Anti-Thinning Biotin Shampoo & Deep Moisturizing Conditioner Original Gold Label Set (16Oz x2) Natural Earthy Scent, Clinically Tested Proven Results, DHT Blocker Thickening, For Women & Men</p><p>$39.99 ($1.25 / Fl Oz)</p><a href="https://www.amazon.com/dp/B07BHCB9Y2?tag=eloabder-20&linkCode=osi&th=1&psc=1">View Product</a></div><div class="product"><a href="https://www.amazon.com/dp/B07N7MWX72?tag=eloabder-20&linkCode=osi&th=1&psc=1"><img src="https://m.media-amazon.com/images/I/414aNTDFuRL._SL500_.jpg" alt="Product Image"></a><p>Mielle Organics Rosemary Mint Strengthening Shampoo Infused with Biotin, Cleanses and Helps Strengthen Weak and Brittle Hair, 12 Ounces</p><p>$9.97 ($0.83 / Fl Oz)</p><a href="https://www.amazon.com/dp/B07N7MWX72?tag=eloabder-20&linkCode=osi&th=1&psc=1">View Product</a></div><div class="product"><a href="https://www.amazon.com/dp/B08SSM21R4?tag=eloabder-20&linkCode=osi&th=1&psc=1"><img src="https://m.media-amazon.com/images/I/31WbRm+ZKEL._SL500_.jpg" alt="Product Image"></a><p>Redken All Soft Shampoo | Deeply Moisturizes and Hydrates | Softens, Smooths, and Adds Shine | Safe for Color-Treated Hair | Nourishing Shampoo for Dry Hair | With Argan Oil</p><p>$26.00 ($2.57 / Fl Oz)</p><a href="https://www.amazon.com/dp/B08SSM21R4?tag=eloabder-20&linkCode=osi&th=1&psc=1">View Product</a></div><div class="product"><a href="https://www.amazon.com/dp/B00ADRH2OM?tag=eloabder-20&linkCode=osi&th=1&psc=1"><img src="https://m.media-amazon.com/images/I/413WPcPNDbL._SL500_.jpg" alt="Product Image"></a><p>OGX Thick & Full + Biotin & Collagen Volumizing Shampoo, Nutrient-Infused Hair Shampoo with Vitamin B7 Biotin Gives Hair Volume & Body for 72+ Hours, Sulfate-Free Surfactants, 13 fl. oz</p><p>$6.97 ($0.54 / Fl Oz)</p><a href="https://www.amazon.com/dp/B00ADRH2OM?tag=eloabder-20&linkCode=osi&th=1&psc=1">View Product</a></div><div class="product"><a href="https://www.amazon.com/dp/B01ENCBOA0?tag=eloabder-20&linkCode=osi&th=1&psc=1"><img src="https://m.media-amazon.com/images/I/41wcbs9bSAL._SL500_.jpg" alt="Product Image"></a><p>Rosemary and Biotin Shampoo for Thinning Hair - Vegan Volumizing Shampoo for Fine Hair with Argan and Tea Tree Oil - Paraben Silicone and Sulfate Free Shampoo for Dry Damaged Weak and Thin Hair Care</p><p>$12.95 ($1.62 / Fl Oz)</p><a href="https://www.amazon.com/dp/B01ENCBOA0?tag=eloabder-20&linkCode=osi&th=1&psc=1">View Product</a></div><div class="product"><a href="https://www.amazon.com/dp/B00FH692PQ?tag=eloabder-20&linkCode=osi&th=1&psc=1"><img src="https://m.media-amazon.com/images/I/41Sqc25WpzL._SL500_.jpg" alt="Product Image"></a><p>PURA D'OR Original Gold Label Anti-Thinning Biotin Shampoo Natural Earthy Scent, Clinically Tested Proven Results, Herbal DHT Blocker Hair Thickening Products For Women & Men, Color Treated Hair, 16oz</p><p>$29.99 ($1.87 / Fl Oz)</p><a href="https://www.amazon.com/dp/B00FH692PQ?tag=eloabder-20&linkCode=osi&th=1&psc=1">View Product</a></div><div class="product"><a href="https://www.amazon.com/dp/B07D37PQGL?tag=eloabder-20&linkCode=osi&th=1&psc=1"><img src="https://m.media-amazon.com/images/I/31+tZhs5TNL._SL500_.jpg" alt="Product Image"></a><p>Olaplex No. 4 Bond Maintenance Shampoo, Repairs, Strengthens, & Nourishes All Hair Types, Adds Shine & Leaves Hair Feeling Soft, 8.5 fl oz</p><p>$30.00 ($3.53 / Fl Oz)</p><a href="https://www.amazon.com/dp/B07D37PQGL?tag=eloabder-20&linkCode=osi&th=1&psc=1">View Product</a></div><div class="product"><a href="https://www.amazon.com/dp/B07525QJC8?tag=eloabder-20&linkCode=osi&th=1&psc=1"><img src="https://m.media-amazon.com/images/I/31Zl6Upjq4S._SL500_.jpg" alt="Product Image"></a><p>L'Oreal Paris Elvive Total Repair 5 Repairing Shampoo for Damaged Hair Shampoo with Protein and Ceramide for Strong Silky Shiny Healthy Renewed Hair 28 Fl Oz</p><p>$7.68 ($0.27 / Fl Oz)</p><a href="https://www.amazon.com/dp/B07525QJC8?tag=eloabder-20&linkCode=osi&th=1&psc=1">View Product</a></div><div class="product"><a href="https://www.amazon.com/dp/B0098QPV3I?tag=eloabder-20&linkCode=osi&th=1&psc=1"><img src="https://m.media-amazon.com/images/I/31OzU+ogltL._SL500_.jpg" alt="Product Image"></a><p>Moroccanoil Hydrating Shampoo, 8.5 Fl. Oz.</p><p>$26.00 ($3.06 / Fl Oz)</p><a href="https://www.amazon.com/dp/B0098QPV3I?tag=eloabder-20&linkCode=osi&th=1&psc=1">View Product</a></div><div class="product"><a href="https://www.amazon.com/dp/B07HMK15G9?tag=eloabder-20&linkCode=osi&th=1&psc=1"><img src="https://m.media-amazon.com/images/I/31Tdk9qdj7L._SL500_.jpg" alt="Product Image"></a><p>Aveeno Fresh Greens Blend Natural Volumizing Shampoo, Cucumber, Rosemary, for Fine Hair, 12 fl oz</p><p>$8.12 ($0.68 / Ounce)</p><a href="https://www.amazon.com/dp/B07HMK15G9?tag=eloabder-20&linkCode=osi&th=1&psc=1">View Product</a></div>
<div class="product"><a href="https://www.amazon.com/dp/B0752CBW5T?tag=eloabder-20&linkCode=osi&th=1&psc=1"><img src="https://m.media-amazon.com/images/I/31-KMa7LAlS._SL500_.jpg" alt="Product Image"></a><p>L'Oreal Paris Elvive Total Repair 5 Repairing Conditioner for Damaged Hair Conditioner with Protein and Ceramide for Strong Silky Shiny Healthy Renewed Hair 28 Fl Oz</p><p>$8.49 ($0.30 / Fl Oz)</p><a href="https://www.amazon.com/dp/B0752CBW5T?tag=eloabder-20&linkCode=osi&th=1&psc=1">View Product</a></div><div class="product"><a href="https://www.amazon.com/dp/B07CLD17F5?tag=eloabder-20&linkCode=osi&th=1&psc=1"><img src="https://m.media-amazon.com/images/I/61hTHQjDOkL._SL500_.jpg" alt="Product Image"></a><p>Dove Ultra Care Conditioner Coconut & Hydration for Dry Hair Conditioner with Coconut Oil, Jojoba Oil & Sweet Almond Oil 25.4 oz</p><p>$7.49 ($0.29 / Fl Oz)</p><a href="https://www.amazon.com/dp/B07CLD17F5?tag=eloabder-20&linkCode=osi&th=1&psc=1">View Product</a></div><div class="product"><a href="https://www.amazon.com/dp/B0098QQ88U?tag=eloabder-20&linkCode=osi&th=1&psc=1"><img src="https://m.media-amazon.com/images/I/31kA4N9VngL._SL500_.jpg" alt="Product Image"></a><p>Moroccanoil Hydrating Conditioner, 8.5 Fl Oz</p><p>$26.00 ($3.10 / Fl Oz)</p><a href="https://www.amazon.com/dp/B0098QQ88U?tag=eloabder-20&linkCode=osi&th=1&psc=1">View Product</a></div><div class="product"><a href="https://www.amazon.com/dp/B07D37SBHF?tag=eloabder-20&linkCode=osi&th=1&psc=1"><img src="https://m.media-amazon.com/images/I/31ivDW-ouZL._SL500_.jpg" alt="Product Image"></a><p>Olaplex No. 5 Bond Maintenance Conditioner, Repairs, Strengthens, & Nourishes All Hair Types, Leaving Hair Feeling Soft & Adds Shine, 8.5 fl oz"</p><p>$30.00 ($3.53 / Fl Oz)</p><a href="https://www.amazon.com/dp/B07D37SBHF?tag=eloabder-20&linkCode=osi&th=1&psc=1">View Product</a></div><div class="product"><a href="https://www.amazon.com/dp/B07NR2B9HS?tag=eloabder-20&linkCode=osi&th=1&psc=1"><img src="https://m.media-amazon.com/images/I/51pWHfe9iNL._SL500_.jpg" alt="Product Image"></a><p>Aussie 3 Minute Miracle Moist Deep Conditioner for Dry Hair, Avocado & Jojoba Oil, Safe for Color Treated Hair, Nourishing Hydration, Silky Shine, Paraben-Free, 16 Fl Oz Each, Triple Pack</p><p>$20.97 ($0.44 / Fl Oz)</p><a href="https://www.amazon.com/dp/B07NR2B9HS?tag=eloabder-20&linkCode=osi&th=1&psc=1">View Product</a></div><div class="product"><a href="https://www.amazon.com/dp/B0891BBRHW?tag=eloabder-20&linkCode=osi&th=1&psc=1"><img src="https://m.media-amazon.com/images/I/31ndDwe7VSL._SL500_.jpg" alt="Product Image"></a><p>Pureology Hydrate Moisturizing Conditioner | Softens and Deeply Hydrates Dry Hair | For Medium to Thick Color Treated or Natural Hair | Sulfate Free Conditioner | Vegan</p><p>$37.00 ($4.11 / Fl Oz)</p><a href="https://www.amazon.com/dp/B0891BBRHW?tag=eloabder-20&linkCode=osi&th=1&psc=1">View Product</a></div><div class="product"><a href="https://www.amazon.com/dp/B00I32AN4K?tag=eloabder-20&linkCode=osi&th=1&psc=1"><img src="https://m.media-amazon.com/images/I/51KpmxinYYL._SL500_.jpg" alt="Product Image"></a><p>Arvazallia Hydrating Argan Oil Hair Mask and Deep Conditioner for Dry or Damaged Hair - 8.45 Oz</p><p>$12.95 ($1.53 / Fl Oz)</p><a href="https://www.amazon.com/dp/B00I32AN4K?tag=eloabder-20&linkCode=osi&th=1&psc=1">View Product</a></div><div class="product"><a href="https://www.amazon.com/dp/B092PVHFL3?tag=eloabder-20&linkCode=osi&th=1&psc=1"><img src="https://m.media-amazon.com/images/I/31v45qQhKOL._SL500_.jpg" alt="Product Image"></a><p>MONDAY HAIRCARE Moisture Conditioner 12oz for Dry, Coarse, Stressed, Coily and Curly Hair, Made from Coconut Oil, Rice Protein, Shea Butter, & Vitamin E, 100% Recyclable Bottles (350ml) (10434)</p><p>$6.97 ($0.58 / Fl Oz)</p><a href="https://www.amazon.com/dp/B092PVHFL3?tag=eloabder-20&linkCode=osi&th=1&psc=1">View Product</a></div><div class="product"><a href="https://www.amazon.com/dp/B00OVQO66S?tag=eloabder-20&linkCode=osi&th=1&psc=1"><img src="https://m.media-amazon.com/images/I/61S7x6GUaFL._SL500_.jpg" alt="Product Image"></a><p>SheaMoisture Conditioner Intensive Hydration for Dry, Damaged Hair Manuka Honey and Mafura Oil to Nourish and Soften Hair 13 oz</p><p>$9.68 ($0.74 / Fl Oz)</p><a href="https://www.amazon.com/dp/B00OVQO66S?tag=eloabder-20&linkCode=osi&th=1&psc=1">View Product</a></div><div class="product"><a href="https://www.amazon.com/dp/B08BTKN3P9?tag=eloabder-20&linkCode=osi&th=1&psc=1"><img src="https://m.media-amazon.com/images/I/41sjzOJHhiL._SL500_.jpg" alt="Product Image"></a><p>TRESemmé Conditioner Moisture Rich 3 Count for Dry Hair Professional Quality Salon-Healthy Look and Shine Moisture Rich Formulated with Vitamin E and Biotin 28 oz</p><p>$16.80 ($0.20 / Fl Oz)</p><a href="https://www.amazon.com/dp/B08BTKN3P9?tag=eloabder-20&linkCode=osi&th=1&psc=1">View Product</a></div>
<div class="product"><a href="https://www.amazon.com/dp/B01I2ZQJSG?tag=eloabder-20&linkCode=osi&th=1&psc=1"><img src="https://m.media-amazon.com/images/I/41ctrFUeQAL._SL500_.jpg" alt="Product Image"></a><p>Elizavecca cer-100 collagen coating hair protein treatment 100ml</p><p>$7.40 ($2.19 / Fl Oz)</p><a href="https://www.amazon.com/dp/B01I2ZQJSG?tag=eloabder-20&linkCode=osi&th=1&psc=1">View Product</a></div><div class="product"><a href="https://www.amazon.com/dp/B07H3GBSC3?tag=eloabder-20&linkCode=osi&th=1&psc=1"><img src="https://m.media-amazon.com/images/I/41I862UzKRL._SL500_.jpg" alt="Product Image"></a><p>amika soulfood nourishing Mask, 8 Fl oz</p><p>$34.00 ($4.25 / Fl Oz)</p><a href="https://www.amazon.com/dp/B07H3GBSC3?tag=eloabder-20&linkCode=osi&th=1&psc=1">View Product</a></div><div class="product"><a href="https://www.amazon.com/dp/B075L6BL61?tag=eloabder-20&linkCode=osi&th=1&psc=1"><img src="https://m.media-amazon.com/images/I/41zCFV7oGTL._SL500_.jpg" alt="Product Image"></a><p>Karseell Collagen Hair Treatment Deep Repair Conditioning Argan Oil Collagen Hair Mask Essence for Dry Damaged Hair All Hair Types 16.90 oz 500ml</p><p>$23.00 ($1.36 / Fl Oz)</p><a href="https://www.amazon.com/dp/B075L6BL61?tag=eloabder-20&linkCode=osi&th=1&psc=1">View Product</a></div><div class="product"><a href="https://www.amazon.com/dp/B07N7NBYSP?tag=eloabder-20&linkCode=osi&th=1&psc=1"><img src="https://m.media-amazon.com/images/I/515lD0OXQ+L._SL500_.jpg" alt="Product Image"></a><p>Mielle Organics Rosemary Mint Strengthening Hair Masque, Essential Oil & Biotin Deep Treatment, Miracle Repair for Dry, Damaged, & Frizzy Hair, 12 Ounces</p><p>$9.97 ($0.83 / Ounce)</p><a href="https://www.amazon.com/dp/B07N7NBYSP?tag=eloabder-20&linkCode=osi&th=1&psc=1">View Product</a></div><div class="product"><a href="https://www.amazon.com/dp/B0BQ54DQNM?tag=eloabder-20&linkCode=osi&th=1&psc=1"><img src="https://m.media-amazon.com/images/I/41uhtWPJeuL._SL500_.jpg" alt="Product Image"></a><p>Eva NYC Therapy Session Hair Mask, Deep Conditioning Hair Mask Infused with Argan Oil and Plant Protein, 16.9 fl oz</p><p>$19.00 ($1.12 / Fl Oz)</p><a href="https://www.amazon.com/dp/B0BQ54DQNM?tag=eloabder-20&linkCode=osi&th=1&psc=1">View Product</a></div><div class="product"><a href="https://www.amazon.com/dp/B09HR5KSR8?tag=eloabder-20&linkCode=osi&th=1&psc=1"><img src="https://m.media-amazon.com/images/I/51aIw6AhsXL._SL500_.jpg" alt="Product Image"></a><p>K18 Mini Leave-In Molecular Hair Mask, Repairs Dry or Damaged Hair, Reverse Hair Damage from Bleach, Color, Chemical Services & Heat, 0.51 Fl Oz</p><p>$29.00 ($56.86 / Fl Oz)</p><a href="https://www.amazon.com/dp/B09HR5KSR8?tag=eloabder-20&linkCode=osi&th=1&psc=1">View Product</a></div><div class="product"><a href="https://www.amazon.com/dp/B07M7PP9KX?tag=eloabder-20&linkCode=osi&th=1&psc=1"><img src="https://m.media-amazon.com/images/I/41Mpv3wIxEL._SL500_.jpg" alt="Product Image"></a><p>Marc Anthony Grow Long Hair Anti-Breakage Mask, 10.4 OZ</p><p>$8.99 ($0.90 / Fl Oz)</p><a href="https://www.amazon.com/dp/B07M7PP9KX?tag=eloabder-20&linkCode=osi&th=1&psc=1">View Product</a></div>
<div class="product"><a href="https://www.amazon.com/dp/B00BC3YL2W?tag=eloabder-20&linkCode=osi&th=1&psc=1"><img src="https://m.media-amazon.com/images/I/31OKo9u6V4L._SL500_.jpg" alt="Product Image"></a><p>HerStyler Hair Repair Serum - Argan Oil, Vitamin E and Aloe Vera Hair Serum for Frizz Control, Shine and Straightening - Coz Love is in the Hair - 2 Fl. Oz., 60 Ml</p><p>$9.99 ($5.00 / Fl Oz)</p><a href="https://www.amazon.com/dp/B00BC3YL2W?tag=eloabder-20&linkCode=osi&th=1&psc=1">View Product</a></div><div class="product"><a href="https://www.amazon.com/dp/B08N9L6C93?tag=eloabder-20&linkCode=osi&th=1&psc=1"><img src="https://m.media-amazon.com/images/I/3184fIylDmL._SL500_.jpg" alt="Product Image"></a><p>Paul Mitchell Super Skinny Serum, Speeds Up Drying Time, Humidity Resistant, For Frizzy Hair, 5.1 fl. oz.</p><p>$28.50 ($5.59 / Fl Oz)</p><a href="https://www.amazon.com/dp/B08N9L6C93?tag=eloabder-20&linkCode=osi&th=1&psc=1">View Product</a></div><div class="product"><a href="https://www.amazon.com/dp/B081JHTPKP?tag=eloabder-20&linkCode=osi&th=1&psc=1"><img src="https://m.media-amazon.com/images/I/31+F0Qz4RUL._SL500_.jpg" alt="Product Image"></a><p>Mise En Scene Perfect Serum Original - Hair Oil for Frizzy & Dry Hair, Hydration and Nutrition Hair Essence for Damage Care, Floral Fragrance, Korean Hair Care Product, Korean Hair Serum 2.71 Fl. Oz.</p><p>$11.20 ($4.15 / Fl Oz)</p><a href="https://www.amazon.com/dp/B081JHTPKP?tag=eloabder-20&linkCode=osi&th=1&psc=1">View Product</a></div><div class="product"><a href="https://www.amazon.com/dp/B09WMT8HYB?tag=eloabder-20&linkCode=osi&th=1&psc=1"><img src="https://m.media-amazon.com/images/I/31poyY3nFGL._SL500_.jpg" alt="Product Image"></a><p>Hair Growth Serum for Men and Women- Vegan Hair Growth Serum Designed for Thinning Hair & Hair Loss- 1 Month-60ml</p><p>$23.40 ($11.70 / Fl Oz)</p><a href="https://www.amazon.com/dp/B09WMT8HYB?tag=eloabder-20&linkCode=osi&th=1&psc=1">View Product</a></div><div class="product"><a href="https://www.amazon.com/dp/B0CJ7ZVDZR?tag=eloabder-20&linkCode=osi&th=1&psc=1"><img src="https://m.media-amazon.com/images/I/51bMtBk0LHL._SL500_.jpg" alt="Product Image"></a><p>MAREE Hair Styling Serum for Frizzy & Dry Hair - Keratin Styling & Moisturizing Oil Capsules with Avocado, Jojoba & Argan Oil - Leave-in Anti Frizz Conditioner with Vitamins A, C, E & B5-30 Capsules</p><p>$17.95 ($5.61 / Fl Oz)</p><a href="https://www.amazon.com/dp/B0CJ7ZVDZR?tag=eloabder-20&linkCode=osi&th=1&psc=1">View Product</a></div><div class="product"><a href="https://www.amazon.com/dp/B07GSZYLGJ?tag=eloabder-20&linkCode=osi&th=1&psc=1"><img src="https://m.media-amazon.com/images/I/41e6dzzvKtL._SL500_.jpg" alt="Product Image"></a><p>HUSSELL Bali Secret Hair Treatment Serum - no Rinse with Argan Macadamia & Avocado Oils - Vitamins A, E, Pro B5 - Conditioner for Women & Men</p><p>$24.75 ($0.62 / Fl Oz)</p><a href="https://www.amazon.com/dp/B07GSZYLGJ?tag=eloabder-20&linkCode=osi&th=1&psc=1">View Product</a></div><div class="product"><a href="https://www.amazon.com/dp/B000P9DS4Q?tag=eloabder-20&linkCode=osi&th=1&psc=1"><img src="https://m.media-amazon.com/images/I/31m7be8mSHL._SL500_.jpg" alt="Product Image"></a><p>John Frieda Anti Frizz, Frizz Ease Extra Strength Hair Serum with Argan Oil, Anti-Humidity Spray for Hair, Nourishing Treatment for Thick, Coarse Hair, 1.69 Oz</p><p>$10.05 ($5.95 / Fl Oz)</p><a href="https://www.amazon.com/dp/B000P9DS4Q?tag=eloabder-20&linkCode=osi&th=1&psc=1">View Product</a></div><div class="product"><a href="https://www.amazon.com/dp/B01456DJ66?tag=eloabder-20&linkCode=osi&th=1&psc=1"><img src="https://m.media-amazon.com/images/I/41hciQXaA0L._SL500_.jpg" alt="Product Image"></a><p>Vitamins Keratin Protein Hair Serum - Anti Frizz Control Hair Oil Repair Treatment - Hair Gloss Shine & Heat Protectant for Frizzy Dry Damaged Hair</p><p>$21.98 ($5.17 / Fl Oz)</p><a href="https://www.amazon.com/dp/B01456DJ66?tag=eloabder-20&linkCode=osi&th=1&psc=1">View Product</a></div>
<div class="product"><a href="https://www.amazon.com/dp/B07VR1NDSQ?tag=eloabder-20&linkCode=osi&th=1&psc=1"><img src="https://m.media-amazon.com/images/I/41z5MLqbvaL._SL500_.jpg" alt="Product Image"></a><p>Olaplex No. 7 Bonding Oil, Concentrated High Shine Oil, Heat Protectant, Visibly Smooths & Softens Hair, Added Color Vibrancy, Up to 72 Hour Frizz Control, For All Hair Types, 1 fl oz</p><p>$30.00 ($29.70 / Fl Oz)</p><a href="https://www.amazon.com/dp/B07VR1NDSQ?tag=eloabder-20&linkCode=osi&th=1&psc=1">View Product</a></div><div class="product"><a href="https://www.amazon.com/dp/B07N7PK9QK?tag=eloabder-20&linkCode=osi&th=1&psc=1"><img src="https://m.media-amazon.com/images/I/416K3ahcJsL._SL500_.jpg" alt="Product Image"></a><p>Mielle Organics Rosemary Mint Scalp & Hair Strengthening Oil for All Hair Types, 2 Ounce</p><p>$9.50 ($4.75 / Fl Oz)</p><a href="https://www.amazon.com/dp/B07N7PK9QK?tag=eloabder-20&linkCode=osi&th=1&psc=1">View Product</a></div><div class="product"><a href="https://www.amazon.com/dp/B0048EZNR4?tag=eloabder-20&linkCode=osi&th=1&psc=1"><img src="https://m.media-amazon.com/images/I/41TwEUHYLCL._SL500_.jpg" alt="Product Image"></a><p>OGX Renewing + Argan Oil of Morocco Penetrating Hair Oil Treatment, Moisturizing & Strengthening Silky Oil for All Hair Types, Paraben-Free, Sulfated-Surfactants Free, 3.3 fl oz</p><p>$7.97 ($2.42 / Fl Oz)</p><a href="https://www.amazon.com/dp/B0048EZNR4?tag=eloabder-20&linkCode=osi&th=1&psc=1">View Product</a></div><div class="product"><a href="https://www.amazon.com/dp/B01MFXDAL8?tag=eloabder-20&linkCode=osi&th=1&psc=1"><img src="https://m.media-amazon.com/images/I/314VC8Iug2L._SL500_.jpg" alt="Product Image"></a><p>OUAI Hair Oil - Hair Heat Protectant Oil for Frizz Control - Adds Hair Shine and Smooths Split Ends - Color Safe Formula - Paraben, Phthalate and Sulfate Free (1.5 oz)</p><p>$30.00 ($20.00 / Fl Oz)</p><a href="https://www.amazon.com/dp/B01MFXDAL8?tag=eloabder-20&linkCode=osi&th=1&psc=1">View Product</a></div><div class="product"><a href="https://www.amazon.com/dp/B005DYJZ7M?tag=eloabder-20&linkCode=osi&th=1&psc=1"><img src="https://m.media-amazon.com/images/I/51NE8LO8FaL._SL500_.jpg" alt="Product Image"></a><p>OGX Extra Strength Argan Oil Hair Treatment, 3.3 fl oz - Deep Moisturizing Serum for Dry, Damaged & Coarse Hair, Paraben & Sulfate-Free</p><p>$7.97 ($2.42 / Fl Oz)</p><a href="https://www.amazon.com/dp/B005DYJZ7M?tag=eloabder-20&linkCode=osi&th=1&psc=1">View Product</a></div><div class="product"><a href="https://www.amazon.com/dp/B000V8MTIC?tag=eloabder-20&linkCode=osi&th=1&psc=1"><img src="https://m.media-amazon.com/images/I/41Y-cvRBYHL._SL500_.jpg" alt="Product Image"></a><p>Wild Growth Hair Oil 4 Oz</p><p>$9.44 ($2.36 / Fl Oz)</p><a href="https://www.amazon.com/dp/B000V8MTIC?tag=eloabder-20&linkCode=osi&th=1&psc=1">View Product</a></div><div class="product"><a href="https://www.amazon.com/dp/B0CNFF26B4?tag=eloabder-20&linkCode=osi&th=1&psc=1"><img src="https://m.media-amazon.com/images/I/61IXl4BycFL._SL500_.jpg" alt="Product Image"></a><p>Nexxus Ultra Lightweight Hair Oil Repair & Nourish for Intense Nourishment with StyleProtect Technology & Rose of Jericho Oil 4 oz</p><p>$13.18 ($3.99 / Fl Oz)</p><a href="https://www.amazon.com/dp/B0CNFF26B4?tag=eloabder-20&linkCode=osi&th=1&psc=1">View Product</a></div><div class="product"><a href="https://www.amazon.com/dp/B0D2RSCZBD?tag=eloabder-20&linkCode=osi&th=1&psc=1"><img src="https://m.media-amazon.com/images/I/41YHvQncEYL._SL500_.jpg" alt="Product Image"></a><p>Botanic Hearth 100% Pure Rosemary Oil For Hair Growth Infused With Biotin | Hair strengthening Treatment | Nourishing & Volumizing | With Jojoba Oil & Castor Oil | Non GMO Verified | 2 fl oz</p><p>$8.49 ($4.24 / Fl Oz)</p><a href="https://www.amazon.com/dp/B0D2RSCZBD?tag=eloabder-20&linkCode=osi&th=1&psc=1">View Product</a></div>
<div class="product"><a href="https://www.amazon.com/dp/B076FHJ3K5?tag=eloabder-20&linkCode=osi&th=1&psc=1"><img src="https://m.media-amazon.com/images/I/31QAqxeYpoL._SL500_.jpg" alt="Product Image"></a><p>Marc Anthony Leave-In Conditioner Spray & Detangler, Grow Long Biotin - Anti-Frizz Deep Conditioner For Split Ends & Breakage - Vitamin E, Caffeine & Ginseng for Curly, Dry & Damaged Hair</p><p>$7.67 ($0.91 / Fl Oz)</p><a href="https://www.amazon.com/dp/B076FHJ3K5?tag=eloabder-20&linkCode=osi&th=1&psc=1">View Product</a></div><div class="product"><a href="https://www.amazon.com/dp/B078PJCVSQ?tag=eloabder-20&linkCode=osi&th=1&psc=1"><img src="https://m.media-amazon.com/images/I/41emTjMLCbL._SL500_.jpg" alt="Product Image"></a><p>Garnier Fructis Sleek & Shine Leave-In Conditioning Cream for Frizzy, Dry Hair, Plant Keratin + Argan Oil, 10.2 Fl Oz, 2 Count (Packaging May Vary)</p><p>$8.69 ($4.34 / Count)</p><a href="https://www.amazon.com/dp/B078PJCVSQ?tag=eloabder-20&linkCode=osi&th=1&psc=1">View Product</a></div><div class="product"><a href="https://www.amazon.com/dp/B075PTHVKN?tag=eloabder-20&linkCode=osi&th=1&psc=1"><img src="https://m.media-amazon.com/images/I/41er29CRVVL._SL500_.jpg" alt="Product Image"></a><p>Mielle Organics Pomegranate & Honey Leave-In Conditioner, Moisturizing Curl Primer and Detangler, Repair Damage and Prevent Frizz, Treatment For Thick Curly Hair Type 4 Hair, 12-Fluid Ounces</p><p>$12.95 ($1.08 / Fl Oz)</p><a href="https://www.amazon.com/dp/B075PTHVKN?tag=eloabder-20&linkCode=osi&th=1&psc=1">View Product</a></div><div class="product"><a href="https://www.amazon.com/dp/B0BPR45NX4?tag=eloabder-20&linkCode=osi&th=1&psc=1"><img src="https://m.media-amazon.com/images/I/41ZvxMh2+ML._SL500_.jpg" alt="Product Image"></a><p>Mielle Organics Rosemary Mint Strengthening Leave-In Conditioner, Supports Hair Strength, Smooth Conditioner for Dry and Crinkled Hair, Weightless Hair Treatment</p><p>$9.97 ($0.83 / Fl Oz)</p><a href="https://www.amazon.com/dp/B0BPR45NX4?tag=eloabder-20&linkCode=osi&th=1&psc=1">View Product</a></div><div class="product"><a href="https://www.amazon.com/dp/B0899C98ZD?tag=eloabder-20&linkCode=osi&th=1&psc=1"><img src="https://m.media-amazon.com/images/I/3140FuOEnHL._SL500_.jpg" alt="Product Image"></a><p>Pureology Color Fanatic Leave-in Conditioner Hair Treatment Detangler Spray | Protects Hair Color From Fading | Heat Protectant | Vegan | 6.7 Fl Oz</p><p>$35.00 ($5.22 / Fl Oz)</p><a href="https://www.amazon.com/dp/B0899C98ZD?tag=eloabder-20&linkCode=osi&th=1&psc=1">View Product</a></div><div class="product"><a href="https://www.amazon.com/dp/B002FJ11UW?tag=eloabder-20&linkCode=osi&th=1&psc=1"><img src="https://m.media-amazon.com/images/I/31-cZPtTWFL._SL500_.jpg" alt="Product Image"></a><p>Tea Tree Hair and Body Moisturizer Leave-In Conditioner, Body Lotion, After-Shave Cream, For All Hair + Skin Types, 10.14 fl. oz.</p><p>$22.00 ($2.17 / Fl Oz)</p><a href="https://www.amazon.com/dp/B002FJ11UW?tag=eloabder-20&linkCode=osi&th=1&psc=1">View Product</a></div><div class="product"><a href="https://www.amazon.com/dp/B07B895KND?tag=eloabder-20&linkCode=osi&th=1&psc=1"><img src="https://m.media-amazon.com/images/I/21VKaJcT2wL._SL500_.jpg" alt="Product Image"></a><p>OUAI Leave In Conditioner & Heat Protectant Spray - Prime Hair for Style, Smooth Flyaways, Add Shine and Use as Detangling Spray - No Parabens, Sulfates or Phthalates (4.7 oz)</p><p>$29.99 ($6.38 / Ounce)</p><a href="https://www.amazon.com/dp/B07B895KND?tag=eloabder-20&linkCode=osi&th=1&psc=1">View Product</a></div><div class="product"><a href="https://www.amazon.com/dp/B09HN5ZF8C?tag=eloabder-20&linkCode=osi&th=1&psc=1"><img src="https://m.media-amazon.com/images/I/31p+j7QXuqL._SL500_.jpg" alt="Product Image"></a><p>L’Oréal Paris Sulfate Free Moisture 21-in-1 Leave-In Conditioner for Dry Hair, EverPure, 6.8 fl oz (Packaging May Vary)</p><p>$9.97 ($1.47 / Fl Oz)</p><a href="https://www.amazon.com/dp/B09HN5ZF8C?tag=eloabder-20&linkCode=osi&th=1&psc=1">View Product</a></div><div class="product"><a href="https://www.amazon.com/dp/B07NQLWYXW?tag=eloabder-20&linkCode=osi&th=1&psc=1"><img src="https://m.media-amazon.com/images/I/61gQFsuQ1DL._SL500_.jpg" alt="Product Image"></a><p>SheaMoisture Jamaican Black Castor Oil Leave In Conditioner For Damaged Hair 100% Pure Jamaican Black Castor Oil To Soften And Detangle Hair 11.5oz</p><p>$10.97 ($0.95 / Ounce)</p><a href="https://www.amazon.com/dp/B07NQLWYXW?tag=eloabder-20&linkCode=osi&th=1&psc=1">View Product</a></div><div class="product"><a href="https://www.amazon.com/dp/B01LTIAUAG?tag=eloabder-20&linkCode=osi&th=1&psc=1"><img src="https://m.media-amazon.com/images/I/414cIBskUjL._SL500_.jpg" alt="Product Image"></a><p>Cantu Leave-In Conditioning Repair Cream with Argan Oil, 16 oz (Packaging May Vary)</p><p>$6.48 ($0.40 / Ounce)</p><a href="https://www.amazon.com/dp/B01LTIAUAG?tag=eloabder-20&linkCode=osi&th=1&psc=1">View Product</a></div>
<div class="product"><a href="https://www.amazon.com/dp/B00ID1A5TO?tag=eloabder-20&linkCode=osi&th=1&psc=1"><img src="https://m.media-amazon.com/images/I/31QKv7QMILL._SL500_.jpg" alt="Product Image"></a><p>L'Oréal Paris Advanced Hairstyle Sleek It Iron Straight Heat Spray, 5.7 Ounce</p><p>$6.97 ($1.22 / Fl Oz)</p><a href="https://www.amazon.com/dp/B00ID1A5TO?tag=eloabder-20&linkCode=osi&th=1&psc=1">View Product</a></div><div class="product"><a href="https://www.amazon.com/dp/B075FBD7CM?tag=eloabder-20&linkCode=osi&th=1&psc=1"><img src="https://m.media-amazon.com/images/I/31DT9mg1TBL._SL500_.jpg" alt="Product Image"></a><p>Moroccanoil Perfect Defense Heat Protectant, 6 Fl. Oz.</p><p>$30.00 ($5.00 / Ounce)</p><a href="https://www.amazon.com/dp/B075FBD7CM?tag=eloabder-20&linkCode=osi&th=1&psc=1">View Product</a></div><div class="product"><a href="https://www.amazon.com/dp/B004452DPM?tag=eloabder-20&linkCode=osi&th=1&psc=1"><img src="https://m.media-amazon.com/images/I/31+Syj8lOHL._SL500_.jpg" alt="Product Image"></a><p>CHI 44 Iron Guard Thermal Protection Spray, Nourishing Formula Helps Resist Heat Damage to Hair & Tame Frizz, 2 Oz</p><p>$6.99 ($3.50 / Fl Oz)</p><a href="https://www.amazon.com/dp/B004452DPM?tag=eloabder-20&linkCode=osi&th=1&psc=1">View Product</a></div><div class="product"><a href="https://www.amazon.com/dp/B0752KMDQB?tag=eloabder-20&linkCode=osi&th=1&psc=1"><img src="https://m.media-amazon.com/images/I/31kygOyDdnL._SL500_.jpg" alt="Product Image"></a><p>Mielle Mongongo Oil Thermal & Heat Protectant Spray, Protects Hair from Heat Damage, Intense Heat Defense, Curl Pattern Protection, Safe for All Hair Types, 4 Ounce</p><p>$9.97 ($2.49 / Fl Oz)</p><a href="https://www.amazon.com/dp/B0752KMDQB?tag=eloabder-20&linkCode=osi&th=1&psc=1">View Product</a></div><div class="product"><a href="https://www.amazon.com/dp/B06XFVBVQ5?tag=eloabder-20&linkCode=osi&th=1&psc=1"><img src="https://m.media-amazon.com/images/I/31kIW3-nG0L._SL500_.jpg" alt="Product Image"></a><p>Eva NYC Mane Magic 10-in-1 Primer, Heat Protectant for Hair, Infused with Sunflower Seed and Argan Oil for Hair, Sulfate, Paraben & Phthalate Free, 5.4 fl oz</p><p>$12.57 ($2.33 / Fl Oz)</p><a href="https://www.amazon.com/dp/B06XFVBVQ5?tag=eloabder-20&linkCode=osi&th=1&psc=1">View Product</a></div><div class="product"><a href="https://www.amazon.com/dp/B08HDS8GW1?tag=eloabder-20&linkCode=osi&th=1&psc=1"><img src="https://m.media-amazon.com/images/I/317MYEuzMbS._SL500_.jpg" alt="Product Image"></a><p>L'Oreal Paris Elvive Dream Lengths Heat Slayer Pre-Iron Spray Leave-In, 4.4 Ounce</p><p>$7.97 ($1.81 / Fl Oz)</p><a href="https://www.amazon.com/dp/B08HDS8GW1?tag=eloabder-20&linkCode=osi&th=1&psc=1">View Product</a></div><div class="product"><a href="https://www.amazon.com/dp/B0CX6M8B71?tag=eloabder-20&linkCode=osi&th=1&psc=1"><img src="https://m.media-amazon.com/images/I/21VMI5jkDHL._SL500_.jpg" alt="Product Image"></a><p>Hairitage Heat Protectant Spray - Up to 450 Degree Protection + Hydrates + Strengthens Hair - For All Hair Types</p><p>$8.94 ($1.49 / Fl Oz)</p><a href="https://www.amazon.com/dp/B0CX6M8B71?tag=eloabder-20&linkCode=osi&th=1&psc=1">View Product</a></div><div class="product"><a href="https://www.amazon.com/dp/B07H3GCMFG?tag=eloabder-20&linkCode=osi&th=1&psc=1"><img src="https://m.media-amazon.com/images/I/41OXeqapQaL._SL500_.jpg" alt="Product Image"></a><p>amika blockade heat defense serum , 1.69 Fl Oz (Pack of 1)</p><p>$28.00 ($16.47 / Ounce)</p><a href="https://www.amazon.com/dp/B07H3GCMFG?tag=eloabder-20&linkCode=osi&th=1&psc=1">View Product</a></div><div class="product"><a href="https://www.amazon.com/dp/B07HCMHVCW?tag=eloabder-20&linkCode=osi&th=1&psc=1"><img src="https://m.media-amazon.com/images/I/315xZEjPlJS._SL500_.jpg" alt="Product Image"></a><p>Drybar Hot Toddy Heat Protectant Mist Blanc Scent - Full Size| Lightweight Heat Protectant for Hair protects from Heat & Styling with Curling, Straightening and Styling Irons</p><p>$29.00 ($6.30 / Ounce)</p><a href="https://www.amazon.com/dp/B07HCMHVCW?tag=eloabder-20&linkCode=osi&th=1&psc=1">View Product</a></div><div class="product"><a href="https://www.amazon.com/dp/B0CN9N41R2?tag=eloabder-20&linkCode=osi&th=1&psc=1"><img src="https://m.media-amazon.com/images/I/61Y+AIRsnNL._SL500_.jpg" alt="Product Image"></a><p>Nexxus Heat Defense Spray Prep & Protect for 450 degree heat protection, with StyleProtect Technology 6 oz</p><p>$13.64 ($2.27 / Fl Oz)</p><a href="https://www.amazon.com/dp/B0CN9N41R2?tag=eloabder-20&linkCode=osi&th=1&psc=1">View Product</a></div>
<div class="product"><a href="https://www.amazon.com/dp/B000YACKO0?tag=eloabder-20&linkCode=osi&th=1&psc=1"><img src="https://m.media-amazon.com/images/I/21G1pDllGdL._SL500_.jpg" alt="Product Image"></a><p>Kenra Professional Volume Spray 25 50% | Super Hold Finishing & Styling Hairspray | Flake-free & Fast-drying | Wind & Humidity Resistance | All Hair Types | 10 oz</p><p>$22.00 ($2.20 / Ounce)</p><a href="https://www.amazon.com/dp/B000YACKO0?tag=eloabder-20&linkCode=osi&th=1&psc=1">View Product</a></div><div class="product"><a href="https://www.amazon.com/dp/B0010OKF7S?tag=eloabder-20&linkCode=osi&th=1&psc=1"><img src="https://m.media-amazon.com/images/I/21jbVg5zztL._SL500_.jpg" alt="Product Image"></a><p>Sebastian Professional Shaper 55%, Medium Hold Hairspray, 10.6 oz</p><p>$29.99 ($2.83 / Ounce)</p><a href="https://www.amazon.com/dp/B0010OKF7S?tag=eloabder-20&linkCode=osi&th=1&psc=1">View Product</a></div><div class="product"><a href="https://www.amazon.com/dp/B0CGRY5YJB?tag=eloabder-20&linkCode=osi&th=1&psc=1"><img src="https://m.media-amazon.com/images/I/61q0MszNOVL._SL500_.jpg" alt="Product Image"></a><p>TRESemmé Anti-Frizz Finishing Spray Keratin Smooth for a Flexible Hold, Weightless, 7 oz</p><p>$6.98 ($1.00 / Fl Oz)</p><a href="https://www.amazon.com/dp/B0CGRY5YJB?tag=eloabder-20&linkCode=osi&th=1&psc=1">View Product</a></div><div class="product"><a href="https://www.amazon.com/dp/B0872ZWJH2?tag=eloabder-20&linkCode=osi&th=1&psc=1"><img src="https://m.media-amazon.com/images/I/31O-aS4LJ+L._SL500_.jpg" alt="Product Image"></a><p>SexyHair Big Spray & Play Volumizing Hairspray, 10 Oz | Hold and Shine | Up to 72 Hour Humidity Resistance | All Hair Types</p><p>$21.94 ($2.19 / Ounce)</p><a href="https://www.amazon.com/dp/B0872ZWJH2?tag=eloabder-20&linkCode=osi&th=1&psc=1">View Product</a></div><div class="product"><a href="https://www.amazon.com/dp/B000GFWIOU?tag=eloabder-20&linkCode=osi&th=1&psc=1"><img src="https://m.media-amazon.com/images/I/31X7tgfzxQL._SL500_.jpg" alt="Product Image"></a><p>Nexxus Flexible Hold Hairspray Comb Thru for a Lightweight, Brushable Hold, with StyleProtect Technology 10 oz</p><p>$15.98 ($1.60 / Ounce)</p><a href="https://www.amazon.com/dp/B000GFWIOU?tag=eloabder-20&linkCode=osi&th=1&psc=1">View Product</a></div><div class="product"><a href="https://www.amazon.com/dp/B002RS6JSA?tag=eloabder-20&linkCode=osi&th=1&psc=1"><img src="https://m.media-amazon.com/images/I/31+Y7rEXSrL._SL500_.jpg" alt="Product Image"></a><p>CHI 44 Iron Guard Thermal Protection Spray, Nourishing Formula Helps Resist Heat Damage to Hair & Tame Frizz, Clear, 8 Oz</p><p>$13.99 ($1.75 / Fl Oz)</p><a href="https://www.amazon.com/dp/B002RS6JSA?tag=eloabder-20&linkCode=osi&th=1&psc=1">View Product</a></div>
<div class="product"><a href="https://www.amazon.com/dp/B08BTGSTB1?tag=eloabder-20&linkCode=osi&th=1&psc=1"><img src="https://m.media-amazon.com/images/I/41lgs8EMZoL._SL500_.jpg" alt="Product Image"></a><p>Dove Dry Shampoo Volume & Fullness 2 Count for Oily Hair for Refreshed Hair 5 oz</p><p>$13.98 ($1.40 / Ounce)</p><a href="https://www.amazon.com/dp/B08BTGSTB1?tag=eloabder-20&linkCode=osi&th=1&psc=1">View Product</a></div><div class="product"><a href="https://www.amazon.com/dp/B07H349CVV?tag=eloabder-20&linkCode=osi&th=1&psc=1"><img src="https://m.media-amazon.com/images/I/41NnJCW9t4L._SL500_.jpg" alt="Product Image"></a><p>amika Perk Up Dry Shampoo, 5.3 oz. (Pack of 1)</p><p>$28.00 ($5.28 / Ounce)</p><a href="https://www.amazon.com/dp/B07H349CVV?tag=eloabder-20&linkCode=osi&th=1&psc=1">View Product</a></div><div class="product"><a href="https://www.amazon.com/dp/B07KYXYFCH?tag=eloabder-20&linkCode=osi&th=1&psc=1"><img src="https://m.media-amazon.com/images/I/51XCqUPQ3kL._SL500_.jpg" alt="Product Image"></a><p>Batiste Dry Shampoo Original, Cherry, Blush, Tropical (4 pack) 6.73 oz</p><p>$18.40 ($0.68 / Fl Oz )</p><a href="https://www.amazon.com/dp/B07KYXYFCH?tag=eloabder-20&linkCode=osi&th=1&psc=1">View Product</a></div><div class="product"><a href="https://www.amazon.com/dp/B00VXO5RPK?tag=eloabder-20&linkCode=osi&th=1&psc=1"><img src="https://m.media-amazon.com/images/I/31PdfHcw8KL._SL500_.jpg" alt="Product Image"></a><p>Moroccanoil Dry Shampoo Light Tones, 5.4 Fl. Oz.</p><p>$26.00 ($3.77 / Fl Oz)</p><a href="https://www.amazon.com/dp/B00VXO5RPK?tag=eloabder-20&linkCode=osi&th=1&psc=1">View Product</a></div><div class="product"><a href="https://www.amazon.com/dp/B0CJMV7HLS?tag=eloabder-20&linkCode=osi&th=1&psc=1"><img src="https://m.media-amazon.com/images/I/31gMgsK04KL._SL500_.jpg" alt="Product Image"></a><p>Batiste Sweat Activated Dry Shampoo, Neutralizes Odor for Up to 24 Hours & Prevents Sweat Buildup in Hair, Waterless Shampoo, 3.81 Oz</p><p>$9.98 ($1.91 / Ounce)</p><a href="https://www.amazon.com/dp/B0CJMV7HLS?tag=eloabder-20&linkCode=osi&th=1&psc=1">View Product</a></div><div class="product"><a href="https://www.amazon.com/dp/B00GMP4ZN0?tag=eloabder-20&linkCode=osi&th=1&psc=1"><img src="https://m.media-amazon.com/images/I/51C9sFpjj0L._SL500_.jpg" alt="Product Image"></a><p>Batiste Shampoo Dry Fresh 6.73 Ounce (199ml) (3 Pack)</p><p>$14.21 ($0.74 / Fl Oz)</p><a href="https://www.amazon.com/dp/B00GMP4ZN0?tag=eloabder-20&linkCode=osi&th=1&psc=1">View Product</a></div><div class="product"><a href="https://www.amazon.com/dp/B008CYGSZC?tag=eloabder-20&linkCode=osi&th=1&psc=1"><img src="https://m.media-amazon.com/images/I/41FmX163QeL._SL500_.jpg" alt="Product Image"></a><p>Batiste 3 Piece Dry Shampoo Set, Original</p><p>$18.21 ($0.90 / Fl Oz)</p><a href="https://www.amazon.com/dp/B008CYGSZC?tag=eloabder-20&linkCode=osi&th=1&psc=1">View Product</a></div><div class="product"><a href="https://www.amazon.com/dp/B08NRH5DNR?tag=eloabder-20&linkCode=osi&th=1&psc=1"><img src="https://m.media-amazon.com/images/I/511UJeCVLLL._SL500_.jpg" alt="Product Image"></a><p>Batiste Dry Shampoo Spray 4 Pack Variety Mix, Original Clean And Classic, and Tropical Fragrance, 2 Each 6.73 oz.</p><p>$18.64 ($0.69 / Fl Oz)</p><a href="https://www.amazon.com/dp/B08NRH5DNR?tag=eloabder-20&linkCode=osi&th=1&psc=1">View Product</a></div><div class="product"><a href="https://www.amazon.com/dp/B01IAFCTT6?tag=eloabder-20&linkCode=osi&th=1&psc=1"><img src="https://m.media-amazon.com/images/I/51Rqh61NzHL._SL500_.jpg" alt="Product Image"></a><p>Batiste Dry Shampoo, Dark & Deep Brown 6.73 oz (Pack of 3)</p><p>$15.88 ($0.79 / Fl Oz)</p><a href="https://www.amazon.com/dp/B01IAFCTT6?tag=eloabder-20&linkCode=osi&th=1&psc=1">View Product</a></div>

<div class="product"><a href="https://www.amazon.com/dp/B08GSTPT8Y?tag=eloabder-20&linkCode=osi&th=1&psc=1"><img src="https://m.media-amazon.com/images/I/41sX+hKcbML._SL500_.jpg" alt="Product Image"></a><p>AOA Studio Collection makeup Sponge Set Latex Free and High-definition Set of 6 makeup Wonder blender For Powder Cream and Liquid, Super Soft Wonder Beauty Cosmetic</p><p>$9.95 ($1.66 / Count)</p><a href="https://www.amazon.com/dp/B08GSTPT8Y?tag=eloabder-20&linkCode=osi&th=1&psc=1">View Product</a></div><div class="product"><a href="https://www.amazon.com/dp/B0CJFFR574?tag=eloabder-20&linkCode=osi&th=1&psc=1"><img src="https://m.media-amazon.com/images/I/41nkQ05yLcL._SL500_.jpg" alt="Product Image"></a><p>SUNGBOON EDITOR Deep Collagen Overnight Mask 37gx4ea | The real collagen 2,160,000ppb | Facial Hydrogel Masks with low molecular weight collagen for elasticity, firming, and moisturizing</p><p>$19.00 ($4.75 / Count)</p><a href="https://www.amazon.com/dp/B0CJFFR574?tag=eloabder-20&linkCode=osi&th=1&psc=1">View Product</a></div><div class="product"><a href="https://www.amazon.com/dp/B0C4H1GPG1?tag=eloabder-20&linkCode=osi&th=1&psc=1"><img src="https://m.media-amazon.com/images/I/41jyzyKyY2L._SL500_.jpg" alt="Product Image"></a><p>BEAKEY Latex Free Blender Makeup Sponge for Blending, Pink Makeup Sponge Set, Soft Beauty Sponge, for Flawless Application of Liquid, Cream, and Powder Cosmetics, Pink Makeup Gifts</p><p>$6.99 ($1.40 / Count)</p><a href="https://www.amazon.com/dp/B0C4H1GPG1?tag=eloabder-20&linkCode=osi&th=1&psc=1">View Product</a></div><div class="product"><a href="https://www.amazon.com/dp/B0B45LL4DD?tag=eloabder-20&linkCode=osi&th=1&psc=1"><img src="https://m.media-amazon.com/images/I/31ZNIWikbtL._SL500_.jpg" alt="Product Image"></a><p>Beauty of Joseon Revive Eye Serum with Retinal Niacinamide Correction for Puffy Eye Bags Fine Lines Dark Circles Wrinkles, Korean Skin Care 30ml, 1 fl.oz</p><p>$14.93 ($14.93 / Fl Oz)</p><a href="https://www.amazon.com/dp/B0B45LL4DD?tag=eloabder-20&linkCode=osi&th=1&psc=1">View Product</a></div><div class="product"><a href="https://www.amazon.com/dp/B00PBX3L7K?tag=eloabder-20&linkCode=osi&th=1&psc=1"><img src="https://m.media-amazon.com/images/I/31OiAm-FA8L._SL500_.jpg" alt="Product Image"></a><p>COSRX Snail Mucin 96% Power Repairing Essence 3.38 fl.oz 100ml, Hydrating Serum for Face with Snail Secretion Filtrate for Dull Skin & Fine Lines, Korean Skincare</p><p>$14.50 ($4.29 / Fl Oz)</p><a href="https://www.amazon.com/dp/B00PBX3L7K?tag=eloabder-20&linkCode=osi&th=1&psc=1">View Product</a></div><div class="product"><a href="https://www.amazon.com/dp/B00QPNVC0I?tag=eloabder-20&linkCode=osi&th=1&psc=1"><img src="https://m.media-amazon.com/images/I/31wV3gYUEpL._SL500_.jpg" alt="Product Image"></a><p>Real Techniques Miracle Complexion Sponge Set Duo, 2 Makeup Sponges For Liquid & Cream Makeup, Makeup Blender Sponge For Buildable Coverage, Foundation Sponge For Natural, Dewy Base, Latex-Free Foam</p><p>$7.69 ($3.84 / Count)</p><a href="https://www.amazon.com/dp/B00QPNVC0I?tag=eloabder-20&linkCode=osi&th=1&psc=1">View Product</a></div><div class="product"><a href="https://www.amazon.com/dp/B0CZYJYX4Q?tag=eloabder-20&linkCode=osi&th=1&psc=1"><img src="https://m.media-amazon.com/images/I/31hNatkE-9L._SL500_.jpg" alt="Product Image"></a><p>LANEIGE Lip Glowy Balm Mango: Hydrate, Glossy, Lightweight, Moisturize & Tint with Shea Butter</p><p>$19.00 ($54.29 / Ounce)</p><a href="https://www.amazon.com/dp/B0CZYJYX4Q?tag=eloabder-20&linkCode=osi&th=1&psc=1">View Product</a></div><div class="product"><a href="https://www.amazon.com/dp/B0CXQR14J3?tag=eloabder-20&linkCode=osi&th=1&psc=1"><img src="https://m.media-amazon.com/images/I/31RRaB6c+JL._SL500_.jpg" alt="Product Image"></a><p>e.l.f. Power Grip Dewy Setting Spray, Ultra Fine Mist Made With Hyaluronic Acid, Grips Makeup For A Hydrated, Dewy Finish, Vegan & Cruelty-Free</p><p>$10.00 ($3.70 / Fl Oz)</p><a href="https://www.amazon.com/dp/B0CXQR14J3?tag=eloabder-20&linkCode=osi&th=1&psc=1">View Product</a></div><div class="product"><a href="https://www.amazon.com/dp/B0CZF2T7CK?tag=eloabder-20&linkCode=osi&th=1&psc=1"><img src="https://m.media-amazon.com/images/I/41nBLpIw8wL._SL500_.jpg" alt="Product Image"></a><p>L'Oreal Paris Infallible 3-Second Setting Spray Mist, Microfine Mist for up to 36HR Wear, Clear, 1.76 Fl Oz</p><p>$10.98</p><a href="https://www.amazon.com/dp/B0CZF2T7CK?tag=eloabder-20&linkCode=osi&th=1&psc=1">View Product</a></div>
<div class="product"><a href="https://www.amazon.com/dp/B0D3JDYWZ6?tag=eloabder-20&linkCode=osi&th=1&psc=1"><img src="https://m.media-amazon.com/images/I/41c+v1LLXzL._SL500_.jpg" alt="Product Image"></a><p>e.l.f. Soft Glam Foundation, Medium Coverage, Long-Lasting & Buildable Foundation For A Smooth, Satin Finish, Vegan & Cruelty-Free, 31 Medium Neutral</p><p>$7.99</p><a href="https://www.amazon.com/dp/B0D3JDYWZ6?tag=eloabder-20&linkCode=osi&th=1&psc=1">View Product</a></div><div class="product"><a href="https://www.amazon.com/dp/B00PFCSURS?tag=eloabder-20&linkCode=osi&th=1&psc=1"><img src="https://m.media-amazon.com/images/I/41v54YdLHSL._SL500_.jpg" alt="Product Image"></a><p>Maybelline Fit Me Matte + Poreless Liquid Oil-Free Foundation Makeup, Natural Beige, 1 Count (Packaging May Vary)</p><p>$9.99</p><a href="https://www.amazon.com/dp/B00PFCSURS?tag=eloabder-20&linkCode=osi&th=1&psc=1">View Product</a></div><div class="product"><a href="https://www.amazon.com/dp/B07DFK238H?tag=eloabder-20&linkCode=osi&th=1&psc=1"><img src="https://m.media-amazon.com/images/I/31mAhNJ+4hL._SL500_.jpg" alt="Product Image"></a><p>e.l.f. Flawless Finish Foundation, Lightweight & Medium Coverage, Semi-Matte Finish, Light Ivory, 0.68 Fl Oz (20mL)</p><p>$6.00</p><a href="https://www.amazon.com/dp/B07DFK238H?tag=eloabder-20&linkCode=osi&th=1&psc=1">View Product</a></div><div class="product"><a href="https://www.amazon.com/dp/B01ACPW1SG?tag=eloabder-20&linkCode=osi&th=1&psc=1"><img src="https://m.media-amazon.com/images/I/41aIRzbHxNL._SL500_.jpg" alt="Product Image"></a><p>CoverGirl & Olay Simply Ageless 3-in-1 Liquid Foundation, Matte Finish, Hyaluronic & Vitamin C Formula, Cruelty Free, Classic Ivory, 1 Count</p><p>$10.49</p><a href="https://www.amazon.com/dp/B01ACPW1SG?tag=eloabder-20&linkCode=osi&th=1&psc=1">View Product</a></div><div class="product"><a href="https://www.amazon.com/dp/B000IEMGGE?tag=eloabder-20&linkCode=osi&th=1&psc=1"><img src="https://m.media-amazon.com/images/I/41RtSkNmHSL._SL500_.jpg" alt="Product Image"></a><p>LAURA GELLER NEW YORK Award-Winning Baked Balance-n-Brighten Color Correcting Powder Foundation - Fair - Buildable Light to Medium Coverage - Demi-Matte Natural Finish</p><p>$22.13</p><a href="https://www.amazon.com/dp/B000IEMGGE?tag=eloabder-20&linkCode=osi&th=1&psc=1">View Product</a></div><div class="product"><a href="https://www.amazon.com/dp/B0BCH5WVW6?tag=eloabder-20&linkCode=osi&th=1&psc=1"><img src="https://m.media-amazon.com/images/I/31wajekqpGL._SL500_.jpg" alt="Product Image"></a><p>L'Oreal Paris True Match Super-Blendable Foundation, Medium Coverage Liquid Foundation Makeup, N4, Light Medium, 1 Fl Oz</p><p>$9.97</p><a href="https://www.amazon.com/dp/B0BCH5WVW6?tag=eloabder-20&linkCode=osi&th=1&psc=1">View Product</a></div><div class="product"><a href="https://www.amazon.com/dp/B07MWSP8SG?tag=eloabder-20&linkCode=osi&th=1&psc=1"><img src="https://m.media-amazon.com/images/I/31B37fmqI7L._SL500_.jpg" alt="Product Image"></a><p>e.l.f. Flawless Finish Foundation, Improves Uneven Skin Tone, Lightweight, Medium Coverage & Semi-Matte, Vegan & Cruelty-Free, Beige 0.67 Fl Oz</p><p>$6.00</p><a href="https://www.amazon.com/dp/B07MWSP8SG?tag=eloabder-20&linkCode=osi&th=1&psc=1">View Product</a></div><div class="product"><a href="https://www.amazon.com/dp/B091D8BXSQ?tag=eloabder-20&linkCode=osi&th=1&psc=1"><img src="https://m.media-amazon.com/images/I/31ktknDTqTL._SL500_.jpg" alt="Product Image"></a><p>L'Oreal Paris True Match Nude Hyaluronic Tinted Serum Foundation with 1% Hyaluronic acid, Light 2-3, 1 fl. oz.</p><p>$15.18</p><a href="https://www.amazon.com/dp/B091D8BXSQ?tag=eloabder-20&linkCode=osi&th=1&psc=1">View Product</a></div><div class="product"><a href="https://www.amazon.com/dp/B07Z9WBHXK?tag=eloabder-20&linkCode=osi&th=1&psc=1"><img src="https://m.media-amazon.com/images/I/31c2z97BuBL._SL500_.jpg" alt="Product Image"></a><p>L'Oreal Paris Age Perfect Radiant Serum Foundation with SPF 50, Ivory, 1 fl. oz.</p><p>$14.17</p><a href="https://www.amazon.com/dp/B07Z9WBHXK?tag=eloabder-20&linkCode=osi&th=1&psc=1">View Product</a></div><div class="product"><a href="https://www.amazon.com/dp/B09LCGN136?tag=eloabder-20&linkCode=osi&th=1&psc=1"><img src="https://m.media-amazon.com/images/I/4107EiwloYL._SL500_.jpg" alt="Product Image"></a><p>TIRTIR Mask Fit Red Cushion Foundation | Japan's No.1 Choice for Glass skin, Long-Lasting, Lightweight, Buildable Coverage, Semi-Matte (17C Porcelain, 0.63 Fl Oz (Pack of 1))</p><p>$25.00 ($39.68 / Fl Oz)</p><a href="https://www.amazon.com/dp/B09LCGN136?tag=eloabder-20&linkCode=osi&th=1&psc=1">View Product</a></div>
<div class="product"><a href="https://www.amazon.com/dp/B07Q9V4KMJ?tag=eloabder-20&linkCode=osi&th=1&psc=1"><img src="https://m.media-amazon.com/images/I/31pro1JWTCL._SL500_.jpg" alt="Product Image"></a><p>Maybelline Instant Age Rewind Eraser Dark Circles Treatment Multi-Use Concealer, 115, 1 Count (Packaging May Vary)</p><p>$8.42</p><a href="https://www.amazon.com/dp/B07Q9V4KMJ?tag=eloabder-20&linkCode=osi&th=1&psc=1">View Product</a></div><div class="product"><a href="https://www.amazon.com/dp/B07ZR14WBZ?tag=eloabder-20&linkCode=osi&th=1&psc=1"><img src="https://m.media-amazon.com/images/I/313ljymBVaL._SL500_.jpg" alt="Product Image"></a><p>e.l.f. Hydrating Camo Concealer, Lightweight, Full Coverage, Long Lasting, Conceals, Corrects, Covers, Hydrates, Highlights, Light Sand, Satin Finish, 25 Shades, All-Day Wear, 0.20 Fl Oz</p><p>$7.00</p><a href="https://www.amazon.com/dp/B07ZR14WBZ?tag=eloabder-20&linkCode=osi&th=1&psc=1">View Product</a></div><div class="product"><a href="https://www.amazon.com/dp/B0046VJV36?tag=eloabder-20&linkCode=osi&th=1&psc=1"><img src="https://m.media-amazon.com/images/I/31-ZFCLgLcL._SL500_.jpg" alt="Product Image"></a><p>Maybelline New York Fit Me Liquid Concealer Makeup, Natural Coverage, Lightweight, Conceals, Covers Oil-Free, Fair, 1 Count (Packaging May Vary)</p><p>$6.31</p><a href="https://www.amazon.com/dp/B0046VJV36?tag=eloabder-20&linkCode=osi&th=1&psc=1">View Product</a></div><div class="product"><a href="https://www.amazon.com/dp/B07ZR1CQHS?tag=eloabder-20&linkCode=osi&th=1&psc=1"><img src="https://m.media-amazon.com/images/I/31s0zWRX+4L._SL500_.jpg" alt="Product Image"></a><p>e.l.f. 16HR Camo Concealer, Full Coverage, Highly Pigmented Concealer With Matte Finish, Crease-proof, Vegan & Cruelty-Free, Light Ivory, 0.203 Fl Oz</p><p>$7.00</p><a href="https://www.amazon.com/dp/B07ZR1CQHS?tag=eloabder-20&linkCode=osi&th=1&psc=1">View Product</a></div><div class="product"><a href="https://www.amazon.com/dp/B0814SLHQH?tag=eloabder-20&linkCode=osi&th=1&psc=1"><img src="https://m.media-amazon.com/images/I/312GW4aGnRL._SL500_.jpg" alt="Product Image"></a><p>Neutrogena Healthy Skin Radiant Brightening Cream Concealer with Peptides & Vitamin E Antioxidant,Lightweight Perfecting Concealer,Non-Comedogenic,Bisque Light/Medium 02 neutral undertones,0.24 oz</p><p>$5.62</p><a href="https://www.amazon.com/dp/B0814SLHQH?tag=eloabder-20&linkCode=osi&th=1&psc=1">View Product</a></div><div class="product"><a href="https://www.amazon.com/dp/B007MJKHPA?tag=eloabder-20&linkCode=osi&th=1&psc=1"><img src="https://m.media-amazon.com/images/I/31ljSDY5P1L._SL500_.jpg" alt="Product Image"></a><p>L.A. Girl Pro Conceal HD Concealer, Creamy Beige, 0.28 Ounce</p><p>$4.97 ($17.75 / Ounce)</p><a href="https://www.amazon.com/dp/B007MJKHPA?tag=eloabder-20&linkCode=osi&th=1&psc=1">View Product</a></div><div class="product"><a href="https://www.amazon.com/dp/B09HNMRQN2?tag=eloabder-20&linkCode=osi&th=1&psc=1"><img src="https://m.media-amazon.com/images/I/31vIe0FIEML._SL500_.jpg" alt="Product Image"></a><p>NYX PROFESSIONAL MAKEUP Bare With Me Concealer Serum, Up To 24Hr Hydration - Vanilla</p><p>$9.00</p><a href="https://www.amazon.com/dp/B09HNMRQN2?tag=eloabder-20&linkCode=osi&th=1&psc=1">View Product</a></div><div class="product"><a href="https://www.amazon.com/dp/B06XQWS1N9?tag=eloabder-20&linkCode=osi&th=1&psc=1"><img src="https://m.media-amazon.com/images/I/31rKumTg1GL._SL500_.jpg" alt="Product Image"></a><p>COVERGIRL Smoothers Concealer, Medium 715, 0.14 ounce (packaging may vary)</p><p>$7.28</p><a href="https://www.amazon.com/dp/B06XQWS1N9?tag=eloabder-20&linkCode=osi&th=1&psc=1">View Product</a></div><div class="product"><a href="https://www.amazon.com/dp/B07H67H5LH?tag=eloabder-20&linkCode=osi&th=1&psc=1"><img src="https://m.media-amazon.com/images/I/31bWoYCj-nL._SL500_.jpg" alt="Product Image"></a><p>L'Oreal Paris Makeup Infallible Full Wear Waterproof Matte Concealer, Full Coverage, Ivory, 0.33 fl. oz.</p><p>$11.45</p><a href="https://www.amazon.com/dp/B07H67H5LH?tag=eloabder-20&linkCode=osi&th=1&psc=1">View Product</a></div><div class="product"><a href="https://www.amazon.com/dp/B0B51NLJWQ?tag=eloabder-20&linkCode=osi&th=1&psc=1"><img src="https://m.media-amazon.com/images/I/31GXqccxM0L._SL500_.jpg" alt="Product Image"></a><p>Fièra Luxury Concealer with Anti-Aging - All Day Coverage for Dark Circles, Fine Lines, Wrinkles & Spots - Neutral Beige, 0.5 Ounce</p><p>$27.00</p><a href="https://www.amazon.com/dp/B0B51NLJWQ?tag=eloabder-20&linkCode=osi&th=1&psc=1">View Product</a></div>
<div class="product"><a href="https://www.amazon.com/dp/B01IM0LVFC?tag=eloabder-20&linkCode=osi&th=1&psc=1"><img src="https://m.media-amazon.com/images/I/31r47BdfjGL._SL500_.jpg" alt="Product Image"></a><p>e.l.f. Prime & Stay Finishing Powder, Sets Makeup, Controls Shine & Smooths Complexion, Sheer, 0.18 Oz (5g)</p><p>$4.00</p><a href="https://www.amazon.com/dp/B01IM0LVFC?tag=eloabder-20&linkCode=osi&th=1&psc=1">View Product</a></div><div class="product"><a href="https://www.amazon.com/dp/B004GC74GG?tag=eloabder-20&linkCode=osi&th=1&psc=1"><img src="https://m.media-amazon.com/images/I/41kZTeBUCSL._SL500_.jpg" alt="Product Image"></a><p>Revlon Face Powder, ColorStay 16 Hour Face Makeup, Longwear Medium- Full Coverage with Flawless Finish, Shine & Oil Free, 880 Translucent, 0.3 Oz</p><p>$9.62</p><a href="https://www.amazon.com/dp/B004GC74GG?tag=eloabder-20&linkCode=osi&th=1&psc=1">View Product</a></div><div class="product"><a href="https://www.amazon.com/dp/B0CPFY5F7P?tag=eloabder-20&linkCode=osi&th=1&psc=1"><img src="https://m.media-amazon.com/images/I/41rYvHbKJ0L._SL500_.jpg" alt="Product Image"></a><p>e.l.f. Primer-Infused Bronzer, Long-Lasting, Lightweight & Buildable Powder Bronzer, Delivers A Matte Finish, Vegan & Cruelty-Free, Catching Rays</p><p>$7.00</p><a href="https://www.amazon.com/dp/B0CPFY5F7P?tag=eloabder-20&linkCode=osi&th=1&psc=1">View Product</a></div><div class="product"><a href="https://www.amazon.com/dp/B0B2VXZRHH?tag=eloabder-20&linkCode=osi&th=1&psc=1"><img src="https://m.media-amazon.com/images/I/41p6UtnQJWL._SL500_.jpg" alt="Product Image"></a><p>bareMinerals Barepro 16HR Skin-Perfecting Powder Foundation, Matte Pressed Powder Foundation Full Coverage with Plant-Based Squalene, Oil Control, Vegan</p><p>$42.00 ($150.00 / Ounce)</p><a href="https://www.amazon.com/dp/B0B2VXZRHH?tag=eloabder-20&linkCode=osi&th=1&psc=1">View Product</a></div><div class="product"><a href="https://www.amazon.com/dp/B0D4752RVV?tag=eloabder-20&linkCode=osi&th=1&psc=1"><img src="https://m.media-amazon.com/images/I/31WKVfT2bML._SL500_.jpg" alt="Product Image"></a><p>Revolution Beauty, Loose Baking Powder, Makeup Setting Powder, Long Lasting Coverage, Mattifies & Reduces Shine, Rose, 1.13 Oz</p><p>$8.00</p><a href="https://www.amazon.com/dp/B0D4752RVV?tag=eloabder-20&linkCode=osi&th=1&psc=1">View Product</a></div><div class="product"><a href="https://www.amazon.com/dp/B0C9LPPJ26?tag=eloabder-20&linkCode=osi&th=1&psc=1"><img src="https://m.media-amazon.com/images/I/51iWoZ-wkuL._SL500_.jpg" alt="Product Image"></a><p>AZUREBEAUTY 42 Pcs Dip Nails Powder Starter Kit, 32 Hot Pink Blue Purple Color Changing Spring Dipping Powder Liquid Set with Base Coat/Top Coat/Activator for French Manicure Salon DIY.</p><p>$19.99 ($19.99 / Count)</p><a href="https://www.amazon.com/dp/B0C9LPPJ26?tag=eloabder-20&linkCode=osi&th=1&psc=1">View Product</a></div><div class="product"><a href="https://www.amazon.com/dp/B0D2N1SZ9V?tag=eloabder-20&linkCode=osi&th=1&psc=1"><img src="https://m.media-amazon.com/images/I/41Ogu3bO7hL._SL500_.jpg" alt="Product Image"></a><p>Artdone Chrome Nail Powder Magic White Pearl Kit Mirror Effect Silver Metallic Holographic Dip Nail Powder For Resin Craft & Nail Art Decoration Iridescent Aurora Mermaid Pigment</p><p>$3.99 ($28.28 / Ounce)</p><a href="https://www.amazon.com/dp/B0D2N1SZ9V?tag=eloabder-20&linkCode=osi&th=1&psc=1">View Product</a></div><div class="product"><a href="https://www.amazon.com/dp/B0D19YQWSX?tag=eloabder-20&linkCode=osi&th=1&psc=1"><img src="https://m.media-amazon.com/images/I/21GbGbhBFWL._SL500_.jpg" alt="Product Image"></a><p>NYX PROFESSIONAL MAKEUP Brow Powder Louder Eyebrow Pencil, Brow Pencil with Buildable Volume For Up To 12HR Wear, Vegan Formula - Ash Brown</p><p>$6.00</p><a href="https://www.amazon.com/dp/B0D19YQWSX?tag=eloabder-20&linkCode=osi&th=1&psc=1">View Product</a></div><div class="product"><a href="https://www.amazon.com/dp/B00AOU5NVC?tag=eloabder-20&linkCode=osi&th=1&psc=1"><img src="https://m.media-amazon.com/images/I/31eI9oALZzL._SL500_.jpg" alt="Product Image"></a><p>Neutrogena Mineral Sheers Lightweight Loose Powder Makeup Foundation with Vitamins A, C, & E, Sheer to Medium Buildable Coverage, Skin Tone Enhancer, Face Redness Reducer, Nude 40,.19 oz</p><p>$5.72</p><a href="https://www.amazon.com/dp/B00AOU5NVC?tag=eloabder-20&linkCode=osi&th=1&psc=1">View Product</a></div>
<div class="product"><a href="https://www.amazon.com/dp/B07PNCB73M?tag=eloabder-20&linkCode=osi&th=1&psc=1"><img src="https://m.media-amazon.com/images/I/41+KYSFOLML._SL500_.jpg" alt="Product Image"></a><p>Milani Baked Blush - Petal Primavera (0.12 Ounce) Cruelty-Free Powder Blush - Shape, Contour & Highlight Face for a Shimmery or Matte Finish</p><p>$8.97</p><a href="https://www.amazon.com/dp/B07PNCB73M?tag=eloabder-20&linkCode=osi&th=1&psc=1">View Product</a></div><div class="product"><a href="https://www.amazon.com/dp/B0CPFYGNR7?tag=eloabder-20&linkCode=osi&th=1&psc=1"><img src="https://m.media-amazon.com/images/I/31EJvMa7jyL._SL500_.jpg" alt="Product Image"></a><p>e.l.f. Camo Liquid Blush, Long-lasting Liquid Blush For High-pigment Color, Creates A Soft, Dewy Finish, Vegan & Cruelty-free, Dusty Rosé</p><p>$7.00</p><a href="https://www.amazon.com/dp/B0CPFYGNR7?tag=eloabder-20&linkCode=osi&th=1&psc=1">View Product</a></div><div class="product"><a href="https://www.amazon.com/dp/B0CZ5HLDK9?tag=eloabder-20&linkCode=osi&th=1&psc=1"><img src="https://m.media-amazon.com/images/I/41rZu1cS8QL._SL500_.jpg" alt="Product Image"></a><p>NYX PROFESSIONAL MAKEUP Buttermelt Powder Blush, Fade and Transfer-Resistant Blush, Up to 12HR Make Up Wear, Vegan Formula - For The Butta</p><p>$9.97</p><a href="https://www.amazon.com/dp/B0CZ5HLDK9?tag=eloabder-20&linkCode=osi&th=1&psc=1">View Product</a></div><div class="product"><a href="https://www.amazon.com/dp/B06XDNPXD1?tag=eloabder-20&linkCode=osi&th=1&psc=1"><img src="https://m.media-amazon.com/images/I/41IryPTf51L._SL500_.jpg" alt="Product Image"></a><p>Maybelline Fit Me Powder Blush, Lightweight, Smooth, Blendable, Long-lasting All-Day Face Enhancing Makeup Color, Mauve, 1 Count</p><p>$4.62</p><a href="https://www.amazon.com/dp/B06XDNPXD1?tag=eloabder-20&linkCode=osi&th=1&psc=1">View Product</a></div><div class="product"><a href="https://www.amazon.com/dp/B082YPNTZ4?tag=eloabder-20&linkCode=osi&th=1&psc=1"><img src="https://m.media-amazon.com/images/I/41vtXkWXs8L._SL500_.jpg" alt="Product Image"></a><p>wet n wild Color Icon Blush, Effortless Glow & Seamless Blend infused with Luxuriously Smooth Jojoba Oil, Sheer Finish with a Matte Natural Glow, Cruelty-Free & Vegan - Pinch Me Pink</p><p>$3.28</p><a href="https://www.amazon.com/dp/B082YPNTZ4?tag=eloabder-20&linkCode=osi&th=1&psc=1">View Product</a></div><div class="product"><a href="https://www.amazon.com/dp/B0CPFWJJQJ?tag=eloabder-20&linkCode=osi&th=1&psc=1"><img src="https://m.media-amazon.com/images/I/41+GdEwyGqL._SL500_.jpg" alt="Product Image"></a><p>e.l.f. Primer-Infused Matte Blush, Long-Lasting, Lightweight & Buildable Powder Blush, Delivers A Matte Finish, Vegan & Cruelty-Free, Always Crushing</p><p>$7.00</p><a href="https://www.amazon.com/dp/B0CPFWJJQJ?tag=eloabder-20&linkCode=osi&th=1&psc=1">View Product</a></div><div class="product"><a href="https://www.amazon.com/dp/B0B64GX5LN?tag=eloabder-20&linkCode=osi&th=1&psc=1"><img src="https://m.media-amazon.com/images/I/31aZBeyUSsL._SL500_.jpg" alt="Product Image"></a><p>LAURA GELLER NEW YORK Serum Blush Tint, Lightweight Liquid Blush for Cheeks, Weightless Watercolor Sheer Finish, Practical Pink</p><p>$15.74</p><a href="https://www.amazon.com/dp/B0B64GX5LN?tag=eloabder-20&linkCode=osi&th=1&psc=1">View Product</a></div><div class="product"><a href="https://www.amazon.com/dp/B0BHFBBH25?tag=eloabder-20&linkCode=osi&th=1&psc=1"><img src="https://m.media-amazon.com/images/I/31uqOuPPf5L._SL500_.jpg" alt="Product Image"></a><p>SHEGLAM Color Bloom Liquid Blush Makeup for Cheeks Matte Finish - Love Cake</p><p>$6.99</p><a href="https://www.amazon.com/dp/B0BHFBBH25?tag=eloabder-20&linkCode=osi&th=1&psc=1">View Product</a></div><div class="product"><a href="https://www.amazon.com/dp/B00J56D0G6?tag=eloabder-20&linkCode=osi&th=1&psc=1"><img src="https://m.media-amazon.com/images/I/31MVN0QAhfL._SL500_.jpg" alt="Product Image"></a><p>e.l.f. Cosmetics Powder Blush Palette, Four Blush Shades for Beautiful, Long-Lasting Pigment, Light</p><p>$6.00</p><a href="https://www.amazon.com/dp/B00J56D0G6?tag=eloabder-20&linkCode=osi&th=1&psc=1">View Product</a></div><div class="product"><a href="https://www.amazon.com/dp/B07J47FHR1?tag=eloabder-20&linkCode=osi&th=1&psc=1"><img src="https://m.media-amazon.com/images/I/41Xyor9x2SL._SL500_.jpg" alt="Product Image"></a><p>Nars Blush in ORGASM Full Size 0.16 oz. / 4.8 g in Retail Box New Edition</p><p>$22.00</p><a href="https://www.amazon.com/dp/B07J47FHR1?tag=eloabder-20&linkCode=osi&th=1&psc=1">View Product</a></div>
<div class="product"><a href="https://www.amazon.com/dp/B018B8Q5Z6?tag=eloabder-20&linkCode=osi&th=1&psc=1"><img src="https://m.media-amazon.com/images/I/41D9ZHQRaSL._SL500_.jpg" alt="Product Image"></a><p>Physicians Formula Murumuru Butter Bronzer, Moisturizing, Nourishing Murumuru Butter Blend for Silky All-Day Luminous Glow, Dermatologist Tested, Hypoallergenic, Vegan & Cruelty-Free -Bronzer</p><p>$12.15</p><a href="https://www.amazon.com/dp/B018B8Q5Z6?tag=eloabder-20&linkCode=osi&th=1&psc=1">View Product</a></div><div class="product"><a href="https://www.amazon.com/dp/B001B0H82Q?tag=eloabder-20&linkCode=osi&th=1&psc=1"><img src="https://m.media-amazon.com/images/I/41I3B-YoLkL._SL500_.jpg" alt="Product Image"></a><p>Rimmel London Natural - 022 Sun Bronze - Bronzer, Matte Finish, 0.49oz</p><p>$4.49</p><a href="https://www.amazon.com/dp/B001B0H82Q?tag=eloabder-20&linkCode=osi&th=1&psc=1">View Product</a></div><div class="product"><a href="https://www.amazon.com/dp/B0BM5HX7DN?tag=eloabder-20&linkCode=osi&th=1&psc=1"><img src="https://m.media-amazon.com/images/I/41DwoHQgzsL._SL500_.jpg" alt="Product Image"></a><p>Benefit Hoola Matte Bronzer Mini 0.08 Ounce</p><p>$17.85</p><a href="https://www.amazon.com/dp/B0BM5HX7DN?tag=eloabder-20&linkCode=osi&th=1&psc=1">View Product</a></div><div class="product"><a href="https://www.amazon.com/dp/B07M7NGVW7?tag=eloabder-20&linkCode=osi&th=1&psc=1"><img src="https://m.media-amazon.com/images/I/51dvod9PjTL._SL500_.jpg" alt="Product Image"></a><p>wet n wild Color Icon Bronzer What Shady Beaches</p><p>$2.96</p><a href="https://www.amazon.com/dp/B07M7NGVW7?tag=eloabder-20&linkCode=osi&th=1&psc=1">View Product</a></div><div class="product"><a href="https://www.amazon.com/dp/B07ZR187P5?tag=eloabder-20&linkCode=osi&th=1&psc=1"><img src="https://m.media-amazon.com/images/I/410nkMFZLYL._SL500_.jpg" alt="Product Image"></a><p>e.l.f. Primer-infused Bronzer, Long-Wear, Matte, Bold, Lightweight, Blends Easily, Contours Cheeks, Forever Sun Kissed, All-Day Wear, 0.35 Oz</p><p>$7.00 ($20.00 / Ounce)</p><a href="https://www.amazon.com/dp/B07ZR187P5?tag=eloabder-20&linkCode=osi&th=1&psc=1">View Product</a></div><div class="product"><a href="https://www.amazon.com/dp/B0CPFVTY7M?tag=eloabder-20&linkCode=osi&th=1&psc=1"><img src="https://m.media-amazon.com/images/I/41rO68Q0mlL._SL500_.jpg" alt="Product Image"></a><p>e.l.f. Primer-Infused Bronzer, Long-Lasting, Lightweight & Buildable Powder Bronzer, Delivers A Matte Finish, Vegan & Cruelty-Free, Fresh Tan</p><p>$7.00</p><a href="https://www.amazon.com/dp/B0CPFVTY7M?tag=eloabder-20&linkCode=osi&th=1&psc=1">View Product</a></div><div class="product"><a href="https://www.amazon.com/dp/B00518N3VE?tag=eloabder-20&linkCode=osi&th=1&psc=1"><img src="https://m.media-amazon.com/images/I/41SzIseWK6L._SL500_.jpg" alt="Product Image"></a><p>Milani Baked Bronzer - Glow, Cruelty-Free Shimmer Bronzing Powder to Use For Contour Makeup, Highlighters Makeup, Bronzer Makeup, 0.25 Ounce</p><p>$9.97 ($39.88 / Ounce)</p><a href="https://www.amazon.com/dp/B00518N3VE?tag=eloabder-20&linkCode=osi&th=1&psc=1">View Product</a></div><div class="product"><a href="https://www.amazon.com/dp/B006WZ9O72?tag=eloabder-20&linkCode=osi&th=1&psc=1"><img src="https://m.media-amazon.com/images/I/51rDNo9JnqL._SL500_.jpg" alt="Product Image"></a><p>Physicians Formula Bronze Booster Glow-Boosting Season-to-Season, Customizable Seasonal Glow Glow, Lasting Tan Boost, Hypoallergenic Powder, Cruelty-Free & Hypoallergenic- Light-to-Medium</p><p>$12.98</p><a href="https://www.amazon.com/dp/B006WZ9O72?tag=eloabder-20&linkCode=osi&th=1&psc=1">View Product</a></div><div class="product"><a href="https://www.amazon.com/dp/B0CNTYPSSZ?tag=eloabder-20&linkCode=osi&th=1&psc=1"><img src="https://m.media-amazon.com/images/I/416D4Z7hQ8L._SL500_.jpg" alt="Product Image"></a><p>Milani Cheek Kiss Cream Bronzer-110 Hey Honey</p><p>$9.97</p><a href="https://www.amazon.com/dp/B0CNTYPSSZ?tag=eloabder-20&linkCode=osi&th=1&psc=1">View Product</a></div><div class="product"><a href="https://www.amazon.com/dp/B0CVNKP1FM?tag=eloabder-20&linkCode=osi&th=1&psc=1"><img src="https://m.media-amazon.com/images/I/41v4UlIsUOL._SL500_.jpg" alt="Product Image"></a><p>NYX PROFESSIONAL MAKEUP Matte Buttermelt Bronzer, Longwear Face Makeup with Up to 12 Hours of Wear, Vegan Formula - Butta Than U</p><p>$7.70</p><a href="https://www.amazon.com/dp/B0CVNKP1FM?tag=eloabder-20&linkCode=osi&th=1&psc=1">View Product</a></div>
<div class="product"><a href="https://www.amazon.com/dp/B09288DSSX?tag=eloabder-20&linkCode=osi&th=1&psc=1"><img src="https://m.media-amazon.com/images/I/417z6evbmhL._SL500_.jpg" alt="Product Image"></a><p>KYDA Face Highlighter Palette, High Glossy Face Illuminator Palette, Narutal Glow Finish, Pearl Shimmer Smooth Baked Powder, Lasting Sparkling Highlighter Makeup-SUN GLOW</p><p>$9.99</p><a href="https://www.amazon.com/dp/B09288DSSX?tag=eloabder-20&linkCode=osi&th=1&psc=1">View Product</a></div><div class="product"><a href="https://www.amazon.com/dp/B0C41PSDZF?tag=eloabder-20&linkCode=osi&th=1&psc=1"><img src="https://m.media-amazon.com/images/I/41FLNU-tL-L._SL500_.jpg" alt="Product Image"></a><p>NYX PROFESSIONAL MAKEUP, Jumbo Multi-Use Face Highlighter Stick - Vanilla Ice Cream</p><p>$6.00</p><a href="https://www.amazon.com/dp/B0C41PSDZF?tag=eloabder-20&linkCode=osi&th=1&psc=1">View Product</a></div><div class="product"><a href="https://www.amazon.com/dp/B082YPL2SV?tag=eloabder-20&linkCode=osi&th=1&psc=1"><img src="https://m.media-amazon.com/images/I/51Y+MCkwArL._SL500_.jpg" alt="Product Image"></a><p>Wet n Wild MegaGlo Blushlighter, Blendable Blush & Highlighter Set, Shimmery Metallic Finish, Highlight Bling</p><p>$5.47</p><a href="https://www.amazon.com/dp/B082YPL2SV?tag=eloabder-20&linkCode=osi&th=1&psc=1">View Product</a></div><div class="product"><a href="https://www.amazon.com/dp/B07QPY11KY?tag=eloabder-20&linkCode=osi&th=1&psc=1"><img src="https://m.media-amazon.com/images/I/312T7p8cW6L._SL500_.jpg" alt="Product Image"></a><p>Revolution Beauty, Reloaded Pressed Powder Highlighter, Intensely Pigmented for a High Impact Dewy Finish, Dare To Divulge, 0.22 Oz.</p><p>$6.98</p><a href="https://www.amazon.com/dp/B07QPY11KY?tag=eloabder-20&linkCode=osi&th=1&psc=1">View Product</a></div><div class="product"><a href="https://www.amazon.com/dp/B0C6V67KJW?tag=eloabder-20&linkCode=osi&th=1&psc=1"><img src="https://m.media-amazon.com/images/I/31Yh8b8JEjL._SL500_.jpg" alt="Product Image"></a><p>e.l.f. Halo Glow Highlight Beauty Wand, Liquid Highlighter Wand For Luminous, Glowing Skin, Buildable Formula, Vegan & Cruelty-free,Champagne Campaign</p><p>$9.00</p><a href="https://www.amazon.com/dp/B0C6V67KJW?tag=eloabder-20&linkCode=osi&th=1&psc=1">View Product</a></div><div class="product"><a href="https://www.amazon.com/dp/B073WMG59J?tag=eloabder-20&linkCode=osi&th=1&psc=1"><img src="https://m.media-amazon.com/images/I/51fz8bpJNNL._SL500_.jpg" alt="Product Image"></a><p>wet n wild MegaGlo Highlighting Powder, Highlighter Makeup, Shimmer Glow, Pink Rose Gold Blossom Glow</p><p>$5.47</p><a href="https://www.amazon.com/dp/B073WMG59J?tag=eloabder-20&linkCode=osi&th=1&psc=1">View Product</a></div><div class="product"><a href="https://www.amazon.com/dp/B074PTZCNW?tag=eloabder-20&linkCode=osi&th=1&psc=1"><img src="https://m.media-amazon.com/images/I/31btEAGukiL._SL500_.jpg" alt="Product Image"></a><p>L'Oreal Paris Makeup True Match Lumi Glotion, Natural Glow Enhancer, Illuminator Highlighter Skin Tint, for an All Day Radiant Glow, Light, 1.35 Ounces</p><p>$12.74</p><a href="https://www.amazon.com/dp/B074PTZCNW?tag=eloabder-20&linkCode=osi&th=1&psc=1">View Product</a></div><div class="product"><a href="https://www.amazon.com/dp/B0BD9HYBKD?tag=eloabder-20&linkCode=osi&th=1&psc=1"><img src="https://m.media-amazon.com/images/I/319tXl8nMUL._SL500_.jpg" alt="Product Image"></a><p>LAURA GELLER NEW YORK Baked Natural Glow Highlighter Radiance Enhancing Makeup, French Vanilla</p><p>$18.99</p><a href="https://www.amazon.com/dp/B0BD9HYBKD?tag=eloabder-20&linkCode=osi&th=1&psc=1">View Product</a></div><div class="product"><a href="https://www.amazon.com/dp/B075K784FK?tag=eloabder-20&linkCode=osi&th=1&psc=1"><img src="https://m.media-amazon.com/images/I/51q6Nf009iL._SL500_.jpg" alt="Product Image"></a><p>Physicians Formula Murumuru Butter Highlighter Makeup Face Powder Make Up, Pearl, Dermatologist Approved</p><p>$10.00</p><a href="https://www.amazon.com/dp/B075K784FK?tag=eloabder-20&linkCode=osi&th=1&psc=1">View Product</a></div><div class="product"><a href="https://www.amazon.com/dp/B083574V27?tag=eloabder-20&linkCode=osi&th=1&psc=1"><img src="https://m.media-amazon.com/images/I/41fyFVpDrXL._SL500_.jpg" alt="Product Image"></a><p>Milani Baked Highlighter (Dolce Perla) - Cruelty-Free Powder Highlighter, Highlight Face for a Shimmery or Matte Finish</p><p>$10.97 ($39.18 / Ounce)</p><a href="https://www.amazon.com/dp/B083574V27?tag=eloabder-20&linkCode=osi&th=1&psc=1">View Product</a></div>
<div class="product"><a href="https://www.amazon.com/dp/B09XMYFTB7?tag=eloabder-20&linkCode=osi&th=1&psc=1"><img src="https://m.media-amazon.com/images/I/31t+Ua+JWSL._SL500_.jpg" alt="Product Image"></a><p>e.l.f. Power Grip Primer, Gel-Based & Hydrating Face Primer For Smoothing Skin & Gripping Makeup, Moisturizes & Primes, 0.811 Fl Oz (24 ml)</p><p>$9.98</p><a href="https://www.amazon.com/dp/B09XMYFTB7?tag=eloabder-20&linkCode=osi&th=1&psc=1">View Product</a></div><div class="product"><a href="https://www.amazon.com/dp/B07BHB7QBN?tag=eloabder-20&linkCode=osi&th=1&psc=1"><img src="https://m.media-amazon.com/images/I/31kMxA9EhWL._SL500_.jpg" alt="Product Image"></a><p>Maybelline New York Facestudio Master Prime Primer Makeup, Blur + Pore Minimize, 1 fl. oz.</p><p>$8.99</p><a href="https://www.amazon.com/dp/B07BHB7QBN?tag=eloabder-20&linkCode=osi&th=1&psc=1">View Product</a></div><div class="product"><a href="https://www.amazon.com/dp/B00JZ4V6V4?tag=eloabder-20&linkCode=osi&th=1&psc=1"><img src="https://m.media-amazon.com/images/I/31jO7qDk9zL._SL500_.jpg" alt="Product Image"></a><p>e.l.f. Poreless Face Primer, Restoring Makeup Primer For A Flawless, Smooth Canvas, Infused With Tea Tree & Vitamin A, Vegan & Cruelty-Free, 0.47 Fl Oz</p><p>$7.83</p><a href="https://www.amazon.com/dp/B00JZ4V6V4?tag=eloabder-20&linkCode=osi&th=1&psc=1">View Product</a></div><div class="product"><a href="https://www.amazon.com/dp/B0BQQS5GBQ?tag=eloabder-20&linkCode=osi&th=1&psc=1"><img src="https://m.media-amazon.com/images/I/31TLdF8cy8L._SL500_.jpg" alt="Product Image"></a><p>e.l.f. Power Grip Primer + 4% Niacinamide, Gel-Based & Hydrating Face Primer, Evens Skin & Brightens, Grips Makeup, Vegan & Cruelty-Free, 0.8 Fl Oz</p><p>$10.00</p><a href="https://www.amazon.com/dp/B0BQQS5GBQ?tag=eloabder-20&linkCode=osi&th=1&psc=1">View Product</a></div><div class="product"><a href="https://www.amazon.com/dp/B07NSH2B4D?tag=eloabder-20&linkCode=osi&th=1&psc=1"><img src="https://m.media-amazon.com/images/I/31gmpEmsBmL._SL500_.jpg" alt="Product Image"></a><p>e.l.f. Poreless Putty Primer, Silky, Skin-Perfecting, Lightweight, Long Lasting, Smooths, Hydrates, Minimizes Pores, Flawless Base & Finish, All-Day Wear, Ideal for All Skin Types, 0.74 Fl Oz</p><p>$10.00</p><a href="https://www.amazon.com/dp/B07NSH2B4D?tag=eloabder-20&linkCode=osi&th=1&psc=1">View Product</a></div><div class="product"><a href="https://www.amazon.com/dp/B09WYT4QTJ?tag=eloabder-20&linkCode=osi&th=1&psc=1"><img src="https://m.media-amazon.com/images/I/214qTbvzjrL._SL500_.jpg" alt="Product Image"></a><p>Smashbox The Original Photo Finish Smooth & Blur Oil-Free Makeup Primer - Infused with Vitamin A & E, Reduces The Appearance of Fine Lines and Pores - Travel Size, 0.34 fl oz</p><p>$16.00 ($47.06 / Ounce)</p><a href="https://www.amazon.com/dp/B09WYT4QTJ?tag=eloabder-20&linkCode=osi&th=1&psc=1">View Product</a></div><div class="product"><a href="https://www.amazon.com/dp/B07PQN4XZ1?tag=eloabder-20&linkCode=osi&th=1&psc=1"><img src="https://m.media-amazon.com/images/I/31BdxqUi-iL._SL500_.jpg" alt="Product Image"></a><p>Milk Makeup Hydro Grip Primer - 0.33 fl oz - Hydrates & Grips Makeup for Up to 12 Hours - Prevents Caking - All Skin Types - Fragrance-Free - Vegan, Cruelty Free</p><p>$20.00 ($60.61 / Fl Oz)</p><a href="https://www.amazon.com/dp/B07PQN4XZ1?tag=eloabder-20&linkCode=osi&th=1&psc=1">View Product</a></div><div class="product"><a href="https://www.amazon.com/dp/B00HVI8WYU?tag=eloabder-20&linkCode=osi&th=1&psc=1"><img src="https://m.media-amazon.com/images/I/31educzzSsL._SL500_.jpg" alt="Product Image"></a><p>e.l.f. Hydrating Face Primer, Makeup Primer For Flawless, Smooth Skin & Long-Lasting Makeup, Fills In Pores & Fine Lines, Vegan & Cruelty-free, Small</p><p>$8.00</p><a href="https://www.amazon.com/dp/B00HVI8WYU?tag=eloabder-20&linkCode=osi&th=1&psc=1">View Product</a></div><div class="product"><a href="https://www.amazon.com/dp/B07BHBDN3Y?tag=eloabder-20&linkCode=osi&th=1&psc=1"><img src="https://m.media-amazon.com/images/I/3173qcBCyFL._SL500_.jpg" alt="Product Image"></a><p>Maybelline New York Facestudio Master Prime Primer Makeup, Blur+ Defend, 1 fl. oz.</p><p>$9.77</p><a href="https://www.amazon.com/dp/B07BHBDN3Y?tag=eloabder-20&linkCode=osi&th=1&psc=1">View Product</a></div><div class="product"><a href="https://www.amazon.com/dp/B00I9X3UKM?tag=eloabder-20&linkCode=osi&th=1&psc=1"><img src="https://m.media-amazon.com/images/I/31Bx9WdmmdL._SL500_.jpg" alt="Product Image"></a><p>Rimmel London Stay Matte - 003 - Primer, Ultra-Lightweight, Controls Shine, Doesn’t Feel Greasy, 1oz</p><p>$5.97</p><a href="https://www.amazon.com/dp/B00I9X3UKM?tag=eloabder-20&linkCode=osi&th=1&psc=1">View Product</a></div>
<div class="product"><a href="https://www.amazon.com/dp/B008C131AK?tag=eloabder-20&linkCode=osi&th=1&psc=1"><img src="https://m.media-amazon.com/images/I/41EVShOq3PL._SL500_.jpg" alt="Product Image"></a><p>Maybelline Dream Fresh Skin Hydrating BB cream, 8-in-1 Skin Perfecting Beauty Balm with Broad Spectrum SPF 30, Sheer Tint Coverage, Oil-Free, Medium, 1 Fl Oz</p><p>$7.99</p><a href="https://www.amazon.com/dp/B008C131AK?tag=eloabder-20&linkCode=osi&th=1&psc=1">View Product</a></div><div class="product"><a href="https://www.amazon.com/dp/B0084A5PWQ?tag=eloabder-20&linkCode=osi&th=1&psc=1"><img src="https://m.media-amazon.com/images/I/31RjcO5JPeL._SL500_.jpg" alt="Product Image"></a><p>L'Oréal Paris Makeup Magic Skin Beautifier BB Cream Tinted Moisturizer, Medium, 1 fl oz, 1 Count</p><p>$9.98</p><a href="https://www.amazon.com/dp/B0084A5PWQ?tag=eloabder-20&linkCode=osi&th=1&psc=1">View Product</a></div><div class="product"><a href="https://www.amazon.com/dp/B002B9DWBC?tag=eloabder-20&linkCode=osi&th=1&psc=1"><img src="https://m.media-amazon.com/images/I/41ZejVfTaoL._SL500_.jpg" alt="Product Image"></a><p>MISSHA M Perfect BB Cream No.21 Light Beige for Bright Skin SPF 42 PA +++ 1.69 Fl Oz - Tinted Moisturizer for face with SPF</p><p>$9.90</p><a href="https://www.amazon.com/dp/B002B9DWBC?tag=eloabder-20&linkCode=osi&th=1&psc=1">View Product</a></div><div class="product"><a href="https://www.amazon.com/dp/B00KJ82CN6?tag=eloabder-20&linkCode=osi&th=1&psc=1"><img src="https://m.media-amazon.com/images/I/41VM3jcO3oS._SL500_.jpg" alt="Product Image"></a><p>Maybelline Dream Pure Skin Clearing BB Cream, 8-in-1 Skin Perfecting Beauty Balm With 2% Salicylic Acid, Sheer Tint Coverage, Oil-Free, Light/Medium, 1 Count</p><p>$7.99</p><a href="https://www.amazon.com/dp/B00KJ82CN6?tag=eloabder-20&linkCode=osi&th=1&psc=1">View Product</a></div><div class="product"><a href="https://www.amazon.com/dp/B000V33OGS?tag=eloabder-20&linkCode=osi&th=1&psc=1"><img src="https://m.media-amazon.com/images/I/41I8dzKEI+L._SL500_.jpg" alt="Product Image"></a><p>COVERGIRL Smoothers Lightweight BB Cream, Fair to Light 805, 1.35 oz (Packaging May Vary) Lightweight Hydrating 10-In-1 Skin Enhancer with SPF 21 UV Protection</p><p>$6.97</p><a href="https://www.amazon.com/dp/B000V33OGS?tag=eloabder-20&linkCode=osi&th=1&psc=1">View Product</a></div><div class="product"><a href="https://www.amazon.com/dp/B01E527F38?tag=eloabder-20&linkCode=osi&th=1&psc=1"><img src="https://m.media-amazon.com/images/I/31jXYhER5QL._SL500_.jpg" alt="Product Image"></a><p>COVERGIRL - Clean Matte BB Cream, Oil-Free, Long-Lasting, Sensitive Skin, Lightweight, 100% Cruelty-Free</p><p>$7.99</p><a href="https://www.amazon.com/dp/B01E527F38?tag=eloabder-20&linkCode=osi&th=1&psc=1">View Product</a></div><div class="product"><a href="https://www.amazon.com/dp/B07WTX6SKL?tag=eloabder-20&linkCode=osi&th=1&psc=1"><img src="https://m.media-amazon.com/images/I/41mtjVTdh3L._SL500_.jpg" alt="Product Image"></a><p>MISSHA M Perfect Cover BB Cream No.13 Bright Beige for Fair Skin SPF 42 PA +++ 1.69 Fl Oz - Tinted Moisturizer for face with SPF</p><p>$9.70 ($5.74 / Fl Oz)</p><a href="https://www.amazon.com/dp/B07WTX6SKL?tag=eloabder-20&linkCode=osi&th=1&psc=1">View Product</a></div><div class="product"><a href="https://www.amazon.com/dp/B09BYL7M3G?tag=eloabder-20&linkCode=osi&th=1&psc=1"><img src="https://m.media-amazon.com/images/I/41t-BZ1FdOL._SL500_.jpg" alt="Product Image"></a><p>purlisse Ageless Glow Serum BB Cream SPF 40 : Clean & Cruelty-Free, Full & Flawless Coverage, Hydrates with Collagen | Light 1.4oz</p><p>$39.00 ($37.50 / Fl Oz)</p><a href="https://www.amazon.com/dp/B09BYL7M3G?tag=eloabder-20&linkCode=osi&th=1&psc=1">View Product</a></div><div class="product"><a href="https://www.amazon.com/dp/B08JCK7LSN?tag=eloabder-20&linkCode=osi&th=1&psc=1"><img src="https://m.media-amazon.com/images/I/31KzNyZ7WBL._SL500_.jpg" alt="Product Image"></a><p>PURITO Cica Clearing BB Cream #21 Light Beige 1 fl.oz / 30ml, Vegan bb cream, tinted</p><p>$12.00</p><a href="https://www.amazon.com/dp/B08JCK7LSN?tag=eloabder-20&linkCode=osi&th=1&psc=1">View Product</a></div><div class="product"><a href="https://www.amazon.com/dp/B01M9FG3PS?tag=eloabder-20&linkCode=osi&th=1&psc=1"><img src="https://m.media-amazon.com/images/I/41i-ftNWghL._SL500_.jpg" alt="Product Image"></a><p>pūrlisse Perfect Glow BB Cream SPF 30: Clean & Cruelty-Free, Medium Flawless Coverage, Hydrates with Jasmine | Light 1.4oz</p><p>$36.00 ($26.47 / Fl Oz)</p><a href="https://www.amazon.com/dp/B01M9FG3PS?tag=eloabder-20&linkCode=osi&th=1&psc=1">View Product</a></div>
<div class="product"><a href="https://www.amazon.com/dp/B00RZ4R0ZM?tag=eloabder-20&linkCode=osi&th=1&psc=1"><img src="https://m.media-amazon.com/images/I/41h3Z7gUh4L._SL500_.jpg" alt="Product Image"></a><p>IT Cosmetics Your Skin But Better CC+ Cream, Light (W) - Color Correcting Cream, Full-Coverage Foundation, Hydrating Serum & SPF 50+ Sunscreen - Natural Finish - 1.08 fl oz</p><p>$47.00 ($43.52 / Fl Oz)</p><a href="https://www.amazon.com/dp/B00RZ4R0ZM?tag=eloabder-20&linkCode=osi&th=1&psc=1">View Product</a></div><div class="product"><a href="https://www.amazon.com/dp/B09TSSR6TQ?tag=eloabder-20&linkCode=osi&th=1&psc=1"><img src="https://m.media-amazon.com/images/I/41YfZQIZVHL._SL500_.jpg" alt="Product Image"></a><p>Erborian Color Correcting CC Cream with cica, Tan (Dore) - Lightweight Multi-Purpose Foundation with Illuminating Finish Soothes & Hydrates - SPF Korean Skincare Skin Perfector - 1.5 Oz</p><p>$46.00 ($30.67 / Ounce)</p><a href="https://www.amazon.com/dp/B09TSSR6TQ?tag=eloabder-20&linkCode=osi&th=1&psc=1">View Product</a></div><div class="product"><a href="https://www.amazon.com/dp/B0CG67918Y?tag=eloabder-20&linkCode=osi&th=1&psc=1"><img src="https://m.media-amazon.com/images/I/31ZBRrlGQeL._SL500_.jpg" alt="Product Image"></a><p>Color Correcting CC Cream with SPF 25, Coverage Lightweight Foundation, Hydrating Serum, Even Skin Tone Makeup and Skin Care, Boost Radiance, Refine Skin Texture, Avoid Sun Damage (LightLight, 1PCS)</p><p>$9.99</p><a href="https://www.amazon.com/dp/B0CG67918Y?tag=eloabder-20&linkCode=osi&th=1&psc=1">View Product</a></div><div class="product"><a href="https://www.amazon.com/dp/B07GV322NS?tag=eloabder-20&linkCode=osi&th=1&psc=1"><img src="https://m.media-amazon.com/images/I/318Xp-z4BzL._SL500_.jpg" alt="Product Image"></a><p>IT Cosmetics Your Skin But Better CC+ Cream Illumination - Color Correcting Cream, Full-Coverage Foundation, Hydrating Serum & SPF 50+ Sunscreen Radiant Finish 1.08 fl oz</p><p>$47.00 ($43.52 / Fl Oz)</p><a href="https://www.amazon.com/dp/B07GV322NS?tag=eloabder-20&linkCode=osi&th=1&psc=1">View Product</a></div><div class="product"><a href="https://www.amazon.com/dp/B08TQMG68Q?tag=eloabder-20&linkCode=osi&th=1&psc=1"><img src="https://m.media-amazon.com/images/I/31WzGFVeXLL._SL500_.jpg" alt="Product Image"></a><p>e.l.f. Camo CC Cream, Color Correcting Medium-To-Full Coverage Foundation with SPF 30, Light 240 W, 1.05 Oz (30g)</p><p>$14.29</p><a href="https://www.amazon.com/dp/B08TQMG68Q?tag=eloabder-20&linkCode=osi&th=1&psc=1">View Product</a></div><div class="product"><a href="https://www.amazon.com/dp/B00HUA6LCO?tag=eloabder-20&linkCode=osi&th=1&psc=1"><img src="https://m.media-amazon.com/images/I/31tzzIuzR3L._SL500_.jpg" alt="Product Image"></a><p>Physicians Formula Super CC+ Cream Color-Correction + Care Cream Full Coverage Light Foundation, Anti Aging Hydrating Serum, For Uneven Skin Tone, Dermatologist Approved</p><p>$12.30</p><a href="https://www.amazon.com/dp/B00HUA6LCO?tag=eloabder-20&linkCode=osi&th=1&psc=1">View Product</a></div><div class="product"><a href="https://www.amazon.com/dp/B00E4OQ63I?tag=eloabder-20&linkCode=osi&th=1&psc=1"><img src="https://m.media-amazon.com/images/I/31C4yvovnxL._SL500_.jpg" alt="Product Image"></a><p>Lumene Color Correcting CC Cream - Lightweight Foundation with Medium Coverage - Redness Reducing Face Makeup for a Glowing Complexion - Vegan Formula + Suitable for All Skin Types - Medium (1 fl oz)</p><p>$17.40 ($17.40 / Fl Oz)</p><a href="https://www.amazon.com/dp/B00E4OQ63I?tag=eloabder-20&linkCode=osi&th=1&psc=1">View Product</a></div><div class="product"><a href="https://www.amazon.com/dp/B09TSRF2Q8?tag=eloabder-20&linkCode=osi&th=1&psc=1"><img src="https://m.media-amazon.com/images/I/41lZpQCt9HL._SL500_.jpg" alt="Product Image"></a><p>Erborian Color Correcting CC Cream with Centella Asiatica, Red Correct - Light Multi-Purpose Facial Concealer with Illuminating Finish Soothes & Hydrates - SPF Korean Skincare Skin Perfector - 0.5 Oz</p><p>$25.00 ($50.00 / Ounce)</p><a href="https://www.amazon.com/dp/B09TSRF2Q8?tag=eloabder-20&linkCode=osi&th=1&psc=1">View Product</a></div><div class="product"><a href="https://www.amazon.com/dp/B00U3203IY?tag=eloabder-20&linkCode=osi&th=1&psc=1"><img src="https://m.media-amazon.com/images/I/31BL0K5i4vL._SL500_.jpg" alt="Product Image"></a><p>IT Cosmetics Your Skin But Better CC+ Cream Travel Size, Light (W) - Color Correcting Cream, Full-Coverage Foundation, Hydrating Serum & SPF 50+ Sunscreen - Natural Finish - 0.406 fl oz</p><p>$22.00 ($55.00 / Fl Oz)</p><a href="https://www.amazon.com/dp/B00U3203IY?tag=eloabder-20&linkCode=osi&th=1&psc=1">View Product</a></div>
<div class="product"><a href="https://www.amazon.com/dp/B0CG68RTBB?tag=eloabder-20&linkCode=osi&th=1&psc=1"><img src="https://m.media-amazon.com/images/I/51d8MhcTFdL._SL500_.jpg" alt="Product Image"></a><p>Contour Stick, Highlighter Stick, Blush Stick 3Pcs Cream Contour Kit with Contour Brush, Create Face Contour, Non-greasy, Waterproof Long-lasting Effect, Highlighter Makeup Stick for Beginner Medium</p><p>$6.64 ($1.72 / Ounce)</p><a href="https://www.amazon.com/dp/B0CG68RTBB?tag=eloabder-20&linkCode=osi&th=1&psc=1">View Product</a></div><div class="product"><a href="https://www.amazon.com/dp/B0B7713RZQ?tag=eloabder-20&linkCode=osi&th=1&psc=1"><img src="https://m.media-amazon.com/images/I/51pLW0sMwGL._SL500_.jpg" alt="Product Image"></a><p>4 Colors Cream Contour Sticks Makeup Kit, Primer Face Highlighter Contouring for Beginners, Highlight and Contour Kit, Cream Concealer Makeup Blur Stick, Primer Face Corrector 1#,3#</p><p>$9.98</p><a href="https://www.amazon.com/dp/B0B7713RZQ?tag=eloabder-20&linkCode=osi&th=1&psc=1">View Product</a></div><div class="product"><a href="https://www.amazon.com/dp/B014PVXY5W?tag=eloabder-20&linkCode=osi&th=1&psc=1"><img src="https://m.media-amazon.com/images/I/41Qf+n9Gn-L._SL500_.jpg" alt="Product Image"></a><p>Aesthetica Cosmetics Cream Contour and Highlighting Makeup Kit - Contouring Foundation/Concealer Palette - Vegan & Cruelty Free - Step-by-Step Instructions Included</p><p>$29.97 ($47.57 / Ounce)</p><a href="https://www.amazon.com/dp/B014PVXY5W?tag=eloabder-20&linkCode=osi&th=1&psc=1">View Product</a></div><div class="product"><a href="https://www.amazon.com/dp/B0CSCYCQTP?tag=eloabder-20&linkCode=osi&th=1&psc=1"><img src="https://m.media-amazon.com/images/I/41g9O0LMEpL._SL500_.jpg" alt="Product Image"></a><p>Umadit Contour Stick, Blush Stick, Highlighter Stick, Bronzer Stick, 3 Pcs Cream Contour Kit with Brush for a Flawless Look, Contour Stick Makeup Non-Greasy Waterproof, Long-lasting Fair-Medium</p><p>$14.99</p><a href="https://www.amazon.com/dp/B0CSCYCQTP?tag=eloabder-20&linkCode=osi&th=1&psc=1">View Product</a></div><div class="product"><a href="https://www.amazon.com/dp/B0C6MYW7FC?tag=eloabder-20&linkCode=osi&th=1&psc=1"><img src="https://m.media-amazon.com/images/I/51CRa+rR5yL._SL500_.jpg" alt="Product Image"></a><p>3Pcs Cream Contour Stick Makeup Kit,Shades with Highlighter Stick,Blush Stick and Bronzer Contour Stick for Sculpt the Cheeks,Long Lasting,Waterproof,Matte & Dewy Finish,LIGHT MEDIUM (#02,05,06)</p><p>$12.99</p><a href="https://www.amazon.com/dp/B0C6MYW7FC?tag=eloabder-20&linkCode=osi&th=1&psc=1">View Product</a></div><div class="product"><a href="https://www.amazon.com/dp/B074G44PVR?tag=eloabder-20&linkCode=osi&th=1&psc=1"><img src="https://m.media-amazon.com/images/I/41dMa+Rs2NL._SL500_.jpg" alt="Product Image"></a><p>W7 Lift & Sculpt Cream Contour Kit - Concealing, Highlighting & Contouring Makeup Palette - Step-by-Step Instructions Included</p><p>$6.29 ($8.99 / Ounce)</p><a href="https://www.amazon.com/dp/B074G44PVR?tag=eloabder-20&linkCode=osi&th=1&psc=1">View Product</a></div><div class="product"><a href="https://www.amazon.com/dp/B0045J2GKY?tag=eloabder-20&linkCode=osi&th=1&psc=1"><img src="https://m.media-amazon.com/images/I/31m4Yh07iZL._SL500_.jpg" alt="Product Image"></a><p>Smashbox Step-By-Step Contour, Highlighter, & Bronzer Face Palette with Angled Brush, Light/Medium</p><p>$40.00 ($100.00 / Ounce)</p><a href="https://www.amazon.com/dp/B0045J2GKY?tag=eloabder-20&linkCode=osi&th=1&psc=1">View Product</a></div><div class="product"><a href="https://www.amazon.com/dp/B0169YYBYQ?tag=eloabder-20&linkCode=osi&th=1&psc=1"><img src="https://m.media-amazon.com/images/I/31BGUv-HtUL._SL500_.jpg" alt="Product Image"></a><p>Maybelline Facestudio Master Contour Face Contouring Kit, Light to Medium, 1 Count</p><p>$9.98 ($28.51 / Ounce)</p><a href="https://www.amazon.com/dp/B0169YYBYQ?tag=eloabder-20&linkCode=osi&th=1&psc=1">View Product</a></div><div class="product"><a href="https://www.amazon.com/dp/B00HG1JMB4?tag=eloabder-20&linkCode=osi&th=1&psc=1"><img src="https://m.media-amazon.com/images/I/31wv1eTLSgL._SL500_.jpg" alt="Product Image"></a><p>Anastasia Beverly Hills Contour Powder Kit - Light to Medium Women 0.66 oz</p><p>$40.00 ($60.61 / Ounce)</p><a href="https://www.amazon.com/dp/B00HG1JMB4?tag=eloabder-20&linkCode=osi&th=1&psc=1">View Product</a></div><div class="product"><a href="https://www.amazon.com/dp/B0CZLKZ5MV?tag=eloabder-20&linkCode=osi&th=1&psc=1"><img src="https://m.media-amazon.com/images/I/41bkKtdgzlL._SL500_.jpg" alt="Product Image"></a><p>3Pcs Cream Contour Stick Makeup Kit, Shades with Highlighter Stick, Blush Stick and Bronzer Contour Stick for Sculpt the Cheeks, Long Lasting, Waterproof, Matte & Dewy Finish (LIGHT MEDIUM)</p><p>$9.99</p><a href="https://www.amazon.com/dp/B0CZLKZ5MV?tag=eloabder-20&linkCode=osi&th=1&psc=1">View Product</a></div>
<div class="product"><a href="https://www.amazon.com/dp/B00WZQTCS8?tag=eloabder-20&linkCode=osi&th=1&psc=1"><img src="https://m.media-amazon.com/images/I/41iVoW5QboL._SL500_.jpg" alt="Product Image"></a><p>NYX PROFESSIONAL MAKEUP Micro Brow Pencil, Eyebrow Pencil - Espresso</p><p>$7.33</p><a href="https://www.amazon.com/dp/B00WZQTCS8?tag=eloabder-20&linkCode=osi&th=1&psc=1">View Product</a></div><div class="product"><a href="https://www.amazon.com/dp/B01643FI0I?tag=eloabder-20&linkCode=osi&th=1&psc=1"><img src="https://m.media-amazon.com/images/I/21w1DpgxRoL._SL500_.jpg" alt="Product Image"></a><p>L'Oreal Paris Makeup Brow Stylist Definer Waterproof Eyebrow Pencil, Ultra-Fine Mechanical Pencil, Draws Tiny Brow Hairs and Fills in Sparse Areas and Gaps, Dark Brunette, 0.003 Ounce (Pack of 1)</p><p>$8.98</p><a href="https://www.amazon.com/dp/B01643FI0I?tag=eloabder-20&linkCode=osi&th=1&psc=1">View Product</a></div><div class="product"><a href="https://www.amazon.com/dp/B074VD4X7W?tag=eloabder-20&linkCode=osi&th=1&psc=1"><img src="https://m.media-amazon.com/images/I/41eK8J1W2rL._SL500_.jpg" alt="Product Image"></a><p>Maybelline Total Temptation Eyebrow Definer Pencil, Soft Brown, 1 Count</p><p>$8.99</p><a href="https://www.amazon.com/dp/B074VD4X7W?tag=eloabder-20&linkCode=osi&th=1&psc=1">View Product</a></div><div class="product"><a href="https://www.amazon.com/dp/B0797NNXS7?tag=eloabder-20&linkCode=osi&th=1&psc=1"><img src="https://m.media-amazon.com/images/I/31M1oepnAnL._SL500_.jpg" alt="Product Image"></a><p>wet n wild Ultimate Eyebrow Retractable Definer Pencil, Dark Brown, Dual-Sided, Fine Tip, Shapes, Defines, Fills Brows Makeup</p><p>$3.26</p><a href="https://www.amazon.com/dp/B0797NNXS7?tag=eloabder-20&linkCode=osi&th=1&psc=1">View Product</a></div><div class="product"><a href="https://www.amazon.com/dp/B0B52KG7YP?tag=eloabder-20&linkCode=osi&th=1&psc=1"><img src="https://m.media-amazon.com/images/I/31Mi4FEPxYL._SL500_.jpg" alt="Product Image"></a><p>e.l.f. Instant Lift Brow Pencil, Dual-Ended Precision Brow Pencils For Shaping & Defining Eyebrows, Vegan & Cruelty-Free, Neutral Brown, 2-Pack</p><p>$5.00</p><a href="https://www.amazon.com/dp/B0B52KG7YP?tag=eloabder-20&linkCode=osi&th=1&psc=1">View Product</a></div><div class="product"><a href="https://www.amazon.com/dp/B0CPFY8K8W?tag=eloabder-20&linkCode=osi&th=1&psc=1"><img src="https://m.media-amazon.com/images/I/21SmXiqZZYL._SL500_.jpg" alt="Product Image"></a><p>e.l.f. Instant Lift Waterproof Brow Pencil, Long-Lasting Eyebrow Pencil For Grooming & Shaping Brows, Vegan & Cruelty-free, Deep Brown</p><p>$4.00</p><a href="https://www.amazon.com/dp/B0CPFY8K8W?tag=eloabder-20&linkCode=osi&th=1&psc=1">View Product</a></div><div class="product"><a href="https://www.amazon.com/dp/B0779TDXZD?tag=eloabder-20&linkCode=osi&th=1&psc=1"><img src="https://m.media-amazon.com/images/I/31lQjBd5GoL._SL500_.jpg" alt="Product Image"></a><p>COVERGIRL - Easy Breezy Brow Micro-Fine + Define Pencil, Micro-fine tip, no sharpening required, Built-in spoolie-brush, 100% Cruelty-Free</p><p>$6.98</p><a href="https://www.amazon.com/dp/B0779TDXZD?tag=eloabder-20&linkCode=osi&th=1&psc=1">View Product</a></div><div class="product"><a href="https://www.amazon.com/dp/B001ESKLZQ?tag=eloabder-20&linkCode=osi&th=1&psc=1"><img src="https://m.media-amazon.com/images/I/31bw47frHzS._SL500_.jpg" alt="Product Image"></a><p>COVERGIRL - Easy Breezy Brow Fill + Define Brow Pencil, Sharpener Included, Long-Lasting, Deeply Pigmented, Blendable Formula, 100% Cruelty-Free</p><p>$4.47</p><a href="https://www.amazon.com/dp/B001ESKLZQ?tag=eloabder-20&linkCode=osi&th=1&psc=1">View Product</a></div><div class="product"><a href="https://www.amazon.com/dp/B0BZB5S5VZ?tag=eloabder-20&linkCode=osi&th=1&psc=1"><img src="https://m.media-amazon.com/images/I/21yggYcUn7L._SL500_.jpg" alt="Product Image"></a><p>Maybelline Express Brow Ultra Slim Eyebrow Makeup, Brow Pencil with Precision Tip and Spoolie for Defined Eyebrows, Ash Brown, 1 Count</p><p>$7.99</p><a href="https://www.amazon.com/dp/B0BZB5S5VZ?tag=eloabder-20&linkCode=osi&th=1&psc=1">View Product</a></div><div class="product"><a href="https://www.amazon.com/dp/B0D12PWNK6?tag=eloabder-20&linkCode=osi&th=1&psc=1"><img src="https://m.media-amazon.com/images/I/51u7eOlEtFL._SL500_.jpg" alt="Product Image"></a><p>iMethod Microblading Eyebrow Pen - Eyebrow Pencil Magical 2-in-1 Dual-Ended Eye Brow Pencils for Women with 4-Fork-Tip & Precise Brush-Tip Create Natural Hair-Like Brows, Last All-Day, Dark Brown</p><p>$14.97 ($14.97 / Count)</p><a href="https://www.amazon.com/dp/B0D12PWNK6?tag=eloabder-20&linkCode=osi&th=1&psc=1">View Product</a></div>
<div class="product"><a href="https://www.amazon.com/dp/B08M58SWB1?tag=eloabder-20&linkCode=osi&th=1&psc=1"><img src="https://m.media-amazon.com/images/I/310xAdliG2L._SL500_.jpg" alt="Product Image"></a><p>NYX PROFESSIONAL MAKEUP The Brow Glue, Extreme Hold Eyebrow Gel - Clear</p><p>$9.97</p><a href="https://www.amazon.com/dp/B08M58SWB1?tag=eloabder-20&linkCode=osi&th=1&psc=1">View Product</a></div><div class="product"><a href="https://www.amazon.com/dp/B0CXZHMR7J?tag=eloabder-20&linkCode=osi&th=1&psc=1"><img src="https://m.media-amazon.com/images/I/31Yeo2ybK3L._SL500_.jpg" alt="Product Image"></a><p>L'Oreal Paris Infallible Up To 24H Wear Brow Lamination, Water-Resistant Longwear Eyebrow Gel Make Up, Clear/Transparent, 0.16 Fl Oz</p><p>$10.98</p><a href="https://www.amazon.com/dp/B0CXZHMR7J?tag=eloabder-20&linkCode=osi&th=1&psc=1">View Product</a></div><div class="product"><a href="https://www.amazon.com/dp/B00INCDKDQ?tag=eloabder-20&linkCode=osi&th=1&psc=1"><img src="https://m.media-amazon.com/images/I/31av5tR14oL._SL500_.jpg" alt="Product Image"></a><p>NYX PROFESSIONAL MAKEUP Control Freak Eyebrow Gel - Clear</p><p>$5.25</p><a href="https://www.amazon.com/dp/B00INCDKDQ?tag=eloabder-20&linkCode=osi&th=1&psc=1">View Product</a></div><div class="product"><a href="https://www.amazon.com/dp/B0815D98F3?tag=eloabder-20&linkCode=osi&th=1&psc=1"><img src="https://m.media-amazon.com/images/I/21QZMOUJnZL._SL500_.jpg" alt="Product Image"></a><p>e.l.f. Wow Brow Gel, Volumizing, Buildable, Wax-Gel Hybrid, Creates Full, Voluminous-Looking Brows, Locks Brow Hairs In Place, Neutral Brown, Fiber-Infused, 0.12 Oz</p><p>$5.00</p><a href="https://www.amazon.com/dp/B0815D98F3?tag=eloabder-20&linkCode=osi&th=1&psc=1">View Product</a></div><div class="product"><a href="https://www.amazon.com/dp/B0CZ9RC3LP?tag=eloabder-20&linkCode=osi&th=1&psc=1"><img src="https://m.media-amazon.com/images/I/31iejSSA86L._SL500_.jpg" alt="Product Image"></a><p>Maybelline Super Lock Brow Glue Eyebrow Gel, Lightweight Brow Gel For Up To 24HR Hold, Clear, 1 Count</p><p>$8.98</p><a href="https://www.amazon.com/dp/B0CZ9RC3LP?tag=eloabder-20&linkCode=osi&th=1&psc=1">View Product</a></div><div class="product"><a href="https://www.amazon.com/dp/B07GYBFBLY?tag=eloabder-20&linkCode=osi&th=1&psc=1"><img src="https://m.media-amazon.com/images/I/41kXdvFl3lL._SL500_.jpg" alt="Product Image"></a><p>L'Oreal Paris Unbelieva-Brow Longwear Waterproof Tinted Brow Gel, Smudge-resistant, Transfer- Proof, Quick Drying, Easy and quick application with precise brush, Blonde, 0.15 fl. oz.</p><p>$14.99</p><a href="https://www.amazon.com/dp/B07GYBFBLY?tag=eloabder-20&linkCode=osi&th=1&psc=1">View Product</a></div><div class="product"><a href="https://www.amazon.com/dp/B0BSP2J3BH?tag=eloabder-20&linkCode=osi&th=1&psc=1"><img src="https://m.media-amazon.com/images/I/316Jdh8JQ8L._SL500_.jpg" alt="Product Image"></a><p>e.l.f. Clear Lash & Brow Mascara 2-Pack, Conditioning Clear Brow & Lash Gel For Grooming, Defining & Separating, Long-Lasting, Vegan & Cruelty-Free</p><p>$5.00</p><a href="https://www.amazon.com/dp/B0BSP2J3BH?tag=eloabder-20&linkCode=osi&th=1&psc=1">View Product</a></div><div class="product"><a href="https://www.amazon.com/dp/B0D3FGY5D6?tag=eloabder-20&linkCode=osi&th=1&psc=1"><img src="https://m.media-amazon.com/images/I/31aAxHQKwVL._SL500_.jpg" alt="Product Image"></a><p>e.l.f. Brow Laminating Gel, Strong-Hold, Clear-Drying & Water-Resistant Brow Gel Creates Laminated Brows, Comb & Sculpt Brows, Vegan & Cruelty-free</p><p>$8.00</p><a href="https://www.amazon.com/dp/B0D3FGY5D6?tag=eloabder-20&linkCode=osi&th=1&psc=1">View Product</a></div><div class="product"><a href="https://www.amazon.com/dp/B00GI21NZA?tag=eloabder-20&linkCode=osi&th=1&psc=1"><img src="https://m.media-amazon.com/images/I/31w5F4g8lsL._SL500_.jpg" alt="Product Image"></a><p>Anastasia Beverly Hills - Clear Brow Gel</p><p>$22.00 ($22.00 / Count)</p><a href="https://www.amazon.com/dp/B00GI21NZA?tag=eloabder-20&linkCode=osi&th=1&psc=1">View Product</a></div>
<div class="product"><a href="https://www.amazon.com/dp/B001AAVC7Y?tag=eloabder-20&linkCode=osi&th=1&psc=1"><img src="https://m.media-amazon.com/images/I/51pWQb458XL._SL500_.jpg" alt="Product Image"></a><p>Palladio Brow Powder for Eyebrows, Soft and Natural Eyebrow Powder with Jojoba Oil & Shea Butter, Helps Enhance & Define Brows, Compact Size for Purse or Travel, Includes Applicator Brush, Taupe</p><p>$8.99</p><a href="https://www.amazon.com/dp/B001AAVC7Y?tag=eloabder-20&linkCode=osi&th=1&psc=1">View Product</a></div><div class="product"><a href="https://www.amazon.com/dp/B082YQ4QXJ?tag=eloabder-20&linkCode=osi&th=1&psc=1"><img src="https://m.media-amazon.com/images/I/41eSAKmXl+L._SL500_.jpg" alt="Product Image"></a><p>wet n wild Ultimate Eyebrow Makeup Kit, Eyebrow Powder Dark Brown, Brow Hair Removal Tweezers, Wax, Brush</p><p>$4.47</p><a href="https://www.amazon.com/dp/B082YQ4QXJ?tag=eloabder-20&linkCode=osi&th=1&psc=1">View Product</a></div><div class="product"><a href="https://www.amazon.com/dp/B06XRTKFLK?tag=eloabder-20&linkCode=osi&th=1&psc=1"><img src="https://m.media-amazon.com/images/I/41XwKxED0-L._SL500_.jpg" alt="Product Image"></a><p>COVERGIRL - Easy Breezy Brow Powder Kit, three shades brow definer, professional double-ended angled brush, effortless, 100% Cruelty-Free</p><p>$8.83</p><a href="https://www.amazon.com/dp/B06XRTKFLK?tag=eloabder-20&linkCode=osi&th=1&psc=1">View Product</a></div><div class="product"><a href="https://www.amazon.com/dp/B00L1JKKMC?tag=eloabder-20&linkCode=osi&th=1&psc=1"><img src="https://m.media-amazon.com/images/I/31bkV3lHN+L._SL500_.jpg" alt="Product Image"></a><p>Anastasia Beverly Hills - Brow Powder Duo - Soft Brown</p><p>$23.00</p><a href="https://www.amazon.com/dp/B00L1JKKMC?tag=eloabder-20&linkCode=osi&th=1&psc=1">View Product</a></div><div class="product"><a href="https://www.amazon.com/dp/B00MGK9Q5M?tag=eloabder-20&linkCode=osi&th=1&psc=1"><img src="https://m.media-amazon.com/images/I/415oCHJxIQL._SL500_.jpg" alt="Product Image"></a><p>Rimmel Brow This Way Sculpting Kit, Medium Brown, Powder 0.04 Ounce, Wax 0.03 Ounce</p><p>$6.99</p><a href="https://www.amazon.com/dp/B00MGK9Q5M?tag=eloabder-20&linkCode=osi&th=1&psc=1">View Product</a></div><div class="product"><a href="https://www.amazon.com/dp/B0051UM9VC?tag=eloabder-20&linkCode=osi&th=1&psc=1"><img src="https://m.media-amazon.com/images/I/41Y-UExgalL._SL500_.jpg" alt="Product Image"></a><p>Billion Dollar BrowBillion Dollar Brows - Eyebrow Powder - Blonde Powder, Blonde,</p><p>$10.99</p><a href="https://www.amazon.com/dp/B0051UM9VC?tag=eloabder-20&linkCode=osi&th=1&psc=1">View Product</a></div><div class="product"><a href="https://www.amazon.com/dp/B08KJBZTJG?tag=eloabder-20&linkCode=osi&th=1&psc=1"><img src="https://m.media-amazon.com/images/I/41MbUKhqKML._SL500_.jpg" alt="Product Image"></a><p>Eyebrow powder three-color eyebrow palette beauty contour eyebrow pencil professional eye makeup eyebrow filler1</p><p>$5.16 ($24.57 / Ounce)</p><a href="https://www.amazon.com/dp/B08KJBZTJG?tag=eloabder-20&linkCode=osi&th=1&psc=1">View Product</a></div><div class="product"><a href="https://www.amazon.com/dp/B0C5N2BWM2?tag=eloabder-20&linkCode=osi&th=1&psc=1"><img src="https://m.media-amazon.com/images/I/41JRf57GnvL._SL500_.jpg" alt="Product Image"></a><p>Eyebrow Powder Makeup Kit-3 Colors Eye Brow Powder Palette Long-Lasting Waterproof, Dark/light Brown Brow Filler, Fill & Sculpt Full Eyebrows for Women, With Mirror, Brow Brush & Razor-Set 02</p><p>$7.99 ($38.05 / Ounce)</p><a href="https://www.amazon.com/dp/B0C5N2BWM2?tag=eloabder-20&linkCode=osi&th=1&psc=1">View Product</a></div><div class="product"><a href="https://www.amazon.com/dp/B00M42I62G?tag=eloabder-20&linkCode=osi&th=1&psc=1"><img src="https://m.media-amazon.com/images/I/51Se54PcS2L._SL500_.jpg" alt="Product Image"></a><p>Marie-José & Co Medium Brown Eyebrow Powder - Perfect eyebrows, powder smooth!</p><p>$17.95</p><a href="https://www.amazon.com/dp/B00M42I62G?tag=eloabder-20&linkCode=osi&th=1&psc=1">View Product</a></div>
<div class="product"><a href="https://www.amazon.com/dp/B085WR3YDT?tag=eloabder-20&linkCode=osi&th=1&psc=1"><img src="https://m.media-amazon.com/images/I/41cuO8PyoTL._SL500_.jpg" alt="Product Image"></a><p>wet n wild Color Icon Cream Eyeshadow Multi-Stick, Moisturizing, Nourishing Velvety Cream-to-Powder Buildable & Blendable Formula, Cruelty-Free & Vegan - Champagne Room</p><p>$3.28</p><a href="https://www.amazon.com/dp/B085WR3YDT?tag=eloabder-20&linkCode=osi&th=1&psc=1">View Product</a></div><div class="product"><a href="https://www.amazon.com/dp/B01IW02HX2?tag=eloabder-20&linkCode=osi&th=1&psc=1"><img src="https://m.media-amazon.com/images/I/510F-WOAL4L._SL500_.jpg" alt="Product Image"></a><p>NYX PROFESSIONAL MAKEUP Ultimate Shadow Palette, Eyeshadow Palette - Warm Neutrals</p><p>$9.99</p><a href="https://www.amazon.com/dp/B01IW02HX2?tag=eloabder-20&linkCode=osi&th=1&psc=1">View Product</a></div><div class="product"><a href="https://www.amazon.com/dp/B092JQ23N5?tag=eloabder-20&linkCode=osi&th=1&psc=1"><img src="https://m.media-amazon.com/images/I/51OUufwItlL._SL500_.jpg" alt="Product Image"></a><p>URBAN DECAY 24/7 Longwear Eyeshadow Single (Sin - Champagne Shimmer), High-Pigment Eye Shadow Compact, Smooth & Blendable Colors, Crease-free, Vegan - 0.06 oz</p><p>$22.00</p><a href="https://www.amazon.com/dp/B092JQ23N5?tag=eloabder-20&linkCode=osi&th=1&psc=1">View Product</a></div><div class="product"><a href="https://www.amazon.com/dp/B00L5SMFJU?tag=eloabder-20&linkCode=osi&th=1&psc=1"><img src="https://m.media-amazon.com/images/I/41-WaM3A3tL._SL500_.jpg" alt="Product Image"></a><p>Covergirl Eye Enhancers Eye Shadow Palette, Natural Nudes, 0.19 Ounce</p><p>$5.48</p><a href="https://www.amazon.com/dp/B00L5SMFJU?tag=eloabder-20&linkCode=osi&th=1&psc=1">View Product</a></div><div class="product"><a href="https://www.amazon.com/dp/B01LW1983J?tag=eloabder-20&linkCode=osi&th=1&psc=1"><img src="https://m.media-amazon.com/images/I/51EsPf59XBL._SL500_.jpg" alt="Product Image"></a><p>Julep Eyeshadow 101 Crème to Powder Waterproof Eyeshadow Stick, Champagne Shimmer</p><p>$18.00</p><a href="https://www.amazon.com/dp/B01LW1983J?tag=eloabder-20&linkCode=osi&th=1&psc=1">View Product</a></div><div class="product"><a href="https://www.amazon.com/dp/B0D3FGFBGQ?tag=eloabder-20&linkCode=osi&th=1&psc=1"><img src="https://m.media-amazon.com/images/I/31HD2nUWJSL._SL500_.jpg" alt="Product Image"></a><p>e.l.f. Lock It Down Eyeshadow Primer, Smooth, Creamy Primer For Long-Lasting Eyeshadow, Intensifies Liquid & Powder Color, Vegan & Cruelty-free</p><p>$7.00</p><a href="https://www.amazon.com/dp/B0D3FGFBGQ?tag=eloabder-20&linkCode=osi&th=1&psc=1">View Product</a></div><div class="product"><a href="https://www.amazon.com/dp/B00UKP1M2K?tag=eloabder-20&linkCode=osi&th=1&psc=1"><img src="https://m.media-amazon.com/images/I/41hSsvPHKxL._SL500_.jpg" alt="Product Image"></a><p>Maybelline The Blushed Nudes Eyeshadow Palette Makeup, 12 Pigmented Matte & Shimmer Shades, Blendable Powder, 1 Count</p><p>$9.32</p><a href="https://www.amazon.com/dp/B00UKP1M2K?tag=eloabder-20&linkCode=osi&th=1&psc=1">View Product</a></div><div class="product"><a href="https://www.amazon.com/dp/B07MQJRK7N?tag=eloabder-20&linkCode=osi&th=1&psc=1"><img src="https://m.media-amazon.com/images/I/41yzRaUSPiL._SL500_.jpg" alt="Product Image"></a><p>Highly Pigmented Eye Makeup Palette, Matte Shimmer Metallic Eyeshadow Pallet Long Lasting Blendable Natural Colors Make Up Eye Shadows Cosmetics Gift Kit</p><p>$7.39</p><a href="https://www.amazon.com/dp/B07MQJRK7N?tag=eloabder-20&linkCode=osi&th=1&psc=1">View Product</a></div><div class="product"><a href="https://www.amazon.com/dp/B08RS6WNX7?tag=eloabder-20&linkCode=osi&th=1&psc=1"><img src="https://m.media-amazon.com/images/I/51qCii788PL._SL500_.jpg" alt="Product Image"></a><p>wet n wild Color Icon 5-Pan Palette Brown Walking On Eggshells</p><p>$3.19</p><a href="https://www.amazon.com/dp/B08RS6WNX7?tag=eloabder-20&linkCode=osi&th=1&psc=1">View Product</a></div><div class="product"><a href="https://www.amazon.com/dp/B073ZBGLJF?tag=eloabder-20&linkCode=osi&th=1&psc=1"><img src="https://m.media-amazon.com/images/I/41go9Ug8AOL._SL500_.jpg" alt="Product Image"></a><p>BestLand 2 Pack 12 Colors Makeup Nude Colors Eyeshadow Palette Natural Nude Matte Shimmer Glitter Pigment Eye Shadow Pallete Set Waterproof Smokey Professional Beauty Makeup Kit (2 PCS)</p><p>$9.99</p><a href="https://www.amazon.com/dp/B073ZBGLJF?tag=eloabder-20&linkCode=osi&th=1&psc=1">View Product</a></div>
<div class="product"><a href="https://www.amazon.com/dp/B095PSJ7QV?tag=eloabder-20&linkCode=osi&th=1&psc=1"><img src="https://m.media-amazon.com/images/I/41KLL00KKZL._SL500_.jpg" alt="Product Image"></a><p>URBAN DECAY Naked3 Mini Eyeshadow Palette - Pigmented Eye Makeup Palette For On the Go - Ultra Blendable - Up to 12 Hour Wear</p><p>$35.00</p><a href="https://www.amazon.com/dp/B095PSJ7QV?tag=eloabder-20&linkCode=osi&th=1&psc=1">View Product</a></div><div class="product"><a href="https://www.amazon.com/dp/B07DZZG8X4?tag=eloabder-20&linkCode=osi&th=1&psc=1"><img src="https://m.media-amazon.com/images/I/41Rbe3ixSHL._SL500_.jpg" alt="Product Image"></a><p>Rimmel London Magnif'Eyes Eyeshadow Palette, 12 Shades, Blendable Formula, Versatile, 007, Crimson, 0.5oz</p><p>$3.70</p><a href="https://www.amazon.com/dp/B07DZZG8X4?tag=eloabder-20&linkCode=osi&th=1&psc=1">View Product</a></div><div class="product"><a href="https://www.amazon.com/dp/B00HIFA24O?tag=eloabder-20&linkCode=osi&th=1&psc=1"><img src="https://m.media-amazon.com/images/I/41pHzrdjcPL._SL500_.jpg" alt="Product Image"></a><p>URBAN DECAY Naked 3, Soft Pink Neutral Eyeshadow Palette, Matte, Pearl, Metallic, Shimmer Finish, 12 Mauve Brown & Nude Eye Shadows, Natural Soft Glam Smokey Eye Makeup, Vegan, Cruelty-free</p><p>$59.00</p><a href="https://www.amazon.com/dp/B00HIFA24O?tag=eloabder-20&linkCode=osi&th=1&psc=1">View Product</a></div><div class="product"><a href="https://www.amazon.com/dp/B0CP49R493?tag=eloabder-20&linkCode=osi&th=1&psc=1"><img src="https://m.media-amazon.com/images/I/41mV4uKx5HL._SL500_.jpg" alt="Product Image"></a><p>FLYEEO Neutral Brown Eye Shadow palette- Rose Gold Dark Brown Eyeshadow Palette Colorful 9 Colors, Matte Shimmer Highly Pigmented Nude Eyeshadow Palette Makeup Naturing-Looking Long Lasting</p><p>$5.88</p><a href="https://www.amazon.com/dp/B0CP49R493?tag=eloabder-20&linkCode=osi&th=1&psc=1">View Product</a></div><div class="product"><a href="https://www.amazon.com/dp/B0CYX9V642?tag=eloabder-20&linkCode=osi&th=1&psc=1"><img src="https://m.media-amazon.com/images/I/51jaIKsO-uL._SL500_.jpg" alt="Product Image"></a><p>imakeupnow 45 Shades Eye Shadow Makeup Palette Set Colorful Bright, High Pigmented Eyeshadow Pallets, Matte Shimmer Glitter for Halloween</p><p>$7.59</p><a href="https://www.amazon.com/dp/B0CYX9V642?tag=eloabder-20&linkCode=osi&th=1&psc=1">View Product</a></div>
<div class="product"><a href="https://www.amazon.com/dp/B0C9TXLWLY?tag=eloabder-20&linkCode=osi&th=1&psc=1"><img src="https://m.media-amazon.com/images/I/31-5KVw5KDL._SL500_.jpg" alt="Product Image"></a><p>PRIME PROMETICS PrimeEyes Glide Eyeliner for Mature Women – Water-Resistant, Long-Stay and Mess-Proof – Gel Cream Texture, Discreet Sharpener and Effective Smudger (Black)</p><p>$28.00 ($28.00 / Count)</p><a href="https://www.amazon.com/dp/B0C9TXLWLY?tag=eloabder-20&linkCode=osi&th=1&psc=1">View Product</a></div><div class="product"><a href="https://www.amazon.com/dp/B07MWSXPT1?tag=eloabder-20&linkCode=osi&th=1&psc=1"><img src="https://m.media-amazon.com/images/I/315xthaPi6L._SL500_.jpg" alt="Product Image"></a><p>e.l.f. No Budge Retractable Eyeliner, Creamy, Ultra-Pigmented & Waterproof, Creates Bold & Defined Lines, Vegan & Cruelty-Free, Black 0.006 Oz</p><p>$4.00</p><a href="https://www.amazon.com/dp/B07MWSXPT1?tag=eloabder-20&linkCode=osi&th=1&psc=1">View Product</a></div><div class="product"><a href="https://www.amazon.com/dp/B07W8JJ61X?tag=eloabder-20&linkCode=osi&th=1&psc=1"><img src="https://m.media-amazon.com/images/I/31wj5vRROwL._SL500_.jpg" alt="Product Image"></a><p>Maybelline Hyper Easy Liquid Pen No-Skip Eyeliner, Satin Finish, Waterproof Formula, Pitch Black, 0.018 Fl Oz</p><p>$8.38</p><a href="https://www.amazon.com/dp/B07W8JJ61X?tag=eloabder-20&linkCode=osi&th=1&psc=1">View Product</a></div><div class="product"><a href="https://www.amazon.com/dp/B01J1A3TFW?tag=eloabder-20&linkCode=osi&th=1&psc=1"><img src="https://m.media-amazon.com/images/I/51z42sdOArL._SL500_.jpg" alt="Product Image"></a><p>Revlon Pencil Eyeliner, ColorStay Eye Makeup with Built-in Sharpener, Waterproof, Smudge-proof, Longwearing with Ultra-Fine Tip, 201 Black, 2 count (Pack of 1)</p><p>$11.38</p><a href="https://www.amazon.com/dp/B01J1A3TFW?tag=eloabder-20&linkCode=osi&th=1&psc=1">View Product</a></div><div class="product"><a href="https://www.amazon.com/dp/B074Y8LM6T?tag=eloabder-20&linkCode=osi&th=1&psc=1"><img src="https://m.media-amazon.com/images/I/316blXt1KxL._SL500_.jpg" alt="Product Image"></a><p>NYX PROFESSIONAL MAKEUP Epic Ink Liner, Waterproof Liquid Eyeliner - Black, Vegan Formula</p><p>$7.50</p><a href="https://www.amazon.com/dp/B074Y8LM6T?tag=eloabder-20&linkCode=osi&th=1&psc=1">View Product</a></div><div class="product"><a href="https://www.amazon.com/dp/B005G9E9FW?tag=eloabder-20&linkCode=osi&th=1&psc=1"><img src="https://m.media-amazon.com/images/I/51poZdEojrL._SL500_.jpg" alt="Product Image"></a><p>NYX PROFESSIONAL MAKEUP Vivid Rich Mechanical Eye Pencil, Vivid Rich Mechanical, Creamy Retractable Eyeliner - Smokin Topaz, Brown Eyeliner</p><p>$6.00</p><a href="https://www.amazon.com/dp/B005G9E9FW?tag=eloabder-20&linkCode=osi&th=1&psc=1">View Product</a></div><div class="product"><a href="https://www.amazon.com/dp/B082YQ8TXR?tag=eloabder-20&linkCode=osi&th=1&psc=1"><img src="https://m.media-amazon.com/images/I/31Et4E-arpL._SL500_.jpg" alt="Product Image"></a><p>wet n wild Mega Last Breakup Proof Liquid Eyeliner - Quick Drying, Smudge-Resistant, 16-Hour Wear - Cruelty-Free & Vegan - Black</p><p>$5.47</p><a href="https://www.amazon.com/dp/B082YQ8TXR?tag=eloabder-20&linkCode=osi&th=1&psc=1">View Product</a></div><div class="product"><a href="https://www.amazon.com/dp/B07NX61ZHN?tag=eloabder-20&linkCode=osi&th=1&psc=1"><img src="https://m.media-amazon.com/images/I/31kQNTwJazL._SL500_.jpg" alt="Product Image"></a><p>Rimmel London exaggerate auto waterproof eye definer in blackest black, 2 Count</p><p>$6.97</p><a href="https://www.amazon.com/dp/B07NX61ZHN?tag=eloabder-20&linkCode=osi&th=1&psc=1">View Product</a></div><div class="product"><a href="https://www.amazon.com/dp/B082YPRCMM?tag=eloabder-20&linkCode=osi&th=1&psc=1"><img src="https://m.media-amazon.com/images/I/317ubI9GTBL._SL500_.jpg" alt="Product Image"></a><p>wet n wild Mega Last Breakup Proof Eyeliner, Quick Drying, Waterproof, 16-Hour Wear - Cruelty-Free & Vegan - Blackest Black</p><p>$2.28</p><a href="https://www.amazon.com/dp/B082YPRCMM?tag=eloabder-20&linkCode=osi&th=1&psc=1">View Product</a></div><div class="product"><a href="https://www.amazon.com/dp/B07GX832KD?tag=eloabder-20&linkCode=osi&th=1&psc=1"><img src="https://m.media-amazon.com/images/I/315wR2F58-L._SL500_.jpg" alt="Product Image"></a><p>Maybelline TattooStudio Long-Lasting Sharpenable Eyeliner Pencil, Glide on Smooth Gel Pigments with 36 Hour Wear, Waterproof, Deep Onyx, 1 Count</p><p>$6.42</p><a href="https://www.amazon.com/dp/B07GX832KD?tag=eloabder-20&linkCode=osi&th=1&psc=1">View Product</a></div>
<div class="product"><a href="https://www.amazon.com/dp/B0BG7MWNNN?tag=eloabder-20&linkCode=osi&th=1&psc=1"><img src="https://m.media-amazon.com/images/I/41E8W4N+FkL._SL500_.jpg" alt="Product Image"></a><p>Prime Prometics PrimeLash Mascara for Older Women – Volumizing, Incredible Length in 2 Coats – Long-Stay, Zero Clumps, Hypoallergenic (Brown)</p><p>$28.00</p><a href="https://www.amazon.com/dp/B0BG7MWNNN?tag=eloabder-20&linkCode=osi&th=1&psc=1">View Product</a></div><div class="product"><a href="https://www.amazon.com/dp/B00T0C9XRK?tag=eloabder-20&linkCode=osi&th=1&psc=1"><img src="https://m.media-amazon.com/images/I/41IP2ZEXFNL._SL500_.jpg" alt="Product Image"></a><p>essence | Lash Princess False Lash Effect Mascara | Volumizing & Lengthening | Cruelty Free & Paraben Free</p><p>$4.99 ($12.17 / Fl Oz )</p><a href="https://www.amazon.com/dp/B00T0C9XRK?tag=eloabder-20&linkCode=osi&th=1&psc=1">View Product</a></div><div class="product"><a href="https://www.amazon.com/dp/B08H3JPH74?tag=eloabder-20&linkCode=osi&th=1&psc=1"><img src="https://m.media-amazon.com/images/I/31hf532TEHL._SL500_.jpg" alt="Product Image"></a><p>Maybelline Lash Sensational Sky High Washable Mascara Makeup, Volumizing, Lengthening, Defining, Curling, Multiplying, Buildable Formula, Blackest Black, 1 Count</p><p>$9.98</p><a href="https://www.amazon.com/dp/B08H3JPH74?tag=eloabder-20&linkCode=osi&th=1&psc=1">View Product</a></div><div class="product"><a href="https://www.amazon.com/dp/B01DPA6OHO?tag=eloabder-20&linkCode=osi&th=1&psc=1"><img src="https://m.media-amazon.com/images/I/31xGLWu4IKL._SL500_.jpg" alt="Product Image"></a><p>L'Oreal Paris Makeup Voluminous Lash Boosting Conditioning Primer Mascara, White Primer, 0.24 fl; oz.</p><p>$8.88</p><a href="https://www.amazon.com/dp/B01DPA6OHO?tag=eloabder-20&linkCode=osi&th=1&psc=1">View Product</a></div><div class="product"><a href="https://www.amazon.com/dp/B06XF2TR11?tag=eloabder-20&linkCode=osi&th=1&psc=1"><img src="https://m.media-amazon.com/images/I/31B6RR270IL._SL500_.jpg" alt="Product Image"></a><p>L'Oreal Paris Voluminous Makeup Lash Paradise Mascara, Voluptuous Volume, Intense Length, Feathery Soft Full Lashes, No Flaking, No Smudging, No Clumping, Blackest Black, 1 Count</p><p>$9.97</p><a href="https://www.amazon.com/dp/B06XF2TR11?tag=eloabder-20&linkCode=osi&th=1&psc=1">View Product</a></div><div class="product"><a href="https://www.amazon.com/dp/B004BCTFVS?tag=eloabder-20&linkCode=osi&th=1&psc=1"><img src="https://m.media-amazon.com/images/I/31-ICBRxi9L._SL500_.jpg" alt="Product Image"></a><p>L'Oreal Paris Makeup Voluminous Original Volume Building Mascara, Blackest Black, 0.28 fl; Oz, 1 Count</p><p>$8.95</p><a href="https://www.amazon.com/dp/B004BCTFVS?tag=eloabder-20&linkCode=osi&th=1&psc=1">View Product</a></div><div class="product"><a href="https://www.amazon.com/dp/B004BD107O?tag=eloabder-20&linkCode=osi&th=1&psc=1"><img src="https://m.media-amazon.com/images/I/31OWqsdljyL._SL500_.jpg" alt="Product Image"></a><p>L'Oreal Paris Makeup Telescopic Original Lengthening Mascara, Blackest Black, 0.27 Fl Oz (1 Count)</p><p>$10.99</p><a href="https://www.amazon.com/dp/B004BD107O?tag=eloabder-20&linkCode=osi&th=1&psc=1">View Product</a></div><div class="product"><a href="https://www.amazon.com/dp/B00PFCT2R0?tag=eloabder-20&linkCode=osi&th=1&psc=1"><img src="https://m.media-amazon.com/images/I/31RyE6ZtDIL._SL500_.jpg" alt="Product Image"></a><p>Maybelline Lash Sensational Washable Mascara, Lengthening and Volumizing for a Full Fan Effect, Blackest Black, 1 Count</p><p>$8.91</p><a href="https://www.amazon.com/dp/B00PFCT2R0?tag=eloabder-20&linkCode=osi&th=1&psc=1">View Product</a></div><div class="product"><a href="https://www.amazon.com/dp/B08TPCHYLW?tag=eloabder-20&linkCode=osi&th=1&psc=1"><img src="https://m.media-amazon.com/images/I/31EWIaihEwL._SL500_.jpg" alt="Product Image"></a><p>Lancôme Lash Idôle Lash-Lifting & Volumizing Mascara - Black Mascara for Instant Volume, Length & Lift - Smudge Proof & Up To 24H Wear - Black</p><p>$30.00 ($111.11 / Fl Oz)</p><a href="https://www.amazon.com/dp/B08TPCHYLW?tag=eloabder-20&linkCode=osi&th=1&psc=1">View Product</a></div><div class="product"><a href="https://www.amazon.com/dp/B079X4DB3J?tag=eloabder-20&linkCode=osi&th=1&psc=1"><img src="https://m.media-amazon.com/images/I/31jCqqzhgIL._SL500_.jpg" alt="Product Image"></a><p>essence | Volume Booster Lash Primer Mascara | Infused with Mango Butter and Acai Oil for Nurtured Lashes | Conditioning Mascara Primer | White | Vegan | Paraben & Cruelty Free (Pack of 1)</p><p>$4.99</p><a href="https://www.amazon.com/dp/B079X4DB3J?tag=eloabder-20&linkCode=osi&th=1&psc=1">View Product</a></div>
<div class="product"><a href="https://www.amazon.com/dp/B079B8BFR3?tag=eloabder-20&linkCode=osi&th=1&psc=1"><img src="https://m.media-amazon.com/images/I/41DSmndr3KL._SL500_.jpg" alt="Product Image"></a><p>KISS Looks So Natural, False Eyelashes, Shy', 12 mm, Includes 5 Pairs Of Lashes, Contact Lens Friendly, Easy to Apply, Reusable Strip Lashes, Glue On</p><p>$7.09</p><a href="https://www.amazon.com/dp/B079B8BFR3?tag=eloabder-20&linkCode=osi&th=1&psc=1">View Product</a></div><div class="product"><a href="https://www.amazon.com/dp/B09MQCDVM7?tag=eloabder-20&linkCode=osi&th=1&psc=1"><img src="https://m.media-amazon.com/images/I/510lQqrrVtL._SL500_.jpg" alt="Product Image"></a><p>False Eyelashes 14mm Faux 3D Mink Lashes Natural Look Fluffy Cat Eye Wispy Lashes Pack by Kiromiro, 14 Pairs</p><p>$8.89</p><a href="https://www.amazon.com/dp/B09MQCDVM7?tag=eloabder-20&linkCode=osi&th=1&psc=1">View Product</a></div><div class="product"><a href="https://www.amazon.com/dp/B0C5QK1QHP?tag=eloabder-20&linkCode=osi&th=1&psc=1"><img src="https://m.media-amazon.com/images/I/51eSQ4cj35L._SL500_.jpg" alt="Product Image"></a><p>Veleasha Lashes 5D Faux Mink Lashes 100% Handmade Luxurious Fake Eyelashes Lightweight Fluffy False Eyelashes 5 Pairs Pack (G2)</p><p>$6.98 ($1.40 / Count)</p><a href="https://www.amazon.com/dp/B0C5QK1QHP?tag=eloabder-20&linkCode=osi&th=1&psc=1">View Product</a></div><div class="product"><a href="https://www.amazon.com/dp/B00DS4EIEE?tag=eloabder-20&linkCode=osi&th=1&psc=1"><img src="https://m.media-amazon.com/images/I/415k4JSKxOL._SL500_.jpg" alt="Product Image"></a><p>KISS So Wispy, False Eyelashes, Style #11', 12 mm, Includes 5 Pairs Of Lashes, Contact Lens Friendly, Easy to Apply, Reusable Strip Lashes, Glue On, Mulitpack</p><p>$8.97 ($1.79 / Count)</p><a href="https://www.amazon.com/dp/B00DS4EIEE?tag=eloabder-20&linkCode=osi&th=1&psc=1">View Product</a></div><div class="product"><a href="https://www.amazon.com/dp/B08R6PR7ND?tag=eloabder-20&linkCode=osi&th=1&psc=1"><img src="https://m.media-amazon.com/images/I/41r4c3ZiCWL._SL500_.jpg" alt="Product Image"></a><p>KISS My Lash But Better, False Eyelashes, All Mine', 10 mm, Includes 1 Pair Of Lashes, Contact Lens Friendly, Easy to Apply, Reusable Strip Lashes, Glue-On</p><p>$3.97</p><a href="https://www.amazon.com/dp/B08R6PR7ND?tag=eloabder-20&linkCode=osi&th=1&psc=1">View Product</a></div><div class="product"><a href="https://www.amazon.com/dp/B0B1LRRTCH?tag=eloabder-20&linkCode=osi&th=1&psc=1"><img src="https://m.media-amazon.com/images/I/41gc2Df+nAL._SL500_.jpg" alt="Product Image"></a><p>GMAGICTOBO False Eyelashes Natural Half Lashes Short Wispy Clear Band Lashes Pack Cat Eye 3D Faux Mink Lashes Fake Eyelashes 7 Pairs Multipack</p><p>$8.59 ($1.23 / Count)</p><a href="https://www.amazon.com/dp/B0B1LRRTCH?tag=eloabder-20&linkCode=osi&th=1&psc=1">View Product</a></div><div class="product"><a href="https://www.amazon.com/dp/B0BX3YHN14?tag=eloabder-20&linkCode=osi&th=1&psc=1"><img src="https://m.media-amazon.com/images/I/51YYa1vTElL._SL500_.jpg" alt="Product Image"></a><p>KISS imPRESS Falsies False Eyelashes, Lash Clusters, Voluminous', 14 mm, Includes 20 Clusters, 1 applicator, Contact Lens Friendly, Easy to Apply, Reusable Strip Lashes</p><p>$12.72</p><a href="https://www.amazon.com/dp/B0BX3YHN14?tag=eloabder-20&linkCode=osi&th=1&psc=1">View Product</a></div><div class="product"><a href="https://www.amazon.com/dp/B00YYHHI1E?tag=eloabder-20&linkCode=osi&th=1&psc=1"><img src="https://m.media-amazon.com/images/I/419bv9iNI9L._SL500_.jpg" alt="Product Image"></a><p>Ardell False Eyelashes Demi Wispies Black, 1 pack (6 pairs per pack)</p><p>$9.74 ($1.95 / Count)</p><a href="https://www.amazon.com/dp/B00YYHHI1E?tag=eloabder-20&linkCode=osi&th=1&psc=1">View Product</a></div><div class="product"><a href="https://www.amazon.com/dp/B0CG5SY8J1?tag=eloabder-20&linkCode=osi&th=1&psc=1"><img src="https://m.media-amazon.com/images/I/41SWlZB3plL._SL500_.jpg" alt="Product Image"></a><p>Natural Lashes Natural Eyelashes Short Eyelashes Natural Look False Eyelashes Wispy Eye Lashes 10mm Small Lashes Fake Lashes K50</p><p>$7.93 ($1.13 / Count)</p><a href="https://www.amazon.com/dp/B0CG5SY8J1?tag=eloabder-20&linkCode=osi&th=1&psc=1">View Product</a></div><div class="product"><a href="https://www.amazon.com/dp/B08SPVMDTV?tag=eloabder-20&linkCode=osi&th=1&psc=1"><img src="https://m.media-amazon.com/images/I/41Q6wh0HacL._SL500_.jpg" alt="Product Image"></a><p>KISS Falscara Multipack False Eyelashes, Lash Clusters, Natural Wispy Wisps', 10mm-12mm-14mm, Includes 24 Assorted Lengths Wisps, Contact Lens Friendly, Easy to Apply, Reusable Strip Lashes</p><p>$6.47 ($0.27 / Count)</p><a href="https://www.amazon.com/dp/B08SPVMDTV?tag=eloabder-20&linkCode=osi&th=1&psc=1">View Product</a></div>
<div class="product"><a href="https://www.amazon.com/dp/B01BMMOAFU?tag=eloabder-20&linkCode=osi&th=1&psc=1"><img src="https://m.media-amazon.com/images/I/41RH+KsNzoS._SL500_.jpg" alt="Product Image"></a><p>KISS Strip Lash Adhesive, Lash Glue, 24hr Strip Eyelash Adhesive, Clear, Includes Lash Adhesive, Long Lasting Wear, Can Be Used with Strip Lashes and Lash Clusters</p><p>$3.97 ($23.35 / Ounce)</p><a href="https://www.amazon.com/dp/B01BMMOAFU?tag=eloabder-20&linkCode=osi&th=1&psc=1">View Product</a></div><div class="product"><a href="https://www.amazon.com/dp/B0BFRB2LNS?tag=eloabder-20&linkCode=osi&th=1&psc=1"><img src="https://m.media-amazon.com/images/I/41uxD-vIXQL._SL500_.jpg" alt="Product Image"></a><p>Cluster Lash Bond and Seal, Lash Cluster Glue for Individual Eyelash Extensions Strong Hold Individual Lash Glue Individual Eyelashes Glue Mascara for Personal Makeup Use at Home(5ml)</p><p>$8.99 ($52.88 / Fl Oz)</p><a href="https://www.amazon.com/dp/B0BFRB2LNS?tag=eloabder-20&linkCode=osi&th=1&psc=1">View Product</a></div><div class="product"><a href="https://www.amazon.com/dp/B006UZMXZY?tag=eloabder-20&linkCode=osi&th=1&psc=1"><img src="https://m.media-amazon.com/images/I/41YrQ9QUhlL._SL500_.jpg" alt="Product Image"></a><p>DUO Brush-On Lash Adhesive with Vitamins A, C & E, Clear, 0.18 oz, 1-Pack</p><p>$4.92 ($27.33 / Ounce)</p><a href="https://www.amazon.com/dp/B006UZMXZY?tag=eloabder-20&linkCode=osi&th=1&psc=1">View Product</a></div><div class="product"><a href="https://www.amazon.com/dp/B0BVLL8ZQF?tag=eloabder-20&linkCode=osi&th=1&psc=1"><img src="https://m.media-amazon.com/images/I/41OSC3l2NuL._SL500_.jpg" alt="Product Image"></a><p>Lash Glue Bond and Seal Long Lasting Strong Hold Waterproof 2 in 1 Cluster Eyelash Glue for DIY Lash Extensions by Mavphnee</p><p>$7.99 ($23.50 / Fl Oz)</p><a href="https://www.amazon.com/dp/B0BVLL8ZQF?tag=eloabder-20&linkCode=osi&th=1&psc=1">View Product</a></div><div class="product"><a href="https://www.amazon.com/dp/B01N143CA0?tag=eloabder-20&linkCode=osi&th=1&psc=1"><img src="https://m.media-amazon.com/images/I/31DwI2yjwYL._SL500_.jpg" alt="Product Image"></a><p>Extra Strong Eyelash Extension Glue Stacy Lash (0.17fl.oz / 5ml) / 0.5-1 Sec Dry/Retention – 8 Weeks/Black Adhesive/Professional Supplies</p><p>$21.49 ($126.41 / Fl Oz)</p><a href="https://www.amazon.com/dp/B01N143CA0?tag=eloabder-20&linkCode=osi&th=1&psc=1">View Product</a></div><div class="product"><a href="https://www.amazon.com/dp/B00RH8XUZK?tag=eloabder-20&linkCode=osi&th=1&psc=1"><img src="https://m.media-amazon.com/images/I/41ywEIr4LGL._SL500_.jpg" alt="Product Image"></a><p>i-Envy by KISS Super Strong Hold Eyelash Adhesive, Brush on, Waterproof Long-Lasting Strip Lash Glue, Natural-Looking Allergy & Latex Free with Brush Applicator (Clear)</p><p>$5.09</p><a href="https://www.amazon.com/dp/B00RH8XUZK?tag=eloabder-20&linkCode=osi&th=1&psc=1">View Product</a></div><div class="product"><a href="https://www.amazon.com/dp/B0B138BNSQ?tag=eloabder-20&linkCode=osi&th=1&psc=1"><img src="https://m.media-amazon.com/images/I/41y28D4CT2L._SL500_.jpg" alt="Product Image"></a><p>AOA Studio Eyelash Lash Glue Enhancers 4pcs Strip Lash Adhesive Strong Hold Water Proof Formula No Irritation Latex Free Long Lasing Quick Dry Eyelash adhesive 0.17oz Each (4 Pack) (Clear)</p><p>$8.95 ($2.24 / Count)</p><a href="https://www.amazon.com/dp/B0B138BNSQ?tag=eloabder-20&linkCode=osi&th=1&psc=1">View Product</a></div><div class="product"><a href="https://www.amazon.com/dp/B0CGKV8WRR?tag=eloabder-20&linkCode=osi&th=1&psc=1"><img src="https://m.media-amazon.com/images/I/31KsdJxWyQL._SL500_.jpg" alt="Product Image"></a><p>FlutterHabit Made for This Adhesive Lash Glue for Eyelash Extensions - Your Ultimate All-Day Hold Lash Cluster Glue for Effortless, Stunning, and Long-Lasting Eyelashes - All-in-one Lash Glue</p><p>$17.99</p><a href="https://www.amazon.com/dp/B0CGKV8WRR?tag=eloabder-20&linkCode=osi&th=1&psc=1">View Product</a></div><div class="product"><a href="https://www.amazon.com/dp/B09HK77CF1?tag=eloabder-20&linkCode=osi&th=1&psc=1"><img src="https://m.media-amazon.com/images/I/41md8lf4CYL._SL500_.jpg" alt="Product Image"></a><p>Lilac St - Pro Lash Glue - Long Lasting & Fast Drying Lash Application - Mini Mascara Wand Applicator - Latex Free - Vegan & Cruelty Free - Black</p><p>$19.00 ($111.76 / Ounce)</p><a href="https://www.amazon.com/dp/B09HK77CF1?tag=eloabder-20&linkCode=osi&th=1&psc=1">View Product</a></div><div class="product"><a href="https://www.amazon.com/dp/B07BGT18DP?tag=eloabder-20&linkCode=osi&th=1&psc=1"><img src="https://m.media-amazon.com/images/I/41FjwdBfRYL._SL500_.jpg" alt="Product Image"></a><p>Extra Strong Evolution Eyelash Extension Glue Stacy Lash (0.17fl.oz/5ml)/1-2 Sec Dry/Retention – 8 Weeks/Professional Supplies/Black Adhesive</p><p>$21.99 ($129.35 / Fl Oz)</p><a href="https://www.amazon.com/dp/B07BGT18DP?tag=eloabder-20&linkCode=osi&th=1&psc=1">View Product</a></div>
<div class="product"><a href="https://www.amazon.com/dp/B09T8DQ1SG?tag=eloabder-20&linkCode=osi&th=1&psc=1"><img src="https://m.media-amazon.com/images/I/41gpuwrIhOL._SL500_.jpg" alt="Product Image"></a><p>Maybelline Super Stay Vinyl Ink Longwear No-Budge Liquid Lipcolor Makeup, Highly Pigmented Color and Instant Shine, Royal, Deep Wine Red Lipstick, 0.14 fl oz, 1 Count</p><p>$9.98</p><a href="https://www.amazon.com/dp/B09T8DQ1SG?tag=eloabder-20&linkCode=osi&th=1&psc=1">View Product</a></div><div class="product"><a href="https://www.amazon.com/dp/B08H4FSGDX?tag=eloabder-20&linkCode=osi&th=1&psc=1"><img src="https://m.media-amazon.com/images/I/31OAiyoloML._SL500_.jpg" alt="Product Image"></a><p>Maybelline Super Stay Matte Ink Liquid Lipstick Makeup, Long Lasting High Impact Color, Up to 16H Wear, Exhilarator, Ruby Red, 1 Count</p><p>$9.18</p><a href="https://www.amazon.com/dp/B08H4FSGDX?tag=eloabder-20&linkCode=osi&th=1&psc=1">View Product</a></div><div class="product"><a href="https://www.amazon.com/dp/B07XTTDTWR?tag=eloabder-20&linkCode=osi&th=1&psc=1"><img src="https://m.media-amazon.com/images/I/31M4QldCq3L._SL500_.jpg" alt="Product Image"></a><p>REVLON Lipstick, Super Lustrous Lipstick, Creamy Formula For Soft, Fuller-Looking Lips, Moisturized Feel in Nudes & Browns, Bare It All (755) 0.15 oz</p><p>$6.48</p><a href="https://www.amazon.com/dp/B07XTTDTWR?tag=eloabder-20&linkCode=osi&th=1&psc=1">View Product</a></div><div class="product"><a href="https://www.amazon.com/dp/B079KFP7NT?tag=eloabder-20&linkCode=osi&th=1&psc=1"><img src="https://m.media-amazon.com/images/I/41Ih8G0FSmL._SL500_.jpg" alt="Product Image"></a><p>wet n wild Silk Finish Lipstick, Hydrating Rich Buildable Lip Color, Formulated with Vitamins A,E, & Macadamia for Ultimate Hydration, Cruelty-Free & Vegan - Raging Red</p><p>$1.29</p><a href="https://www.amazon.com/dp/B079KFP7NT?tag=eloabder-20&linkCode=osi&th=1&psc=1">View Product</a></div><div class="product"><a href="https://www.amazon.com/dp/B002F3R44K?tag=eloabder-20&linkCode=osi&th=1&psc=1"><img src="https://m.media-amazon.com/images/I/41-gXIE96GL._SL500_.jpg" alt="Product Image"></a><p>Revlon Lipstick, Super Lustrous Lipstick, Creamy Formula For Soft, Fuller-Looking Lips, Moisturized Feel in Pinks, Pink In The Afternoon (415) 0.15 oz</p><p>$6.48</p><a href="https://www.amazon.com/dp/B002F3R44K?tag=eloabder-20&linkCode=osi&th=1&psc=1">View Product</a></div><div class="product"><a href="https://www.amazon.com/dp/B001LFER98?tag=eloabder-20&linkCode=osi&th=1&psc=1"><img src="https://m.media-amazon.com/images/I/41wezVKuIoL._SL500_.jpg" alt="Product Image"></a><p>REVLON Lipstick, Super Lustrous Lipstick, Creamy Formula For Soft, Fuller-Looking Lips, Moisturized Feel in Reds & Corals, Peach Me (628) 0.15 oz</p><p>$4.99</p><a href="https://www.amazon.com/dp/B001LFER98?tag=eloabder-20&linkCode=osi&th=1&psc=1">View Product</a></div><div class="product"><a href="https://www.amazon.com/dp/B0046VESH0?tag=eloabder-20&linkCode=osi&th=1&psc=1"><img src="https://m.media-amazon.com/images/I/31yAUm+1KhL._SL500_.jpg" alt="Product Image"></a><p>MAYBELLINE Super Stay 24, 2-Step Liquid Lipstick Makeup, Long Lasting Highly Pigmented Color with Moisturizing Balm, Blush On, Pink, 1 Count</p><p>$8.98</p><a href="https://www.amazon.com/dp/B0046VESH0?tag=eloabder-20&linkCode=osi&th=1&psc=1">View Product</a></div>
<div class="product"><a href="https://www.amazon.com/dp/B09SP2XHKT?tag=eloabder-20&linkCode=osi&th=1&psc=1"><img src="https://m.media-amazon.com/images/I/31KGrScgA8L._SL500_.jpg" alt="Product Image"></a><p>NYX PROFESSIONAL MAKEUP Butter Gloss, Non-Sticky Lip Gloss - Sugar Glass (Clear)</p><p>$5.97</p><a href="https://www.amazon.com/dp/B09SP2XHKT?tag=eloabder-20&linkCode=osi&th=1&psc=1">View Product</a></div><div class="product"><a href="https://www.amazon.com/dp/B08GSTZ7ZW?tag=eloabder-20&linkCode=osi&th=1&psc=1"><img src="https://m.media-amazon.com/images/I/41nPuTtXVgL._SL500_.jpg" alt="Product Image"></a><p>Ruby Kisses Broadway Vita-Lip Clear Lip Gloss - Moisturizing, Hydrating, Nourishing with Mint, Rosehip, Coconut, Mango, Argan, Honey & Shea</p><p>$7.99 ($2.12 / Ounce)</p><a href="https://www.amazon.com/dp/B08GSTZ7ZW?tag=eloabder-20&linkCode=osi&th=1&psc=1">View Product</a></div><div class="product"><a href="https://www.amazon.com/dp/B015RPE14S?tag=eloabder-20&linkCode=osi&th=1&psc=1"><img src="https://m.media-amazon.com/images/I/31FRC3fz7EL._SL500_.jpg" alt="Product Image"></a><p>L.A. Colors High Shine Shea Butter Lip Gloss, Clear, 0.14 Ounce</p><p>$1.98</p><a href="https://www.amazon.com/dp/B015RPE14S?tag=eloabder-20&linkCode=osi&th=1&psc=1">View Product</a></div><div class="product"><a href="https://www.amazon.com/dp/B00Q26VWZI?tag=eloabder-20&linkCode=osi&th=1&psc=1"><img src="https://m.media-amazon.com/images/I/31Bqig96T0L._SL500_.jpg" alt="Product Image"></a><p>Rimmel Stay Glossy Lip Gloss - Non-Sticky and Lightweight Formula for Lip Color and Shine - 130 Blushing Belgraves, .18oz</p><p>$3.97</p><a href="https://www.amazon.com/dp/B00Q26VWZI?tag=eloabder-20&linkCode=osi&th=1&psc=1">View Product</a></div><div class="product"><a href="https://www.amazon.com/dp/B081C6PXZJ?tag=eloabder-20&linkCode=osi&th=1&psc=1"><img src="https://m.media-amazon.com/images/I/51+emO79aqL._SL500_.jpg" alt="Product Image"></a><p>NICKA K NEW YORK VARIETY SET OF 5 NK Hydrating Lip Gel - Vitamin E (Clear, Rosehip Oil, Bubble Gum, Cherry, Strawberry)</p><p>$5.41</p><a href="https://www.amazon.com/dp/B081C6PXZJ?tag=eloabder-20&linkCode=osi&th=1&psc=1">View Product</a></div><div class="product"><a href="https://www.amazon.com/dp/B085S94V2K?tag=eloabder-20&linkCode=osi&th=1&psc=1"><img src="https://m.media-amazon.com/images/I/41fsuEw2mbL._SL500_.jpg" alt="Product Image"></a><p>Maybelline Lifter Gloss, Hydrating Lip Gloss with Hyaluronic Acid, Moon, Nude Pink, 0.18 Ounce</p><p>$7.71</p><a href="https://www.amazon.com/dp/B085S94V2K?tag=eloabder-20&linkCode=osi&th=1&psc=1">View Product</a></div><div class="product"><a href="https://www.amazon.com/dp/B01N1ZC8JZ?tag=eloabder-20&linkCode=osi&th=1&psc=1"><img src="https://m.media-amazon.com/images/I/41fsaqWz6SL._SL500_.jpg" alt="Product Image"></a><p>Broadway Vita-Lip Clear Lip Gloss 0.47oz/14ml (5PCS Mint & Coconut & Rosehip & Mango Butter & Argan Oil) (5 PCS SET)</p><p>$5.99</p><a href="https://www.amazon.com/dp/B01N1ZC8JZ?tag=eloabder-20&linkCode=osi&th=1&psc=1">View Product</a></div><div class="product"><a href="https://www.amazon.com/dp/B07DY2QRF6?tag=eloabder-20&linkCode=osi&th=1&psc=1"><img src="https://m.media-amazon.com/images/I/31qXrVfhvCL._SL500_.jpg" alt="Product Image"></a><p>LANEIGE Lip Glowy Balm Berry: Hydrate, Glossy, Lightweight, Moisturize & Tint with Shea Butter</p><p>$19.00 ($54.29 / Ounce)</p><a href="https://www.amazon.com/dp/B07DY2QRF6?tag=eloabder-20&linkCode=osi&th=1&psc=1">View Product</a></div><div class="product"><a href="https://www.amazon.com/dp/B0BSR85M24?tag=eloabder-20&linkCode=osi&th=1&psc=1"><img src="https://m.media-amazon.com/images/I/31eKHNoE3KL._SL500_.jpg" alt="Product Image"></a><p>e.l.f. Lip Lacquer, Nourishing, Non-Sticky Ultra-Shine Lip Gloss With Sheer Color, Infused With Vitamins A & E, Vegan & Cruelty-Free, Whisper Pink</p><p>$3.00</p><a href="https://www.amazon.com/dp/B0BSR85M24?tag=eloabder-20&linkCode=osi&th=1&psc=1">View Product</a></div><div class="product"><a href="https://www.amazon.com/dp/B09DMGWJKY?tag=eloabder-20&linkCode=osi&th=1&psc=1"><img src="https://m.media-amazon.com/images/I/41nIFmIKHRL._SL500_.jpg" alt="Product Image"></a><p>Broadway Vita-Lip Clear Lip Gloss Moisturizing Hydrating Nourishing Long Lasting High Shine Glossy Lip Care Gloss 0.47oz/14ml (10 PCS SET)</p><p>$9.99</p><a href="https://www.amazon.com/dp/B09DMGWJKY?tag=eloabder-20&linkCode=osi&th=1&psc=1">View Product</a></div>
<div class="product"><a href="https://www.amazon.com/dp/B079ZX2QBD?tag=eloabder-20&linkCode=osi&th=1&psc=1"><img src="https://m.media-amazon.com/images/I/41b133H9ouL._SL500_.jpg" alt="Product Image"></a><p>NYX PROFESSIONAL MAKEUP Slim Lip Pencil, Long-Lasting Creamy Lip Liner - Espresso</p><p>$3.99</p><a href="https://www.amazon.com/dp/B079ZX2QBD?tag=eloabder-20&linkCode=osi&th=1&psc=1">View Product</a></div><div class="product"><a href="https://www.amazon.com/dp/B01LTI19EM?tag=eloabder-20&linkCode=osi&th=1&psc=1"><img src="https://m.media-amazon.com/images/I/31dqwnDSWYL._SL500_.jpg" alt="Product Image"></a><p>Revlon Lip Liner, Colorstay Lip Makeup with Built-in-Sharpener, Longwear Rich Lip Colors, Smooth Application, 630 Nude, 0.01 oz</p><p>$6.94</p><a href="https://www.amazon.com/dp/B01LTI19EM?tag=eloabder-20&linkCode=osi&th=1&psc=1">View Product</a></div><div class="product"><a href="https://www.amazon.com/dp/B07PKW2MKF?tag=eloabder-20&linkCode=osi&th=1&psc=1"><img src="https://m.media-amazon.com/images/I/41Z7GVpsqBL._SL500_.jpg" alt="Product Image"></a><p>wet n wild Lip Liner Perfect Pout Matte Retractable Gel Lip Liner Pencil, Purple Lay Down the Mauves</p><p>$3.29</p><a href="https://www.amazon.com/dp/B07PKW2MKF?tag=eloabder-20&linkCode=osi&th=1&psc=1">View Product</a></div><div class="product"><a href="https://www.amazon.com/dp/B0CMYQBRTW?tag=eloabder-20&linkCode=osi&th=1&psc=1"><img src="https://m.media-amazon.com/images/I/21uY0T3ER3L._SL500_.jpg" alt="Product Image"></a><p>e.l.f. Cream Glide Lip Liner, Highly-Pigmented Pencil For Shaping & Sculpting Lips, Semi-Matte Finish, Vegan & Cruelty-Free, Truth or Bare</p><p>$2.00</p><a href="https://www.amazon.com/dp/B0CMYQBRTW?tag=eloabder-20&linkCode=osi&th=1&psc=1">View Product</a></div><div class="product"><a href="https://www.amazon.com/dp/B01LZ2A9H5?tag=eloabder-20&linkCode=osi&th=1&psc=1"><img src="https://m.media-amazon.com/images/I/317eibjWZ1L._SL500_.jpg" alt="Product Image"></a><p>Maybelline Color Sensational Shaping Lip Liner with Self-Sharpening Tip, Magnetic Mauve, Mauve Pink, 1 Count</p><p>$6.98</p><a href="https://www.amazon.com/dp/B01LZ2A9H5?tag=eloabder-20&linkCode=osi&th=1&psc=1">View Product</a></div><div class="product"><a href="https://www.amazon.com/dp/B0CZBMYB36?tag=eloabder-20&linkCode=osi&th=1&psc=1"><img src="https://m.media-amazon.com/images/I/313kn3zESlL._SL500_.jpg" alt="Product Image"></a><p>MAYBELLINE Lifter Liner Lip Liner Pencil with Hyaluronic Acid, On It, 1 Count</p><p>$7.98</p><a href="https://www.amazon.com/dp/B0CZBMYB36?tag=eloabder-20&linkCode=osi&th=1&psc=1">View Product</a></div><div class="product"><a href="https://www.amazon.com/dp/B013VWRYXE?tag=eloabder-20&linkCode=osi&th=1&psc=1"><img src="https://m.media-amazon.com/images/I/51DYeydMNqL._SL500_.jpg" alt="Product Image"></a><p>12pc Italia Deluxe Ultra Fine Lip Liner set of 12 color</p><p>$9.85</p><a href="https://www.amazon.com/dp/B013VWRYXE?tag=eloabder-20&linkCode=osi&th=1&psc=1">View Product</a></div><div class="product"><a href="https://www.amazon.com/dp/B08CFSS35N?tag=eloabder-20&linkCode=osi&th=1&psc=1"><img src="https://m.media-amazon.com/images/I/212BftJ6SzL._SL500_.jpg" alt="Product Image"></a><p>Rimmel Lasting Finish 8HR Soft Lip Liner Pencil - Vibrant, Blendable Formula to Lock Lipstick in Place for 8 Hours - 705 Cappuccino, .04oz</p><p>$5.99</p><a href="https://www.amazon.com/dp/B08CFSS35N?tag=eloabder-20&linkCode=osi&th=1&psc=1">View Product</a></div><div class="product"><a href="https://www.amazon.com/dp/B0BVPNQW1C?tag=eloabder-20&linkCode=osi&th=1&psc=1"><img src="https://m.media-amazon.com/images/I/31a29qwVsOL._SL500_.jpg" alt="Product Image"></a><p>Sacheu Lip Liner Stay-N - Peel Off Lip Liner Tattoo, Peel Off Lip Stain, Long Lasting Lip Stain Peel Off, Infused with Hyaluronic Acid & Vitamin E, For All Skin Types, p-INKED</p><p>$12.00</p><a href="https://www.amazon.com/dp/B0BVPNQW1C?tag=eloabder-20&linkCode=osi&th=1&psc=1">View Product</a></div><div class="product"><a href="https://www.amazon.com/dp/B005G9LPDQ?tag=eloabder-20&linkCode=osi&th=1&psc=1"><img src="https://m.media-amazon.com/images/I/31S6bAW3pDL._SL500_.jpg" alt="Product Image"></a><p>NYX PROFESSIONAL MAKEUP Mechanical Lip Liner Pencil, Nude Pink</p><p>$4.99</p><a href="https://www.amazon.com/dp/B005G9LPDQ?tag=eloabder-20&linkCode=osi&th=1&psc=1">View Product</a></div>
<div class="product"><a href="https://www.amazon.com/dp/B0C7W6GW8P?tag=eloabder-20&linkCode=osi&th=1&psc=1"><img src="https://m.media-amazon.com/images/I/31Z6RdO3GRL._SL500_.jpg" alt="Product Image"></a><p>e.l.f. Squeeze Me Lip Balm, Moisturizing Lip Balm For A Sheer Tint Of Color, Infused With Hyaluronic Acid, Vegan & Cruelty-free, Strawberry</p><p>$4.00</p><a href="https://www.amazon.com/dp/B0C7W6GW8P?tag=eloabder-20&linkCode=osi&th=1&psc=1">View Product</a></div><div class="product"><a href="https://www.amazon.com/dp/B001R1UD3K?tag=eloabder-20&linkCode=osi&th=1&psc=1"><img src="https://m.media-amazon.com/images/I/41QzfNZqHrL._SL500_.jpg" alt="Product Image"></a><p>Carmex Original Flavor Moisturizing Lip Balm Tube Value Pack,0.35 Ounce (3 Count)</p><p>$2.94</p><a href="https://www.amazon.com/dp/B001R1UD3K?tag=eloabder-20&linkCode=osi&th=1&psc=1">View Product</a></div><div class="product"><a href="https://www.amazon.com/dp/B07QYWXCCT?tag=eloabder-20&linkCode=osi&th=1&psc=1"><img src="https://m.media-amazon.com/images/I/51T+6mCUskL._SL500_.jpg" alt="Product Image"></a><p>Jack Black Intense Therapy Lip Balm, 0.25-Oz., Pack of 3 – Natural Mint & Shea Butter, SPF 25 Sun Protection, Lip Moisturizer, Hydrating Lip Balm with SPF, Long Lasting Treatment</p><p>$24.00 ($32.00 / Ounce)</p><a href="https://www.amazon.com/dp/B07QYWXCCT?tag=eloabder-20&linkCode=osi&th=1&psc=1">View Product</a></div><div class="product"><a href="https://www.amazon.com/dp/B0044B4HSM?tag=eloabder-20&linkCode=osi&th=1&psc=1"><img src="https://m.media-amazon.com/images/I/51-qb5fLclL._SL500_.jpg" alt="Product Image"></a><p>Blistex Medicated Lip Balm, 0.15 Ounce, 3 Count (Pack of 1) Prevent Dryness & Chapping, SPF 15 Sun Protection, Seals in Moisture, Hydrating Lip Balm, Easy Glide Formula for Full Coverage</p><p>$3.94</p><a href="https://www.amazon.com/dp/B0044B4HSM?tag=eloabder-20&linkCode=osi&th=1&psc=1">View Product</a></div><div class="product"><a href="https://www.amazon.com/dp/B0C1TFHMCT?tag=eloabder-20&linkCode=osi&th=1&psc=1"><img src="https://m.media-amazon.com/images/I/51aYODckhsL._SL500_.jpg" alt="Product Image"></a><p>Vaseline Lip Therapy Care Original, Fast-Acting Nourishment, Ideal for Chapped, Dry, Cracked, or Damaged Lips, Lip Balm, 0.16 Ounce (Pack of 4)</p><p>$5.00</p><a href="https://www.amazon.com/dp/B0C1TFHMCT?tag=eloabder-20&linkCode=osi&th=1&psc=1">View Product</a></div><div class="product"><a href="https://www.amazon.com/dp/B0CZXG68J4?tag=eloabder-20&linkCode=osi&th=1&psc=1"><img src="https://m.media-amazon.com/images/I/41Xkis0092L._SL500_.jpg" alt="Product Image"></a><p>CNP Honey Lip Butter (0.5 fl.oz / 15ml) - Propolis Lipcerin™, Hydrating Overnight Manuka Lip Balm & Mask, 12hrs Long-lasting Moisture, Gentle Exfoliation, Hygienic Twist Dispenser, Korean Skin Care</p><p>$13.64 ($27.28 / Fl Oz)</p><a href="https://www.amazon.com/dp/B0CZXG68J4?tag=eloabder-20&linkCode=osi&th=1&psc=1">View Product</a></div><div class="product"><a href="https://www.amazon.com/dp/B07MSG1HPK?tag=eloabder-20&linkCode=osi&th=1&psc=1"><img src="https://m.media-amazon.com/images/I/21RmonQcC5L._SL500_.jpg" alt="Product Image"></a><p>La Roche-Posay Cicaplast Lip Balm B5 | Hydrating Lip Balm with Shea Butter | Lip Treatment for Dry Cracked Lips | Moisturizing and Repairing Lip Balm | Fragrance Free</p><p>$9.99</p><a href="https://www.amazon.com/dp/B07MSG1HPK?tag=eloabder-20&linkCode=osi&th=1&psc=1">View Product</a></div>
<div class="product"><a href="https://www.amazon.com/dp/B099RYFLSW?tag=eloabder-20&linkCode=osi&th=1&psc=1"><img src="https://m.media-amazon.com/images/I/31IMjST8noL._SL500_.jpg" alt="Product Image"></a><p>ETUDE Dear Darling Water Tint Cherry Ade (21AD) | Vivid Color Lip Stain with Moisturizing Weightless & Non-sticky Finish Lip Stain | Smudge-proof & Lightweight Lip Tint | K-beauty</p><p>$6.67 ($20.84 / Fl Oz)</p><a href="https://www.amazon.com/dp/B099RYFLSW?tag=eloabder-20&linkCode=osi&th=1&psc=1">View Product</a></div><div class="product"><a href="https://www.amazon.com/dp/B0C7Q4Q9SX?tag=eloabder-20&linkCode=osi&th=1&psc=1"><img src="https://m.media-amazon.com/images/I/51SO2tY6q-L._SL500_.jpg" alt="Product Image"></a><p>6 Colors Lip Tint Stain Set, Korean Lip Gloss Plumping Mini Liquid Lipstick, Multi-use Lip and Cheek Tint,Waterproof&Long Lasting,Natural Lip Stain Non-Sticky,Vivid Color (Avocado)</p><p>$7.99 ($4.00 / Fl Oz)</p><a href="https://www.amazon.com/dp/B0C7Q4Q9SX?tag=eloabder-20&linkCode=osi&th=1&psc=1">View Product</a></div><div class="product"><a href="https://www.amazon.com/dp/B0B56TC2G5?tag=eloabder-20&linkCode=osi&th=1&psc=1"><img src="https://m.media-amazon.com/images/I/31wrei57oIL._SL500_.jpg" alt="Product Image"></a><p>essence | What a Tint! Lip & Cheek Tint | Long-Lasting Liquid Blush & Lip Stain | Non-Sticky & Kiss-Proof | Vegan & Cruelty Free</p><p>$4.99 ($31.19 / Fl Oz)</p><a href="https://www.amazon.com/dp/B0B56TC2G5?tag=eloabder-20&linkCode=osi&th=1&psc=1">View Product</a></div><div class="product"><a href="https://www.amazon.com/dp/B0163BMUFM?tag=eloabder-20&linkCode=osi&th=1&psc=1"><img src="https://m.media-amazon.com/images/I/41p6DP49DfL._SL500_.jpg" alt="Product Image"></a><p>Burt's Bees Lip Tint Balm with Long Lasting 2 in 1 Duo Tinted Balm Formula, Color Infused with Deeply Hydrating Shea Butter for a Natural Looking Buildable Finish, Fiery Red Dahlia (2-Pack)</p><p>$9.20</p><a href="https://www.amazon.com/dp/B0163BMUFM?tag=eloabder-20&linkCode=osi&th=1&psc=1">View Product</a></div><div class="product"><a href="https://www.amazon.com/dp/B07NTPQRL5?tag=eloabder-20&linkCode=osi&th=1&psc=1"><img src="https://m.media-amazon.com/images/I/21-ZJZEUADL._SL500_.jpg" alt="Product Image"></a><p>Honest Beauty Tinted Lip Balm | Antioxidant-rich Acai Extracts + Avocado Oil | EWG Certified, Vegan, Cruelty Free | Summer Melon</p><p>$7.80</p><a href="https://www.amazon.com/dp/B07NTPQRL5?tag=eloabder-20&linkCode=osi&th=1&psc=1">View Product</a></div><div class="product"><a href="https://www.amazon.com/dp/B0CMJXGCFQ?tag=eloabder-20&linkCode=osi&th=1&psc=1"><img src="https://m.media-amazon.com/images/I/31c6yEqB00L._SL500_.jpg" alt="Product Image"></a><p>e.l.f. Glow Reviver Lip Oil, Nourishing Tinted Lip Oil For A High-shine Finish, Infused With Jojoba Oil, Vegan & Cruelty-free, Jam Session</p><p>$8.00</p><a href="https://www.amazon.com/dp/B0CMJXGCFQ?tag=eloabder-20&linkCode=osi&th=1&psc=1">View Product</a></div><div class="product"><a href="https://www.amazon.com/dp/B0B9YHX8DX?tag=eloabder-20&linkCode=osi&th=1&psc=1"><img src="https://m.media-amazon.com/images/I/31A-yoM7ZqL._SL500_.jpg" alt="Product Image"></a><p>Wonderskin Wonder Blading Lip Stain Peel Off Masque - Long Lasting, Waterproof and Transfer Proof Nude Lip Tint, Matte Finish Peel Off Lip Stain (Whimsical Masque)</p><p>$22.00</p><a href="https://www.amazon.com/dp/B0B9YHX8DX?tag=eloabder-20&linkCode=osi&th=1&psc=1">View Product</a></div><div class="product"><a href="https://www.amazon.com/dp/B0C3CWWMJM?tag=eloabder-20&linkCode=osi&th=1&psc=1"><img src="https://m.media-amazon.com/images/I/51evW1YGQdL._SL500_.jpg" alt="Product Image"></a><p>Eakroo 6 Colors Lip Tint Stain Mini Liquid Lipstick, Korean Lip Gloss Moisturizing Natural, Multi-Use Lip and Cheek Tint, Non-Stick Cup, Lightweight, High Pigment, Long-Lasting, Vivid Color</p><p>$7.99 ($2.89 / Fl Oz)</p><a href="https://www.amazon.com/dp/B0C3CWWMJM?tag=eloabder-20&linkCode=osi&th=1&psc=1">View Product</a></div><div class="product"><a href="https://www.amazon.com/dp/B09LB91W1H?tag=eloabder-20&linkCode=osi&th=1&psc=1"><img src="https://m.media-amazon.com/images/I/21UsOgVkNxL._SL500_.jpg" alt="Product Image"></a><p>CoverGirl Clean Fresh Tinted Lip Balm, Vegan Formula, Hydrating, Natural Finish, Cruelty Free, Bliss You Berry, 1 Count</p><p>$5.88 ($42.00 / Ounce)</p><a href="https://www.amazon.com/dp/B09LB91W1H?tag=eloabder-20&linkCode=osi&th=1&psc=1">View Product</a></div>
<div class="product"><a href="https://www.amazon.com/dp/B0B4F8FP1V?tag=eloabder-20&linkCode=osi&th=1&psc=1"><img src="https://m.media-amazon.com/images/I/31zD0oZazrL._SL500_.jpg" alt="Product Image"></a><p>e.l.f. Cosmetics Glossy Lip Stain, Lightweight, Long-Wear Lip Stain For A Sheer Pop Of Color & Subtle Gloss Effect, Berry Queen</p><p>$6.00</p><a href="https://www.amazon.com/dp/B0B4F8FP1V?tag=eloabder-20&linkCode=osi&th=1&psc=1">View Product</a></div><div class="product"><a href="https://www.amazon.com/dp/B0B9YH9PZK?tag=eloabder-20&linkCode=osi&th=1&psc=1"><img src="https://m.media-amazon.com/images/I/31irqkpVbvL._SL500_.jpg" alt="Product Image"></a><p>Wonderskin Wonder Blading Lip Stain Peel Off Masque - Long Lasting, Waterproof and Transfer Proof Pink Lip Tint, Matte Finish Peel Off Lip Stain (First Kiss Masque)</p><p>$22.00</p><a href="https://www.amazon.com/dp/B0B9YH9PZK?tag=eloabder-20&linkCode=osi&th=1&psc=1">View Product</a></div><div class="product"><a href="https://www.amazon.com/dp/B0CLYN8F9L?tag=eloabder-20&linkCode=osi&th=1&psc=1"><img src="https://m.media-amazon.com/images/I/218WFwKw6qL._SL500_.jpg" alt="Product Image"></a><p>COVERGIRL Outlast, 05 All-Star, Lipstain, Smooth Application, Precise Pen-Like Tip, Transfer-Proof, Satin Stained Finish, Vegan Formula, 0.06oz</p><p>$8.98</p><a href="https://www.amazon.com/dp/B0CLYN8F9L?tag=eloabder-20&linkCode=osi&th=1&psc=1">View Product</a></div><div class="product"><a href="https://www.amazon.com/dp/B0CLDDVBF4?tag=eloabder-20&linkCode=osi&th=1&psc=1"><img src="https://m.media-amazon.com/images/I/318rUce3+fL._SL500_.jpg" alt="Product Image"></a><p>Sacheu Lip Liner Stay-N - Peel Off Lip Liner Tattoo, Peel Off Lip Stain, Long Lasting Lip Stain Peel Off, Infused with Hyaluronic Acid & Vitamin E, For All Skin Types, HEY-zel</p><p>$12.00 ($100.00 / Fl Oz)</p><a href="https://www.amazon.com/dp/B0CLDDVBF4?tag=eloabder-20&linkCode=osi&th=1&psc=1">View Product</a></div><div class="product"><a href="https://www.amazon.com/dp/B001CWGFYU?tag=eloabder-20&linkCode=osi&th=1&psc=1"><img src="https://m.media-amazon.com/images/I/41wMMGxFtlL._SL500_.jpg" alt="Product Image"></a><p>Palladio Lip Stain, Hydrating and Waterproof Formula, Matte Color Look, Longlasting All Day Wear Lip Color, Smudge Proof Natural Finish, Precise Chisel Tip Marker, Nude</p><p>$8.99</p><a href="https://www.amazon.com/dp/B001CWGFYU?tag=eloabder-20&linkCode=osi&th=1&psc=1">View Product</a></div><div class="product"><a href="https://www.amazon.com/dp/B0CHJ8YL6G?tag=eloabder-20&linkCode=osi&th=1&psc=1"><img src="https://m.media-amazon.com/images/I/41amIuqcaJL._SL500_.jpg" alt="Product Image"></a><p>Cilrofelr Peel Off Lip Liner Stain, Long Wear Tattoo Lip Liner with Tweezer, Peel Off Lip Stain with Matte Finish, Long Lasting, Waterproof, Transfer-proof, Highly Pigmented Color (Mauve)</p><p>$14.99 ($187.38 / Fl Oz)</p><a href="https://www.amazon.com/dp/B0CHJ8YL6G?tag=eloabder-20&linkCode=osi&th=1&psc=1">View Product</a></div><div class="product"><a href="https://www.amazon.com/dp/B0CNCSLDBB?tag=eloabder-20&linkCode=osi&th=1&psc=1"><img src="https://m.media-amazon.com/images/I/31EPLmbi1eL._SL500_.jpg" alt="Product Image"></a><p>ETUDE Fixing Tint #05 Midnight Mauve (23AD) | Long Lasting High Pigmented Liquid Lipstick | Waterproof Lightweight Matte Finish Lip Stain | Full Coverage</p><p>$12.00</p><a href="https://www.amazon.com/dp/B0CNCSLDBB?tag=eloabder-20&linkCode=osi&th=1&psc=1">View Product</a></div><div class="product"><a href="https://www.amazon.com/dp/B0CKF2WFNQ?tag=eloabder-20&linkCode=osi&th=1&psc=1"><img src="https://m.media-amazon.com/images/I/41GyA+oYguL._SL500_.jpg" alt="Product Image"></a><p>NOONI Korean Lip Oil - Applefig | Lip Stain, Gift, Long-Lasting, Moisturizing, Plumping, Revitalizing for Dry Lips, Waterproof, No Peel Off, Korean Lip Tint, Magenta Purple, 0.12 Fl Oz</p><p>$12.00 ($100.00 / Fl Oz)</p><a href="https://www.amazon.com/dp/B0CKF2WFNQ?tag=eloabder-20&linkCode=osi&th=1&psc=1">View Product</a></div>
<div class="product"><a href="https://www.amazon.com/dp/B01NAI251H?tag=eloabder-20&linkCode=osi&th=1&psc=1"><img src="https://m.media-amazon.com/images/I/51gC3z3vEIL._SL500_.jpg" alt="Product Image"></a><p>Handmade Heroes 100% Natural Lip Scrub, Vegan Conditioning Coconut Exfoliator - Gentle Exfoliant, Sugar Polish and Scrubber for Chapped Dry Lips, 1oz (Coconut Sorbet)</p><p>$6.99</p><a href="https://www.amazon.com/dp/B01NAI251H?tag=eloabder-20&linkCode=osi&th=1&psc=1">View Product</a></div><div class="product"><a href="https://www.amazon.com/dp/B0C7WQ3Z6H?tag=eloabder-20&linkCode=osi&th=1&psc=1"><img src="https://m.media-amazon.com/images/I/318wm99nh1L._SL500_.jpg" alt="Product Image"></a><p>e.l.f. Lip Exfoliator, Moisturizing Scented Lip Scrub For Exfoliating & Smoothing Lips, Infused With Jojoba Oil, Vegan & Cruelty-free, Strawberry</p><p>$5.00 ($50.00 / Ounce)</p><a href="https://www.amazon.com/dp/B0C7WQ3Z6H?tag=eloabder-20&linkCode=osi&th=1&psc=1">View Product</a></div><div class="product"><a href="https://www.amazon.com/dp/B0759HSBQC?tag=eloabder-20&linkCode=osi&th=1&psc=1"><img src="https://m.media-amazon.com/images/I/3165YiRlcNL._SL500_.jpg" alt="Product Image"></a><p>Revlon Lip Scrub Balm, Kiss Sugar Scrub Exfoliator, Lip Makeup with 24 Hour Long Lasting Hydration, Sugar Mint, 0.09 oz</p><p>$5.48</p><a href="https://www.amazon.com/dp/B0759HSBQC?tag=eloabder-20&linkCode=osi&th=1&psc=1">View Product</a></div><div class="product"><a href="https://www.amazon.com/dp/B0B15MRHM4?tag=eloabder-20&linkCode=osi&th=1&psc=1"><img src="https://m.media-amazon.com/images/I/414XRjPg6AL._SL500_.jpg" alt="Product Image"></a><p>Brooklyn Botany Lip Scrub Exfoliator 1 oz – Lip Moisturizer for Dry Lips and Chapped Lips – Gentle Lip Exfoliator for Smooth and Brighter Lips – Vanilla Flavor</p><p>$7.99</p><a href="https://www.amazon.com/dp/B0B15MRHM4?tag=eloabder-20&linkCode=osi&th=1&psc=1">View Product</a></div><div class="product"><a href="https://www.amazon.com/dp/B0CNQ72M6B?tag=eloabder-20&linkCode=osi&th=1&psc=1"><img src="https://m.media-amazon.com/images/I/310xvYvYEkL._SL500_.jpg" alt="Product Image"></a><p>W7 Sweet Dreams Lip Scrub & Overnight Lip Mask Duo - 2Pcs Set - Strawberry Flavour - Exfoliate, Condition, Soothe & Hydrate</p><p>$9.95 ($4.98 / Count)</p><a href="https://www.amazon.com/dp/B0CNQ72M6B?tag=eloabder-20&linkCode=osi&th=1&psc=1">View Product</a></div><div class="product"><a href="https://www.amazon.com/dp/B09FYYRJ4Y?tag=eloabder-20&linkCode=osi&th=1&psc=1"><img src="https://m.media-amazon.com/images/I/41HDVJYOBRL._SL500_.jpg" alt="Product Image"></a><p>Lip Scrub Treatment, Lip Scrubs Exfoliating Moisturizer Sugar Lip Surb Cruelty-Free for Repairing Dry & Chapped & Peeling and Cracked Lips, the Best Gift for Lip Care in Autumn and Winter(Orange)</p><p>$2.99 ($1.04 / Ounce)</p><a href="https://www.amazon.com/dp/B09FYYRJ4Y?tag=eloabder-20&linkCode=osi&th=1&psc=1">View Product</a></div><div class="product"><a href="https://www.amazon.com/dp/B083588MZP?tag=eloabder-20&linkCode=osi&th=1&psc=1"><img src="https://m.media-amazon.com/images/I/31qe+dPu0WL._SL500_.jpg" alt="Product Image"></a><p>Milani Rose Sugar Lip Scrub - Lip Exfoliator to Help With Lip Care and Lip Repair</p><p>$7.04 ($7.04 / Count)</p><a href="https://www.amazon.com/dp/B083588MZP?tag=eloabder-20&linkCode=osi&th=1&psc=1">View Product</a></div><div class="product"><a href="https://www.amazon.com/dp/B085NDWSZW?tag=eloabder-20&linkCode=osi&th=1&psc=1"><img src="https://m.media-amazon.com/images/I/31QVvbj+z9L._SL500_.jpg" alt="Product Image"></a><p>3 Pcs Lip Scrub Brush,Lip Scrubber Exfoliator,Silicone Lip Brush Tool Double-Sided Mini Exfoliating Brush For Men Women Lip Lightening For Dark Lips Exfoliator Scrub Brush</p><p>$3.47 ($1.16 / Count)</p><a href="https://www.amazon.com/dp/B085NDWSZW?tag=eloabder-20&linkCode=osi&th=1&psc=1">View Product</a></div><div class="product"><a href="https://www.amazon.com/dp/B0CMQ6YN87?tag=eloabder-20&linkCode=osi&th=1&psc=1"><img src="https://m.media-amazon.com/images/I/41KZ7zmBA8L._SL500_.jpg" alt="Product Image"></a><p>EJW Nourishing Lip Scrub - Infused with Coconut Oil, Olive Fruit Oil, and Jojoba Seed Oil, 1.05oz - Exfoliate, Hydrate, and Glow for Chapped Dry, Dark Lips</p><p>$7.27</p><a href="https://www.amazon.com/dp/B0CMQ6YN87?tag=eloabder-20&linkCode=osi&th=1&psc=1">View Product</a></div>
<div class="product"><a href="https://www.amazon.com/dp/B01LYWTZT2?tag=eloabder-20&linkCode=osi&th=1&psc=1"><img src="https://m.media-amazon.com/images/I/315xsyPtBfL._SL500_.jpg" alt="Product Image"></a><p>Too Faced Lip Injection Travel Size Extreme Lip Plumper, Original, 0.1 Fl Oz</p><p>$16.00 ($160.00 / Fl Oz)</p><a href="https://www.amazon.com/dp/B01LYWTZT2?tag=eloabder-20&linkCode=osi&th=1&psc=1">View Product</a></div><div class="product"><a href="https://www.amazon.com/dp/B094LT5LM4?tag=eloabder-20&linkCode=osi&th=1&psc=1"><img src="https://m.media-amazon.com/images/I/1174dCa9FqS._SL500_.jpg" alt="Product Image"></a><p>City Beauty City Lips Plumping Lip Gloss - Ultra High-Shine Gloss for Fuller, Healthier, Younger-Looking Lips | Hydrating & Smoothing Lip Treatment Lip Plumper with Hyaluronic Acid & Oligopeptides</p><p>$35.00 ($218.75 / Fl Oz)</p><a href="https://www.amazon.com/dp/B094LT5LM4?tag=eloabder-20&linkCode=osi&th=1&psc=1">View Product</a></div><div class="product"><a href="https://www.amazon.com/dp/B08XZQ4YQ2?tag=eloabder-20&linkCode=osi&th=1&psc=1"><img src="https://m.media-amazon.com/images/I/41cN7l9csUL._SL500_.jpg" alt="Product Image"></a><p>essence | What the Fake! Plumping Lip Filler | Lip Gloss for Full, Voluminous Lips | Translucent Pearly Finish | Vegan & Cruelty Free, Gluten Free, Paraben Free</p><p>$4.99 ($35.64 / Fl Oz )</p><a href="https://www.amazon.com/dp/B08XZQ4YQ2?tag=eloabder-20&linkCode=osi&th=1&psc=1">View Product</a></div><div class="product"><a href="https://www.amazon.com/dp/B0CR7GSPFP?tag=eloabder-20&linkCode=osi&th=1&psc=1"><img src="https://m.media-amazon.com/images/I/41y+VaB2iDL._SL500_.jpg" alt="Product Image"></a><p>NYX PROFESSIONAL MAKEUP Duck Plump High Pigment Plumping Lip Gloss with Spicy Ginger, Vegan Lip Makeup - Cherry Spice (Transparent Red)</p><p>$9.75</p><a href="https://www.amazon.com/dp/B0CR7GSPFP?tag=eloabder-20&linkCode=osi&th=1&psc=1">View Product</a></div><div class="product"><a href="https://www.amazon.com/dp/B0CPYMLVJJ?tag=eloabder-20&linkCode=osi&th=1&psc=1"><img src="https://m.media-amazon.com/images/I/31qGoOFwP7L._SL500_.jpg" alt="Product Image"></a><p>e.l.f. Pout Clout Lip Plumping Pen, Nourishing Lip Balm For Sheer Color & Shine, Plumps & Moisturizes, Vegan & Cruelty-Free, In The Clear</p><p>$8.00</p><a href="https://www.amazon.com/dp/B0CPYMLVJJ?tag=eloabder-20&linkCode=osi&th=1&psc=1">View Product</a></div><div class="product"><a href="https://www.amazon.com/dp/B086QRYHYT?tag=eloabder-20&linkCode=osi&th=1&psc=1"><img src="https://m.media-amazon.com/images/I/41IVWGl-frL._SL500_.jpg" alt="Product Image"></a><p>KISSIO Lip Plumper,Natural Lip Plumper for Day Use,Lip Plumping Gloss Make Lips Fuller and Moisturizing 5.5ml</p><p>$9.89</p><a href="https://www.amazon.com/dp/B086QRYHYT?tag=eloabder-20&linkCode=osi&th=1&psc=1">View Product</a></div><div class="product"><a href="https://www.amazon.com/dp/B074G382ZR?tag=eloabder-20&linkCode=osi&th=1&psc=1"><img src="https://m.media-amazon.com/images/I/31h-Mpx5OOL._SL500_.jpg" alt="Product Image"></a><p>e.l.f. Lip Plumping Gloss, Hydrating, Nourishing, Invigorating, High-Shine, Plumps, Volumizes, Cools, Soothes, Shimmer, Pink Cosmo 8 Ounce 0.09 Fl Oz</p><p>$7.00</p><a href="https://www.amazon.com/dp/B074G382ZR?tag=eloabder-20&linkCode=osi&th=1&psc=1">View Product</a></div><div class="product"><a href="https://www.amazon.com/dp/B08RRY5PF2?tag=eloabder-20&linkCode=osi&th=1&psc=1"><img src="https://m.media-amazon.com/images/I/41HjvvFXBpL._SL500_.jpg" alt="Product Image"></a><p>Physicians Formula Mineral Wear Diamond Lip Plumper Gloss, Dermatologist Tested, Light Pink Princess Cut</p><p>$7.28</p><a href="https://www.amazon.com/dp/B08RRY5PF2?tag=eloabder-20&linkCode=osi&th=1&psc=1">View Product</a></div>
<div class="product"><a href="https://www.amazon.com/dp/B017PCGAXQ?tag=eloabder-20&linkCode=osi&th=1&psc=1"><img src="https://m.media-amazon.com/images/I/31-daQlUgGL._SL500_.jpg" alt="Product Image"></a><p>Garnier Micellar Water For Waterproof Makeup, Hydrating Facial Cleanser & Makeup Remover, Suitable for Sensitive Skin, Vegan, Cruelty Free, 13.5 Fl Oz (400mL), 1 Count</p><p>$8.97 ($0.66 / Fl Oz)</p><a href="https://www.amazon.com/dp/B017PCGAXQ?tag=eloabder-20&linkCode=osi&th=1&psc=1">View Product</a></div><div class="product"><a href="https://www.amazon.com/dp/B017PCGABI?tag=eloabder-20&linkCode=osi&th=1&psc=1"><img src="https://m.media-amazon.com/images/I/3106WC85aAL._SL500_.jpg" alt="Product Image"></a><p>Garnier Micellar Water, Hydrating Facial Cleanser & Makeup Remover, Suitable for Sensitive Skin, Vegan, Cruelty Free, 13.5 Fl Oz (400mL), 1 Count</p><p>$8.97 ($0.66 / Fl Oz)</p><a href="https://www.amazon.com/dp/B017PCGABI?tag=eloabder-20&linkCode=osi&th=1&psc=1">View Product</a></div><div class="product"><a href="https://www.amazon.com/dp/B00U2VQZDS?tag=eloabder-20&linkCode=osi&th=1&psc=1"><img src="https://m.media-amazon.com/images/I/41VzZfHAKpL._SL500_.jpg" alt="Product Image"></a><p>Neutrogena Makeup Remover Wipes, Ultra-Soft Cleansing Facial Towelettes for Waterproof Makeup, Alcohol-Free, Plant-Based, Twin Pack, 25 Count (Pack of 2)</p><p>$8.97 ($0.18 / Count)</p><a href="https://www.amazon.com/dp/B00U2VQZDS?tag=eloabder-20&linkCode=osi&th=1&psc=1">View Product</a></div><div class="product"><a href="https://www.amazon.com/dp/B07T9JV956?tag=eloabder-20&linkCode=osi&th=1&psc=1"><img src="https://m.media-amazon.com/images/I/310x+0QrxsL._SL500_.jpg" alt="Product Image"></a><p>Neutrogena Gentle Oil-Free Eye Makeup Remover & Cleanser for Sensitive Eyes, Non-Greasy Makeup Remover, Removes Waterproof Mascara, Dermatologist & Ophthalmologist Tested, 8.0 fl. oz</p><p>$9.39 ($1.17 / Fl Oz)</p><a href="https://www.amazon.com/dp/B07T9JV956?tag=eloabder-20&linkCode=osi&th=1&psc=1">View Product</a></div><div class="product"><a href="https://www.amazon.com/dp/B01M31HY3S?tag=eloabder-20&linkCode=osi&th=1&psc=1"><img src="https://m.media-amazon.com/images/I/319i79e7f4L._SL500_.jpg" alt="Product Image"></a><p>Cetaphil Gentle Waterproof Makeup Remover, Mother's Day Gifts, Oil-Free Formula Suitable for Sensitive Skin, 6.0 Fluid Ounce</p><p>$9.87 ($1.64 / Fl Oz)</p><a href="https://www.amazon.com/dp/B01M31HY3S?tag=eloabder-20&linkCode=osi&th=1&psc=1">View Product</a></div><div class="product"><a href="https://www.amazon.com/dp/B07SS6LFRG?tag=eloabder-20&linkCode=osi&th=1&psc=1"><img src="https://m.media-amazon.com/images/I/31Mwa89HfCL._SL500_.jpg" alt="Product Image"></a><p>Amazon Basics Eye Makeup Remover, Removes Waterproof Mascara, Dermatologist Tested, Fragrance Free, 5.5 Fl Oz (Pack of 1)</p><p>$5.99 ($1.09 / Fl Oz)</p><a href="https://www.amazon.com/dp/B07SS6LFRG?tag=eloabder-20&linkCode=osi&th=1&psc=1">View Product</a></div><div class="product"><a href="https://www.amazon.com/dp/B08TQTT8LK?tag=eloabder-20&linkCode=osi&th=1&psc=1"><img src="https://m.media-amazon.com/images/I/31R-Y-dhjEL._SL500_.jpg" alt="Product Image"></a><p>e.l.f. Holy Hydration! Makeup Melting Cleansing Balm, Face Cleanser & Makeup Remover, Infused with Hyaluronic Acid to Hydrate Skin, 2 Oz</p><p>$11.00 ($5.50 / Ounce)</p><a href="https://www.amazon.com/dp/B08TQTT8LK?tag=eloabder-20&linkCode=osi&th=1&psc=1">View Product</a></div><div class="product"><a href="https://www.amazon.com/dp/B08Q3CQM7X?tag=eloabder-20&linkCode=osi&th=1&psc=1"><img src="https://m.media-amazon.com/images/I/31edyzkByfL._SL500_.jpg" alt="Product Image"></a><p>JUNO & Co. Clean 10 Cleansing Balm 10 Ingredients Makeup Remover 85g / 3.0oz</p><p>$14.99 ($5.00 / Ounce)</p><a href="https://www.amazon.com/dp/B08Q3CQM7X?tag=eloabder-20&linkCode=osi&th=1&psc=1">View Product</a></div><div class="product"><a href="https://www.amazon.com/dp/B0B1PP1XCM?tag=eloabder-20&linkCode=osi&th=1&psc=1"><img src="https://m.media-amazon.com/images/I/31kOCqV2+BL._SL500_.jpg" alt="Product Image"></a><p>CeraVe Cleansing Balm for Sensitive Skin | Hydrating Makeup Remover with Ceramides and Plant-based Jojoba Oil for Face | Non-Comedogenic Fragrance Free Non-Greasy |1.3 Ounces</p><p>$9.97 ($7.67 / Ounce)</p><a href="https://www.amazon.com/dp/B0B1PP1XCM?tag=eloabder-20&linkCode=osi&th=1&psc=1">View Product</a></div><div class="product"><a href="https://www.amazon.com/dp/B0BX65V1BZ?tag=eloabder-20&linkCode=osi&th=1&psc=1"><img src="https://m.media-amazon.com/images/I/31t6WiWvdDL._SL500_.jpg" alt="Product Image"></a><p>Prime Prometics PrimeSkin Beauty Water – Deeply Hydrating Pro-Age Make-Up Remover for Mature Women – Clean, One Swipe – for All Skin Types – pH balanced, Hypoallergenic</p><p>$27.00 ($5.29 / Fl Oz)</p><a href="https://www.amazon.com/dp/B0BX65V1BZ?tag=eloabder-20&linkCode=osi&th=1&psc=1">View Product</a></div>
<div class="product"><a href="https://www.amazon.com/dp/B0B642XWV8?tag=eloabder-20&linkCode=osi&th=1&psc=1"><img src="https://m.media-amazon.com/images/I/31PQPhUWqyL._SL500_.jpg" alt="Product Image"></a><p>Cetaphil Face and Body Wipes, Gentle Skin Cleansing Cloths, Mother's Day Gifts, 25 Count (Pack of 2), for Dry, Sensitive Skin, Flip Top Closure, Hypoallergenic, Fragrance Free</p><p>$13.69 ($0.27 / Count)</p><a href="https://www.amazon.com/dp/B0B642XWV8?tag=eloabder-20&linkCode=osi&th=1&psc=1">View Product</a></div><div class="product"><a href="https://www.amazon.com/dp/B0B644ZQLV?tag=eloabder-20&linkCode=osi&th=1&psc=1"><img src="https://m.media-amazon.com/images/I/41E5FGVZrnL._SL500_.jpg" alt="Product Image"></a><p>Cetaphil Face and Body Wipes, Gentle Skin Cleansing Cloths, 25 Count (Pack of 3), for Dry, Sensitive Skin, Flip Top Closure, Great for the Gym, Hypoallergenic, Fragrance Free</p><p>$20.91 ($0.28 / Count)</p><a href="https://www.amazon.com/dp/B0B644ZQLV?tag=eloabder-20&linkCode=osi&th=1&psc=1">View Product</a></div><div class="product"><a href="https://www.amazon.com/dp/B0958JYLZN?tag=eloabder-20&linkCode=osi&th=1&psc=1"><img src="https://m.media-amazon.com/images/I/312T32wjaYL._SL500_.jpg" alt="Product Image"></a><p>The Honest Company Hydrate + Cleanse Naturally Scented Wipes | Cleansing Multi-Tasking Wipes | 99% Water, Plant-Based, Hypoallergenic | Aloe + Cucumber, 60 Count</p><p>$5.97 ($9.95 / 100 Count)</p><a href="https://www.amazon.com/dp/B0958JYLZN?tag=eloabder-20&linkCode=osi&th=1&psc=1">View Product</a></div><div class="product"><a href="https://www.amazon.com/dp/B0BR3GVFL4?tag=eloabder-20&linkCode=osi&th=1&psc=1"><img src="https://m.media-amazon.com/images/I/41E2x2jaumL._SL500_.jpg" alt="Product Image"></a><p>Amazon Basics Hydrating Makeup Remover Wipes, 150 wipes (Pack of 6)</p><p>$17.79 ($0.12 / Count)</p><a href="https://www.amazon.com/dp/B0BR3GVFL4?tag=eloabder-20&linkCode=osi&th=1&psc=1">View Product</a></div><div class="product"><a href="https://www.amazon.com/dp/B093T3LQPP?tag=eloabder-20&linkCode=osi&th=1&psc=1"><img src="https://m.media-amazon.com/images/I/51mLU+qr6tL._SL500_.jpg" alt="Product Image"></a><p>Burt's Bees Rose Water Face Wipes, for All Skin Types, Hydrating Micellar Makeup Remover & Facial Cleansing Towelettes, 30 Ct (3-Pack)</p><p>$16.47 ($0.18 / Count)</p><a href="https://www.amazon.com/dp/B093T3LQPP?tag=eloabder-20&linkCode=osi&th=1&psc=1">View Product</a></div><div class="product"><a href="https://www.amazon.com/dp/B09LXWPB1V?tag=eloabder-20&linkCode=osi&th=1&psc=1"><img src="https://m.media-amazon.com/images/I/4117i-jJMKL._SL500_.jpg" alt="Product Image"></a><p>CeraVe Hydrating Facial Cleansing Makeup Remover Wipes| Plant Based Face Biodegradable in Home Compost| Wash Cloth| Suitable for Sensitive Skin| Fragrance-free Non-comedogenic| 25 Count</p><p>$9.97 ($0.40 / Count)</p><a href="https://www.amazon.com/dp/B09LXWPB1V?tag=eloabder-20&linkCode=osi&th=1&psc=1">View Product</a></div><div class="product"><a href="https://www.amazon.com/dp/B00NUJQG7Y?tag=eloabder-20&linkCode=osi&th=1&psc=1"><img src="https://m.media-amazon.com/images/I/51apu8FIluL._SL500_.jpg" alt="Product Image"></a><p>Burt's Bees Aloe Vera Face Wipes, for Sensitive Skin, Soothing Makeup Remover & Facial Cleansing Towelettes, 30 Ct. (3-Pack)</p><p>$16.41 ($0.18 / Count)</p><a href="https://www.amazon.com/dp/B00NUJQG7Y?tag=eloabder-20&linkCode=osi&th=1&psc=1">View Product</a></div>
<div class="product"><a href="https://www.amazon.com/dp/B08KQMXZFB?tag=eloabder-20&linkCode=osi&th=1&psc=1"><img src="https://m.media-amazon.com/images/I/31HvJEoHtwL._SL500_.jpg" alt="Product Image"></a><p>Garnier Micellar Water with Vitamin C, Facial Cleanser & Makeup Remover, Brightening & Hydrating, For All Skin Types, Vegan, Cruelty Free, 13.5 Fl Oz (400mL), 1 Count</p><p>$8.97 ($0.66 / Fl Oz)</p><a href="https://www.amazon.com/dp/B08KQMXZFB?tag=eloabder-20&linkCode=osi&th=1&psc=1">View Product</a></div><div class="product"><a href="https://www.amazon.com/dp/B0036SFTK4?tag=eloabder-20&linkCode=osi&th=1&psc=1"><img src="https://m.media-amazon.com/images/I/31+tj+uVB+L._SL500_.jpg" alt="Product Image"></a><p>Bioderma Sensibio H2O Micellar Water, Makeup Remover, Gentle for Skin, Fragrance-Free & Alcohol-Free, No Rinse Skincare With Micellar Technology for Normal To Sensitive Skin Types</p><p>$12.99 ($1.55 / Fl Oz)</p><a href="https://www.amazon.com/dp/B0036SFTK4?tag=eloabder-20&linkCode=osi&th=1&psc=1">View Product</a></div><div class="product"><a href="https://www.amazon.com/dp/B07TB2MKJJ?tag=eloabder-20&linkCode=osi&th=1&psc=1"><img src="https://m.media-amazon.com/images/I/41SyeAmsnOL._SL500_.jpg" alt="Product Image"></a><p>Garnier Micellar Water with Rose Water and Glycerin, Hydrating Facial Cleanser & Makeup Remover, For All Skin Types, Vegan, Cruelty Free, 13.5 Fl Oz (400mL), 1 Count</p><p>$8.97 ($0.66 / Fl Oz)</p><a href="https://www.amazon.com/dp/B07TB2MKJJ?tag=eloabder-20&linkCode=osi&th=1&psc=1">View Product</a></div><div class="product"><a href="https://www.amazon.com/dp/B01MQ495N0?tag=eloabder-20&linkCode=osi&th=1&psc=1"><img src="https://m.media-amazon.com/images/I/31wWu56DBJL._SL500_.jpg" alt="Product Image"></a><p>Garnier Micellar Water for Oily Skin, Facial Cleanser & Makeup Remover, Mattifying, For All Skin Types, Vegan, Cruelty Free, 13.5 Fl Oz (400mL), 1 Count</p><p>$8.97 ($0.66 / Fl Oz)</p><a href="https://www.amazon.com/dp/B01MQ495N0?tag=eloabder-20&linkCode=osi&th=1&psc=1">View Product</a></div><div class="product"><a href="https://www.amazon.com/dp/B0B59TJN3R?tag=eloabder-20&linkCode=osi&th=1&psc=1"><img src="https://m.media-amazon.com/images/I/410aYbZluvL._SL500_.jpg" alt="Product Image"></a><p>Garnier Micellar Water with Hyaluronic Acid, Facial Cleanser & Makeup Remover, Hydrating and Plumping, For All Skin Types, Vegan, Cruelty Free, 13.5 Fl Oz (400mL), 2 Count</p><p>$17.94 ($0.66 / Fl Oz)</p><a href="https://www.amazon.com/dp/B0B59TJN3R?tag=eloabder-20&linkCode=osi&th=1&psc=1">View Product</a></div><div class="product"><a href="https://www.amazon.com/dp/B07VHZPBZ3?tag=eloabder-20&linkCode=osi&th=1&psc=1"><img src="https://m.media-amazon.com/images/I/41Ow8cEJaFL._SL500_.jpg" alt="Product Image"></a><p>CeraVe Micellar Water | New & Improved Formula | Hydrating Facial Cleanser & Eye Makeup Remover | Fragrance Free & Non-Irritating | 10 Fl. Oz</p><p>$10.74 ($1.07 / Ounce)</p><a href="https://www.amazon.com/dp/B07VHZPBZ3?tag=eloabder-20&linkCode=osi&th=1&psc=1">View Product</a></div><div class="product"><a href="https://www.amazon.com/dp/B005EZSUS0?tag=eloabder-20&linkCode=osi&th=1&psc=1"><img src="https://m.media-amazon.com/images/I/31Cwqaks+tL._SL500_.jpg" alt="Product Image"></a><p>La Roche-Posay Micellar Cleansing Water for Sensitive Skin, Micellar Water Makeup Remover, Cleanses and Hydrates Skin, Gentle Face Toner, Oil Free</p><p>$18.99 ($1.40 / Fl Oz)</p><a href="https://www.amazon.com/dp/B005EZSUS0?tag=eloabder-20&linkCode=osi&th=1&psc=1">View Product</a></div><div class="product"><a href="https://www.amazon.com/dp/B0CY25DD2N?tag=eloabder-20&linkCode=osi&th=1&psc=1"><img src="https://m.media-amazon.com/images/I/41jb6YrZnRL._SL500_.jpg" alt="Product Image"></a><p>ma:nyo Pure Cleansing Water Sensitive (16.9 fl oz/500ml) - Triple+ Micellar Technology, Makeup Removal Cleanser, Gentle Face Cleanser for all skin types, Cleanses and Hydrates Skin</p><p>$18.99 ($1.12 / Fl Oz)</p><a href="https://www.amazon.com/dp/B0CY25DD2N?tag=eloabder-20&linkCode=osi&th=1&psc=1">View Product</a></div>
<div class="product"><a href="https://www.amazon.com/dp/B09LKXR62L?tag=eloabder-20&linkCode=osi&th=1&psc=1"><img src="https://m.media-amazon.com/images/I/31D6ydy59dL._SL500_.jpg" alt="Product Image"></a><p>CeraVe Hydrating Toner for Face Non-Alcoholic with Hyaluronic Acid, Niacinamide, and Ceramides for Sensitive Dry Skin, Fragrance-Free Non Comedogenic, Full Size, 6.8 Fl Oz</p><p>$9.86 ($1.45 / Ounce)</p><a href="https://www.amazon.com/dp/B09LKXR62L?tag=eloabder-20&linkCode=osi&th=1&psc=1">View Product</a></div><div class="product"><a href="https://www.amazon.com/dp/B08CMS8P67?tag=eloabder-20&linkCode=osi&th=1&psc=1"><img src="https://m.media-amazon.com/images/I/31LVyuSsJEL._SL500_.jpg" alt="Product Image"></a><p>Anua Heartleaf 77 Soothing Toner I pH 5.5 Trouble Care, Calming Skin, Refreshing, Hydrating, Purifying, Cruelty Free, Vegan,(250ml / 8.45 fl.oz.)</p><p>$19.69 ($2.33 / Fl Oz)</p><a href="https://www.amazon.com/dp/B08CMS8P67?tag=eloabder-20&linkCode=osi&th=1&psc=1">View Product</a></div><div class="product"><a href="https://www.amazon.com/dp/B001BR97A0?tag=eloabder-20&linkCode=osi&th=1&psc=1"><img src="https://m.media-amazon.com/images/I/41ooiOilk5L._SL500_.jpg" alt="Product Image"></a><p>THAYERS Alcohol-Free, Hydrating Cucumber Witch Hazel Facial Toner with Aloe Vera Formula, Vegan, Dermatologist Tested and Recommended, 12 Oz</p><p>$10.53 ($0.88 / Fl Oz)</p><a href="https://www.amazon.com/dp/B001BR97A0?tag=eloabder-20&linkCode=osi&th=1&psc=1">View Product</a></div><div class="product"><a href="https://www.amazon.com/dp/B0CG1H8YRS?tag=eloabder-20&linkCode=osi&th=1&psc=1"><img src="https://m.media-amazon.com/images/I/31OZES5j9LL._SL500_.jpg" alt="Product Image"></a><p>TIRTIR Milk Skin Rice Toner | Deep Moisturizing, Instant Glow, 2% Niacinamide, Rice Bran Extract, Ceramide, Panthenol, Cruelty-Free, Fungal Acne Friendly, Vegan, 5.07 fl.oz.</p><p>$24.99 ($4.93 / Fl Oz)</p><a href="https://www.amazon.com/dp/B0CG1H8YRS?tag=eloabder-20&linkCode=osi&th=1&psc=1">View Product</a></div><div class="product"><a href="https://www.amazon.com/dp/B008EPPIQ4?tag=eloabder-20&linkCode=osi&th=1&psc=1"><img src="https://m.media-amazon.com/images/I/31-lQL0AkZL._SL500_.jpg" alt="Product Image"></a><p>Paula's Choice Skin Balancing Pore-Reducing Toner for Combination and Oily Skin, Minimizes Large Pores, 6.4 Fluid Ounce Bottle</p><p>$26.00 ($4.06 / Fl Oz)</p><a href="https://www.amazon.com/dp/B008EPPIQ4?tag=eloabder-20&linkCode=osi&th=1&psc=1">View Product</a></div><div class="product"><a href="https://www.amazon.com/dp/B0BNC5ZF3T?tag=eloabder-20&linkCode=osi&th=1&psc=1"><img src="https://m.media-amazon.com/images/I/31ZMbyd3gbL._SL500_.jpg" alt="Product Image"></a><p>Neutrogena Alcohol-Free Gentle Daily Fragrance-Free Face Toner to Tone & Refresh Skin, Toner Gently Removes Impurities & Reconditions Skin, Hypoallergenic, 8 fl. oz</p><p>$6.08 ($0.76 / Fl Oz)</p><a href="https://www.amazon.com/dp/B0BNC5ZF3T?tag=eloabder-20&linkCode=osi&th=1&psc=1">View Product</a></div><div class="product"><a href="https://www.amazon.com/dp/B00LO2RO7K?tag=eloabder-20&linkCode=osi&th=1&psc=1"><img src="https://m.media-amazon.com/images/I/31Wb52+KYzL._SL500_.jpg" alt="Product Image"></a><p>La Roche-Posay Effaclar Clarifying Solution Acne Toner with Salicylic Acid and Glycolic Acid, Pore Refining Oily Skin Toner, Gentle Exfoliant to Unclog Pores and Remove Dead Skin Cells</p><p>$16.99 ($2.51 / Fl Oz)</p><a href="https://www.amazon.com/dp/B00LO2RO7K?tag=eloabder-20&linkCode=osi&th=1&psc=1">View Product</a></div><div class="product"><a href="https://www.amazon.com/dp/B000GCQ04C?tag=eloabder-20&linkCode=osi&th=1&psc=1"><img src="https://m.media-amazon.com/images/I/31Jk+E96wIL._SL500_.jpg" alt="Product Image"></a><p>Dickinson's Original Witch Hazel Pore Perfecting Toner, 100% Natural, 16 Ounce Fragrance free</p><p>$4.94 ($0.31 / Fl Oz)</p><a href="https://www.amazon.com/dp/B000GCQ04C?tag=eloabder-20&linkCode=osi&th=1&psc=1">View Product</a></div><div class="product"><a href="https://www.amazon.com/dp/B073P6BPF5?tag=eloabder-20&linkCode=osi&th=1&psc=1"><img src="https://m.media-amazon.com/images/I/31hqlVDLizL._SL500_.jpg" alt="Product Image"></a><p>COSRX AHA/BHA Clarifying Treatment Toner, 5.07 fl.oz / 150ml | Exfoliating Facial Spray | Korean Skin Care, Hydrating, Mild Exfoliation, Vegan, Animal Testing Free, Paraben Free</p><p>$10.75 ($2.11 / Fl Oz)</p><a href="https://www.amazon.com/dp/B073P6BPF5?tag=eloabder-20&linkCode=osi&th=1&psc=1">View Product</a></div>
<div class="product"><a href="https://www.amazon.com/dp/B01N34XW93?tag=eloabder-20&linkCode=osi&th=1&psc=1"><img src="https://m.media-amazon.com/images/I/31OMOTCxlmL._SL500_.jpg" alt="Product Image"></a><p>La Roche-Posay Toleriane Purifying Foaming Facial Cleanser, Oil Free Face Wash for Oily Skin and for Sensitive Skin with Niacinamide, Pore Cleanser Won’t Dry Out Skin, Unscented</p><p>$17.99 ($1.33 / Fl Oz)</p><a href="https://www.amazon.com/dp/B01N34XW93?tag=eloabder-20&linkCode=osi&th=1&psc=1">View Product</a></div><div class="product"><a href="https://www.amazon.com/dp/B01MSSDEPK?tag=eloabder-20&linkCode=osi&th=1&psc=1"><img src="https://m.media-amazon.com/images/I/41YuSwjJUIL._SL500_.jpg" alt="Product Image"></a><p>CeraVe Hydrating Facial Cleanser | Moisturizing Face Wash For Dry Skin | Hyaluronic Acid + Ceramides + Glycerin | Hydrating Cleanser For Normal To Dry Skin | National Eczema Assosiation Certified</p><p>$15.48 ($0.97 / Fl Oz)</p><a href="https://www.amazon.com/dp/B01MSSDEPK?tag=eloabder-20&linkCode=osi&th=1&psc=1">View Product</a></div><div class="product"><a href="https://www.amazon.com/dp/B01N1LL62W?tag=eloabder-20&linkCode=osi&th=1&psc=1"><img src="https://m.media-amazon.com/images/I/41kwN8dWWzL._SL500_.jpg" alt="Product Image"></a><p>CeraVe Foaming Facial Cleanser | Daily Face Wash for Oily Skin with Hyaluronic Acid, Ceramides, and Niacinamide| Fragrance Free | 16 Fluid Ounce</p><p>$15.19 ($0.95 / Fl Oz)</p><a href="https://www.amazon.com/dp/B01N1LL62W?tag=eloabder-20&linkCode=osi&th=1&psc=1">View Product</a></div><div class="product"><a href="https://www.amazon.com/dp/B01N7T7JKJ?tag=eloabder-20&linkCode=osi&th=1&psc=1"><img src="https://m.media-amazon.com/images/I/31VXK3y1KYL._SL500_.jpg" alt="Product Image"></a><p>La Roche-Posay Toleriane Hydrating Gentle Face Cleanser, Daily Facial Cleanser with Niacinamide and Ceramides for Sensitive Skin, Moisturizing Face Wash for Normal to Dry Skin, Fragrance Free</p><p>$17.99 ($1.33 / Fl Oz)</p><a href="https://www.amazon.com/dp/B01N7T7JKJ?tag=eloabder-20&linkCode=osi&th=1&psc=1">View Product</a></div><div class="product"><a href="https://www.amazon.com/dp/B0719GRD5R?tag=eloabder-20&linkCode=osi&th=1&psc=1"><img src="https://m.media-amazon.com/images/I/41YE7bBHNCL._SL500_.jpg" alt="Product Image"></a><p>Clean & Clear Deep Action Exfoliating Cleanser with Pro-Vitamin B5, Gentle Exfoliating Daily Face Scrub Cleans Deep Down to the Pore for Soft, Smooth, Hydrated Skin, Oil Free Face Wash, 7 FL OZ</p><p>$5.32 ($0.76 / Fl Oz)</p><a href="https://www.amazon.com/dp/B0719GRD5R?tag=eloabder-20&linkCode=osi&th=1&psc=1">View Product</a></div><div class="product"><a href="https://www.amazon.com/dp/B08CQ9T6KN?tag=eloabder-20&linkCode=osi&th=1&psc=1"><img src="https://m.media-amazon.com/images/I/31IpigAgxZL._SL500_.jpg" alt="Product Image"></a><p>CeraVe SA Cleanser | Salicylic Acid Cleanser with Hyaluronic Acid, Niacinamide & Ceramides| BHA Exfoliant for Face | Fragrance Free Non-Comedogenic | 16 Ounce</p><p>$15.48 ($0.97 / Fl Oz)</p><a href="https://www.amazon.com/dp/B08CQ9T6KN?tag=eloabder-20&linkCode=osi&th=1&psc=1">View Product</a></div><div class="product"><a href="https://www.amazon.com/dp/B09Y4HHY1P?tag=eloabder-20&linkCode=osi&th=1&psc=1"><img src="https://m.media-amazon.com/images/I/41Crw80Q3yL._SL500_.jpg" alt="Product Image"></a><p>Cetaphil Face Wash, Daily Facial Cleanser for Sensitive, Combination to Oily Skin, NEW 16 oz, Fragrance Free, Gentle Foaming, Soap Free, Hypoallergenic (Packaging May Vary)</p><p>$11.97 ($0.75 / Fl Oz)</p><a href="https://www.amazon.com/dp/B09Y4HHY1P?tag=eloabder-20&linkCode=osi&th=1&psc=1">View Product</a></div><div class="product"><a href="https://www.amazon.com/dp/B099MSZX25?tag=eloabder-20&linkCode=osi&th=1&psc=1"><img src="https://m.media-amazon.com/images/I/41VHDzUYE6L._SL500_.jpg" alt="Product Image"></a><p>Cetaphil Face Wash, Daily Facial Cleanser for Sensitive, Combination to Oily Skin, Mother's Day Gifts, NEW 20 oz, Gentle Foaming, Soap Free, Hypoallergenic</p><p>$13.97 ($0.70 / Fl Oz)</p><a href="https://www.amazon.com/dp/B099MSZX25?tag=eloabder-20&linkCode=osi&th=1&psc=1">View Product</a></div><div class="product"><a href="https://www.amazon.com/dp/B00LO1DNXU?tag=eloabder-20&linkCode=osi&th=1&psc=1"><img src="https://m.media-amazon.com/images/I/31blEnDdwIL._SL500_.jpg" alt="Product Image"></a><p>La Roche-Posay Effaclar Medicated Gel Cleanser | 2% Salicylic Acid Cleanser + LHA + Glycerin | Foaming Acne Face Wash | Helps Clear & Prevent Acne Breakouts | Oil Free Acne Wash | Targets Excess Oil</p><p>$16.99 ($2.51 / Fl Oz)</p><a href="https://www.amazon.com/dp/B00LO1DNXU?tag=eloabder-20&linkCode=osi&th=1&psc=1">View Product</a></div><div class="product"><a href="https://www.amazon.com/dp/B00FFJ4W0U?tag=eloabder-20&linkCode=osi&th=1&psc=1"><img src="https://m.media-amazon.com/images/I/31NIZChUu9L._SL500_.jpg" alt="Product Image"></a><p>Clean & Clear Morning Burst Hydrating Facial Cleanser with BHA, Cucumber and Aloe Extracts, Oil-Free Face Wash Gently Removes Oil and Pore Clogging Impurities, 8 FL OZ</p><p>$4.97 ($0.62 / Fl Oz)</p><a href="https://www.amazon.com/dp/B00FFJ4W0U?tag=eloabder-20&linkCode=osi&th=1&psc=1">View Product</a></div>
<div class="product"><a href="https://www.amazon.com/dp/B00QY1XZ4W?tag=eloabder-20&linkCode=osi&th=1&psc=1"><img src="https://m.media-amazon.com/images/I/319pG+OQZxL._SL500_.jpg" alt="Product Image"></a><p>Vanicream Gentle Facial Cleanser with Pump Dispenser - 8 fl oz - Formulated Without Common Irritants for Those with Sensitive Skin</p><p>$8.86 ($1.11 / Fl Oz)</p><a href="https://www.amazon.com/dp/B00QY1XZ4W?tag=eloabder-20&linkCode=osi&th=1&psc=1">View Product</a></div><div class="product"><a href="https://www.amazon.com/dp/B00UT47WZ8?tag=eloabder-20&linkCode=osi&th=1&psc=1"><img src="https://m.media-amazon.com/images/I/31LuYFIOBXL._SL500_.jpg" alt="Product Image"></a><p>Neutrogena Deep Clean Daily Facial Cleanser with Beta Hydroxy Acid for Normal to Oily Skin, Alcohol-Free, Oil-Free & Non-Comedogenic, 6.7 fl. oz</p><p>$6.49 ($0.97 / Fl Oz)</p><a href="https://www.amazon.com/dp/B00UT47WZ8?tag=eloabder-20&linkCode=osi&th=1&psc=1">View Product</a></div><div class="product"><a href="https://www.amazon.com/dp/B0BVV8BNYJ?tag=eloabder-20&linkCode=osi&th=1&psc=1"><img src="https://m.media-amazon.com/images/I/31tSZvBReoL._SL500_.jpg" alt="Product Image"></a><p>ANUA Heartleaf Quercetinol Pore Deep Cleansing Foam, Facial Cleanser, for Double Cleansing, BHA, Hyaluronic Acid, Glycerin, Face Wash, Blackhead Remover, Korean Skincare (150ml/5.07 fl.oz.)</p><p>$13.00 ($2.56 / Fl Oz)</p><a href="https://www.amazon.com/dp/B0BVV8BNYJ?tag=eloabder-20&linkCode=osi&th=1&psc=1">View Product</a></div><div class="product"><a href="https://www.amazon.com/dp/B004HLSZYQ?tag=eloabder-20&linkCode=osi&th=1&psc=1"><img src="https://m.media-amazon.com/images/I/31KXj2UGrOL._SL500_.jpg" alt="Product Image"></a><p>EltaMD Foaming Facial Cleanser, Gentle Foaming Face Wash and Makeup Remover, Oil Free Face Wash, 7 oz Pump</p><p>$35.00 ($5.00 / Fl Oz)</p><a href="https://www.amazon.com/dp/B004HLSZYQ?tag=eloabder-20&linkCode=osi&th=1&psc=1">View Product</a></div>
<div class="product"><a href="https://www.amazon.com/dp/B07C5SS6YD?tag=eloabder-20&linkCode=osi&th=1&psc=1"><img src="https://m.media-amazon.com/images/I/31tzIszvgAL._SL500_.jpg" alt="Product Image"></a><p>Paula's Choice Skin Perfecting 2% BHA Liquid Salicylic Acid Exfoliant, Gentle Facial Exfoliator for Blackheads, Large Pores, Wrinkles & Fine Lines, Travel Size, 1 Fluid Ounce</p><p>$14.00</p><a href="https://www.amazon.com/dp/B07C5SS6YD?tag=eloabder-20&linkCode=osi&th=1&psc=1">View Product</a></div><div class="product"><a href="https://www.amazon.com/dp/B07VW3YSWH?tag=eloabder-20&linkCode=osi&th=1&psc=1"><img src="https://m.media-amazon.com/images/I/410j9ZFktHL._SL500_.jpg" alt="Product Image"></a><p>Tree Hut Vitamin C Shea Sugar Scrub, 18 oz, Ultra Hydrating and Exfoliating Scrub for Nourishing Essential Body Care</p><p>$8.94 ($0.50 / Ounce)</p><a href="https://www.amazon.com/dp/B07VW3YSWH?tag=eloabder-20&linkCode=osi&th=1&psc=1">View Product</a></div><div class="product"><a href="https://www.amazon.com/dp/B08YN28CS4?tag=eloabder-20&linkCode=osi&th=1&psc=1"><img src="https://m.media-amazon.com/images/I/41WIWNeKrxL._SL500_.jpg" alt="Product Image"></a><p>Seraphic Skincare (Original) Premium Exfoliating Mitt for Body (1pc) – 100% Vegan Viscose Traditional Body Scrub Glove Kessa Korean Washcloth – Body Exfoliator for Self-Tan Removal & Keratosis Pilaris</p><p>$8.99 ($8.99 / Count)</p><a href="https://www.amazon.com/dp/B08YN28CS4?tag=eloabder-20&linkCode=osi&th=1&psc=1">View Product</a></div><div class="product"><a href="https://www.amazon.com/dp/B001VMJSCW?tag=eloabder-20&linkCode=osi&th=1&psc=1"><img src="https://m.media-amazon.com/images/I/31N7x4-aJAL._SL500_.jpg" alt="Product Image"></a><p>Dermalogica Daily Microfoliant, Face Exfoliator Scrub Powder with Salicylic Acid and Papaya Enzyme, Achieve Brighter, Smoother Skin Daily, 0.45 Oz</p><p>$19.00 ($42.22 / Ounce)</p><a href="https://www.amazon.com/dp/B001VMJSCW?tag=eloabder-20&linkCode=osi&th=1&psc=1">View Product</a></div><div class="product"><a href="https://www.amazon.com/dp/B076KYPY23?tag=eloabder-20&linkCode=osi&th=1&psc=1"><img src="https://m.media-amazon.com/images/I/31F7Ozgy+WL._SL500_.jpg" alt="Product Image"></a><p>DRMTLGY Microdermabrasion Facial Scrub and Face Mask. Non-Abrasive Face Exfoliator Improves Acne Scars, Blackheads, Pore Size, and Skin Texture. 2 oz</p><p>$20.00 ($10.00 / Ounce)</p><a href="https://www.amazon.com/dp/B076KYPY23?tag=eloabder-20&linkCode=osi&th=1&psc=1">View Product</a></div><div class="product"><a href="https://www.amazon.com/dp/B018H32LHQ?tag=eloabder-20&linkCode=osi&th=1&psc=1"><img src="https://m.media-amazon.com/images/I/41NfDFms3KL._SL500_.jpg" alt="Product Image"></a><p>Era Organics Microdermabrasion Facial Scrub & Face Exfoliator - Spa Quality Exfoliating Mask with Manuka Honey Walnut Moisturizing Exfoliant for Dry Skin, Blackheads Wrinkles (2 oz)</p><p>$16.99 ($8.50 / Ounce)</p><a href="https://www.amazon.com/dp/B018H32LHQ?tag=eloabder-20&linkCode=osi&th=1&psc=1">View Product</a></div><div class="product"><a href="https://www.amazon.com/dp/B0BNWXFH3P?tag=eloabder-20&linkCode=osi&th=1&psc=1"><img src="https://m.media-amazon.com/images/I/51HkdST1FCL._SL500_.jpg" alt="Product Image"></a><p>Dermasuri Deep Exfoliating Glove for Shower - Exfoliating Mitt Body Scrubber - Skin Exfoliator & Dead Skin Remover - Keratosis Pilaris Scrub - Spray Tan Remover - Korean Skincare for Body (2 Pack)</p><p>$19.99 ($10.00 / Count)</p><a href="https://www.amazon.com/dp/B0BNWXFH3P?tag=eloabder-20&linkCode=osi&th=1&psc=1">View Product</a></div><div class="product"><a href="https://www.amazon.com/dp/B09Q88TVGJ?tag=eloabder-20&linkCode=osi&th=1&psc=1"><img src="https://m.media-amazon.com/images/I/31jQFJt0t7L._SL500_.jpg" alt="Product Image"></a><p>tingl Face and Body Exfoliator Pads - Anti Aging Acne Treatment with Glycolic Acid, Lactic Acid, and Salicylic Acid - Pore Minimizer, Oil Cleanser, Blackhead Remover and Skin Exfoliator in One</p><p>$38.00 ($38.00 / Count)</p><a href="https://www.amazon.com/dp/B09Q88TVGJ?tag=eloabder-20&linkCode=osi&th=1&psc=1">View Product</a></div><div class="product"><a href="https://www.amazon.com/dp/B08T4FLJQZ?tag=eloabder-20&linkCode=osi&th=1&psc=1"><img src="https://m.media-amazon.com/images/I/317LIpGPZiL._SL500_.jpg" alt="Product Image"></a><p>Dove Scrub Brown Sugar & Coconut Butter For Silky Smooth Skin Body Scrub Exfoliates & Restores Skin's Natural Nutrients 10.5 oz</p><p>$6.97 ($0.66 / Ounce)</p><a href="https://www.amazon.com/dp/B08T4FLJQZ?tag=eloabder-20&linkCode=osi&th=1&psc=1">View Product</a></div>
<div class="product"><a href="https://www.amazon.com/dp/B07XG6BKCV?tag=eloabder-20&linkCode=osi&th=1&psc=1"><img src="https://m.media-amazon.com/images/I/31gg8aKaOeL._SL500_.jpg" alt="Product Image"></a><p>First Aid Beauty KP Bump Eraser Body Scrub Exfoliant for Keratosis Pilaris with 10% AHA – 8 oz</p><p>$30.00 ($3.75 / Ounce)</p><a href="https://www.amazon.com/dp/B07XG6BKCV?tag=eloabder-20&linkCode=osi&th=1&psc=1">View Product</a></div><div class="product"><a href="https://www.amazon.com/dp/B08Y5X8GJ9?tag=eloabder-20&linkCode=osi&th=1&psc=1"><img src="https://m.media-amazon.com/images/I/51MmIF4H+2L._SL500_.jpg" alt="Product Image"></a><p>Tree Hut Watermelon Shea Sugar Exfoliating & Hydrating Body Scrub, 18oz</p><p>$8.49 ($0.47 / Ounce)</p><a href="https://www.amazon.com/dp/B08Y5X8GJ9?tag=eloabder-20&linkCode=osi&th=1&psc=1">View Product</a></div><div class="product"><a href="https://www.amazon.com/dp/B003Z4OD24?tag=eloabder-20&linkCode=osi&th=1&psc=1"><img src="https://m.media-amazon.com/images/I/31C3rfE0XfL._SL500_.jpg" alt="Product Image"></a><p>Acure Brightening Facial Scrub for a Youthful, Brighter, Radiant Complexion | With Sea Kelp & French Green Clay, 4 Fl Oz</p><p>$11.83 ($2.96 / Fl Oz)</p><a href="https://www.amazon.com/dp/B003Z4OD24?tag=eloabder-20&linkCode=osi&th=1&psc=1">View Product</a></div><div class="product"><a href="https://www.amazon.com/dp/B07TH9YNL7?tag=eloabder-20&linkCode=osi&th=1&psc=1"><img src="https://m.media-amazon.com/images/I/4152M3OTu9L._SL500_.jpg" alt="Product Image"></a><p>Brooklyn Botany Dead Sea Salt and Coconut Milk Body Scrub - Moisturizing and Exfoliating Body, Face, Hand, Foot Scrub - Fights Stretch Marks, Fine Lines, Wrinkles - Great Gifts for Women & Men - 10 oz</p><p>$8.99 ($0.86 / Ounce)</p><a href="https://www.amazon.com/dp/B07TH9YNL7?tag=eloabder-20&linkCode=osi&th=1&psc=1">View Product</a></div><div class="product"><a href="https://www.amazon.com/dp/B07Q9C3YTQ?tag=eloabder-20&linkCode=osi&th=1&psc=1"><img src="https://m.media-amazon.com/images/I/31L0XCMqHoL._SL500_.jpg" alt="Product Image"></a><p>SheaMoisture Body Scrub for Dull Skin Illuminating Coconut and Hibiscus Cruelty-Free Skin Care 12 oz</p><p>$8.94 ($0.74 / Ounce)</p><a href="https://www.amazon.com/dp/B07Q9C3YTQ?tag=eloabder-20&linkCode=osi&th=1&psc=1">View Product</a></div><div class="product"><a href="https://www.amazon.com/dp/B09X6CVS53?tag=eloabder-20&linkCode=osi&th=1&psc=1"><img src="https://m.media-amazon.com/images/I/51a7ibTDAQL._SL500_.jpg" alt="Product Image"></a><p>Exfoliating Body Scrub Turmeric Body Scrub and Skin Exfoliator with Collagen and Coconut Oil Gently Exfoliate Face Body Hand and Foot Scrub Moisturizing Body SkinCare products by M3 Naturals</p><p>$25.81 ($2.15 / Ounce)</p><a href="https://www.amazon.com/dp/B09X6CVS53?tag=eloabder-20&linkCode=osi&th=1&psc=1">View Product</a></div><div class="product"><a href="https://www.amazon.com/dp/B08TM4QBDT?tag=eloabder-20&linkCode=osi&th=1&psc=1"><img src="https://m.media-amazon.com/images/I/51ToKkQ3fMS._SL500_.jpg" alt="Product Image"></a><p>First Botany, Himalayan Salt Body Scrub with Collagen & Stem Cells, Natural Exfoliating Salt Scrub Body & Face Souffle helps with Moisturizing Skin, Acne, Cellulite, Dead Skin Scars, Wrinkles, 11 oz</p><p>$13.89 ($1.26 / Ounce)</p><a href="https://www.amazon.com/dp/B08TM4QBDT?tag=eloabder-20&linkCode=osi&th=1&psc=1">View Product</a></div>
<div class="product"><a href="https://www.amazon.com/dp/B0B2RM68G2?tag=eloabder-20&linkCode=osi&th=1&psc=1"><img src="https://m.media-amazon.com/images/I/41VafG53fjL._SL500_.jpg" alt="Product Image"></a><p>BIODANCE Bio-Collagen Real Deep Mask, Hydrating Overnight Hydrogel Mask, Pore Minimizing, Elasticity Improvement, 34g x4ea</p><p>$19.00 ($4.75 / Count)</p><a href="https://www.amazon.com/dp/B0B2RM68G2?tag=eloabder-20&linkCode=osi&th=1&psc=1">View Product</a></div><div class="product"><a href="https://www.amazon.com/dp/B0722LVW3B?tag=eloabder-20&linkCode=osi&th=1&psc=1"><img src="https://m.media-amazon.com/images/I/51Vm0lozSIL._SL500_.jpg" alt="Product Image"></a><p>DERMAL 24 Combo Pack A Collagen Essence Korean Face Mask - Hydrating & Soothing Facial Mask with Panthenol - Hypoallergenic Self Care Sheet Mask for All Skin Types - Natural Home Spa Treatment Mask</p><p>$16.99 ($0.71 / Count)</p><a href="https://www.amazon.com/dp/B0722LVW3B?tag=eloabder-20&linkCode=osi&th=1&psc=1">View Product</a></div><div class="product"><a href="https://www.amazon.com/dp/B08YRD11VS?tag=eloabder-20&linkCode=osi&th=1&psc=1"><img src="https://m.media-amazon.com/images/I/41QL8zBoz0S._SL500_.jpg" alt="Product Image"></a><p>Vitamin C Face Mask with Kaolin Clay and Turmeric for Dark Spots, Dull Skin, Skincare Facial Mask for Controlling Oil and Refining Pores 5.29 Oz</p><p>$14.99 ($2.83 / Ounce)</p><a href="https://www.amazon.com/dp/B08YRD11VS?tag=eloabder-20&linkCode=osi&th=1&psc=1">View Product</a></div><div class="product"><a href="https://www.amazon.com/dp/B06VV8FBDQ?tag=eloabder-20&linkCode=osi&th=1&psc=1"><img src="https://m.media-amazon.com/images/I/41GEI9zFceL._SL500_.jpg" alt="Product Image"></a><p>LA PURE Korean Face Mask - 10ct Snail Mucin Hydrating Face Masks Anti Wrinkle Anti Aging Deep Moisturizing Natural Snail Mucin Mask Sheet Mask Paraben Free Facial Skin Care Products Korean Skin Care</p><p>$24.95 ($2.50 / Count)</p><a href="https://www.amazon.com/dp/B06VV8FBDQ?tag=eloabder-20&linkCode=osi&th=1&psc=1">View Product</a></div><div class="product"><a href="https://www.amazon.com/dp/B09XWVH7XX?tag=eloabder-20&linkCode=osi&th=1&psc=1"><img src="https://m.media-amazon.com/images/I/413x5TISr1L._SL500_.jpg" alt="Product Image"></a><p>Mediheal Best Korean Watermide Essential Face Mask - 10 Hydrating and Moisturizing Sheet Masks With Water 3x Complex For All Skin Types</p><p>$19.90 ($1.99 / Count)</p><a href="https://www.amazon.com/dp/B09XWVH7XX?tag=eloabder-20&linkCode=osi&th=1&psc=1">View Product</a></div><div class="product"><a href="https://www.amazon.com/dp/B07K6V8P2R?tag=eloabder-20&linkCode=osi&th=1&psc=1"><img src="https://m.media-amazon.com/images/I/41FtxFr0Z-L._SL500_.jpg" alt="Product Image"></a><p>Ebanel 15 Pack Collagen Peptide Hydrating Face Masks, Instant Brightening Firming Anti Aging Face Sheet Masks, Moisturizing Spa Face Masks Skincare with Hyaluronic Acid, Vitamin C, Chamomile, Aloe</p><p>$18.99 ($1.81 / Ounce)</p><a href="https://www.amazon.com/dp/B07K6V8P2R?tag=eloabder-20&linkCode=osi&th=1&psc=1">View Product</a></div><div class="product"><a href="https://www.amazon.com/dp/B0CYGT3CR4?tag=eloabder-20&linkCode=osi&th=1&psc=1"><img src="https://m.media-amazon.com/images/I/51LbfzrqiUL._SL500_.jpg" alt="Product Image"></a><p>KONEUK 14 Pack Sheet Face Masks Skincare for All Skin Types, Hydrating Face Masks Suitable for Sensitive Skin, Bulk Facial Mask Set for Women Skin Care, Face Mask Gifts Set for Face Spa</p><p>$8.99 ($0.64 / Count)</p><a href="https://www.amazon.com/dp/B0CYGT3CR4?tag=eloabder-20&linkCode=osi&th=1&psc=1">View Product</a></div><div class="product"><a href="https://www.amazon.com/dp/B07L8XY5B7?tag=eloabder-20&linkCode=osi&th=1&psc=1"><img src="https://m.media-amazon.com/images/I/41v5eqhBSIL._SL500_.jpg" alt="Product Image"></a><p>BRO MASK: Korean Face Mask for Men | 2 Pc. Hydrating Anti Aging Sheet Masks Contains Vitamin C, Vitamin E, Hyaluronic Acid, Hydrolyzed Collagen for Face Care & Acne Treatment by Jaxon Lane (4 Pack)</p><p>$28.00 ($7.00 / Count)</p><a href="https://www.amazon.com/dp/B07L8XY5B7?tag=eloabder-20&linkCode=osi&th=1&psc=1">View Product</a></div><div class="product"><a href="https://www.amazon.com/dp/B01KSIO76G?tag=eloabder-20&linkCode=osi&th=1&psc=1"><img src="https://m.media-amazon.com/images/I/21n0DJ3XOiL._SL500_.jpg" alt="Product Image"></a><p>Kiehl's Rare Earth Deep Pore Cleansing Mask, Pore-Minimizing Face Mask for Clogged Pores, Detoxifies & Refines Skin, Absorbs Excess Oil, with Amazonian White Clay & Aloe Vera - 0.95 fl oz</p><p>$26.00 ($27.37 / Ounce)</p><a href="https://www.amazon.com/dp/B01KSIO76G?tag=eloabder-20&linkCode=osi&th=1&psc=1">View Product</a></div>
<div class="product"><a href="https://www.amazon.com/dp/B08JSL9W6K?tag=eloabder-20&linkCode=osi&th=1&psc=1"><img src="https://m.media-amazon.com/images/I/410lOOpCRwL._SL500_.jpg" alt="Product Image"></a><p>COSRX Snail Mucin Sheet Mask 10 EA, Snail Essence Leave-on Face Masks for Dry, Sensitive Skin, Snail Secretion Filtrate, Not Tested on Animals, No Parabens, No Sulfates, Korean Skincare</p><p>$18.75 ($1.88 / Count)</p><a href="https://www.amazon.com/dp/B08JSL9W6K?tag=eloabder-20&linkCode=osi&th=1&psc=1">View Product</a></div><div class="product"><a href="https://www.amazon.com/dp/B07FPJHPX1?tag=eloabder-20&linkCode=osi&th=1&psc=1"><img src="https://m.media-amazon.com/images/I/51uNOnTpxTL._SL500_.jpg" alt="Product Image"></a><p>Celavi Essence Facial Sheet Face Mask Variety Set Classic Authentic Korean Moisturizing Skincare (12-Packs)</p><p>$9.40 ($0.78 / Count)</p><a href="https://www.amazon.com/dp/B07FPJHPX1?tag=eloabder-20&linkCode=osi&th=1&psc=1">View Product</a></div><div class="product"><a href="https://www.amazon.com/dp/B083X5R6VR?tag=eloabder-20&linkCode=osi&th=1&psc=1"><img src="https://m.media-amazon.com/images/I/31NleokJYmL._SL500_.jpg" alt="Product Image"></a><p>VT COSMETICS Daily Soothing Mask 30ea, Facial Sheet Mask for Moist & Hydrating, 30 Day Supply, Cica Face Mask</p><p>$18.50 ($0.62 / Count)</p><a href="https://www.amazon.com/dp/B083X5R6VR?tag=eloabder-20&linkCode=osi&th=1&psc=1">View Product</a></div><div class="product"><a href="https://www.amazon.com/dp/B0B57TX64F?tag=eloabder-20&linkCode=osi&th=1&psc=1"><img src="https://m.media-amazon.com/images/I/41+ywvmpRoL._SL500_.jpg" alt="Product Image"></a><p>Mediheal Best Korean Sheet Mask - Watermide Essential Face Mask 4 Sheets For All Skin Types Korean Best Sheet Mask Hydrating Moisturizing with Water 3x Complex</p><p>$7.90 ($1.98 / Count)</p><a href="https://www.amazon.com/dp/B0B57TX64F?tag=eloabder-20&linkCode=osi&th=1&psc=1">View Product</a></div><div class="product"><a href="https://www.amazon.com/dp/B0BPLLXT7Y?tag=eloabder-20&linkCode=osi&th=1&psc=1"><img src="https://m.media-amazon.com/images/I/41vG52wcgaL._SL500_.jpg" alt="Product Image"></a><p>NEXTBEAU [PACK OF 10] Solution Sheet Mask Pack 5types x 2pc Aloe, Niacinamide, Collagen, Hemp seed, Hyaluronic Acid</p><p>$8.99 ($0.90 / Count)</p><a href="https://www.amazon.com/dp/B0BPLLXT7Y?tag=eloabder-20&linkCode=osi&th=1&psc=1">View Product</a></div><div class="product"><a href="https://www.amazon.com/dp/B00BAM7F8C?tag=eloabder-20&linkCode=osi&th=1&psc=1"><img src="https://m.media-amazon.com/images/I/51jsS9SDHeL._SL500_.jpg" alt="Product Image"></a><p>DERMAL 16 Combo Pack A Collagen Essencce Korean Face Mask - Hydrating & Soothing Facial Mask with Panthenol - Hypoallergenic Self Care Sheet Mask for All Skin Types - Natural Home Spa Treatment Masks</p><p>$11.99</p><a href="https://www.amazon.com/dp/B00BAM7F8C?tag=eloabder-20&linkCode=osi&th=1&psc=1">View Product</a></div><div class="product"><a href="https://www.amazon.com/dp/B076H45H68?tag=eloabder-20&linkCode=osi&th=1&psc=1"><img src="https://m.media-amazon.com/images/I/41JP+9JeO5L._SL500_.jpg" alt="Product Image"></a><p>Neutrogena Hydro Boost Moisturizing & Hydrating 100% Hydrogel Sheet Face Mask for Dry Skin with Hyaluronic Acid, Gentle & Non-Comedogenic, 1 Ounce (Pack of 12)</p><p>$34.44 ($2.87 / Ounce)</p><a href="https://www.amazon.com/dp/B076H45H68?tag=eloabder-20&linkCode=osi&th=1&psc=1">View Product</a></div><div class="product"><a href="https://www.amazon.com/dp/B078YB11V4?tag=eloabder-20&linkCode=osi&th=1&psc=1"><img src="https://m.media-amazon.com/images/I/51shUi8PVmL._SL500_.jpg" alt="Product Image"></a><p>TONYMOLY I'm Real Radiance Sheet Mask 5 Count, Hydrates and Moisturizes Face</p><p>$12.00 ($2.40 / Count)</p><a href="https://www.amazon.com/dp/B078YB11V4?tag=eloabder-20&linkCode=osi&th=1&psc=1">View Product</a></div>
<div class="product"><a href="https://www.amazon.com/dp/B081FK6L1G?tag=eloabder-20&linkCode=osi&th=1&psc=1"><img src="https://m.media-amazon.com/images/I/51gWAvQb9aL._SL500_.jpg" alt="Product Image"></a><p>Aztec Secret– Indian Healing Clay 1 lb – Deep Pore Cleansing Facial & Body Mask – The Original 100% Natural Calcium Bentonite Clay – New Version 2</p><p>$14.95 ($0.93 / Ounce)</p><a href="https://www.amazon.com/dp/B081FK6L1G?tag=eloabder-20&linkCode=osi&th=1&psc=1">View Product</a></div><div class="product"><a href="https://www.amazon.com/dp/B0CQZ3W88P?tag=eloabder-20&linkCode=osi&th=1&psc=1"><img src="https://m.media-amazon.com/images/I/41I90W9bHuL._SL500_.jpg" alt="Product Image"></a><p>innisfree Super Volcanic Pore Clay Mask, Korean Pore Clearing Clay Mask with Volcanic Clusters and AHA</p><p>$16.00 ($4.73 / Ounce)</p><a href="https://www.amazon.com/dp/B0CQZ3W88P?tag=eloabder-20&linkCode=osi&th=1&psc=1">View Product</a></div><div class="product"><a href="https://www.amazon.com/dp/B07SDQDMZ4?tag=eloabder-20&linkCode=osi&th=1&psc=1"><img src="https://m.media-amazon.com/images/I/41vC+ro0S-L._SL500_.jpg" alt="Product Image"></a><p>Cetaphil Clay Mask Pro, Dermacontrol Purifying Clay Exfoliating Face Mask For Nourishment with Bentonite Clay for Blackheads and Pores, Designed for Oily, Sensitive Skin, 3 oz</p><p>$15.99 ($5.33 / Ounce)</p><a href="https://www.amazon.com/dp/B07SDQDMZ4?tag=eloabder-20&linkCode=osi&th=1&psc=1">View Product</a></div><div class="product"><a href="https://www.amazon.com/dp/B0CHN72MCJ?tag=eloabder-20&linkCode=osi&th=1&psc=1"><img src="https://m.media-amazon.com/images/I/41OPjUXZYlL._SL500_.jpg" alt="Product Image"></a><p>Aztec Secret Essential Indian Clay Mask Kit by Etana – 100% Natural Calcium Bentonite for Deep Pore Cleansing - Facial, Hair & Body Detox Set Wtih Accessories</p><p>$21.95 ($1.37 / Ounce)</p><a href="https://www.amazon.com/dp/B0CHN72MCJ?tag=eloabder-20&linkCode=osi&th=1&psc=1">View Product</a></div><div class="product"><a href="https://www.amazon.com/dp/B0CPDBW579?tag=eloabder-20&linkCode=osi&th=1&psc=1"><img src="https://m.media-amazon.com/images/I/31tDriIWYmL._SL500_.jpg" alt="Product Image"></a><p>FULLY Green Tomato Clay Mask Cleanser, Pore Purifying with 49% Green Tomato Extract, Sebum & Clogged Pore Care, Exfoliation, Fragrance-Free, Vegan & Dermatologically Tested, 4.05 fl.oz</p><p>$20.00 ($4.94 / Fl Oz)</p><a href="https://www.amazon.com/dp/B0CPDBW579?tag=eloabder-20&linkCode=osi&th=1&psc=1">View Product</a></div><div class="product"><a href="https://www.amazon.com/dp/B007CY2C76?tag=eloabder-20&linkCode=osi&th=1&psc=1"><img src="https://m.media-amazon.com/images/I/31-131ZWvEL._SL500_.jpg" alt="Product Image"></a><p>Freeman Dead Sea Minerals Anti-Stress Clay Facial Mask, Hydrating & Clarifying, Clears Pores, Face Mask With Lavender & Bergamot For Radiant Skin, For All Skin Types, 6 fl. oz./175 mL Tube, 1 Count</p><p>$3.86 ($0.64 / Ounce)</p><a href="https://www.amazon.com/dp/B007CY2C76?tag=eloabder-20&linkCode=osi&th=1&psc=1">View Product</a></div><div class="product"><a href="https://www.amazon.com/dp/B08HCVWG7B?tag=eloabder-20&linkCode=osi&th=1&psc=1"><img src="https://m.media-amazon.com/images/I/51nz+uBxoSL._SL500_.jpg" alt="Product Image"></a><p>Gleamin Vitamin C Clay Mask - 10-Minutes for Dark Spots, Turmeric Face Mask Skin Care, Deep Cleansing Pores - Facial Improves Uneven Tone, Post-Blemish, Visibly Brighten, Scarring and Texture - 2.5 Oz</p><p>$41.00 ($16.40 / Ounce)</p><a href="https://www.amazon.com/dp/B08HCVWG7B?tag=eloabder-20&linkCode=osi&th=1&psc=1">View Product</a></div>
<div class="product"><a href="https://www.amazon.com/dp/B000ZEA6WS?tag=eloabder-20&linkCode=osi&th=1&psc=1"><img src="https://m.media-amazon.com/images/I/31rFp2ip1IL._SL500_.jpg" alt="Product Image"></a><p>Freeman Renewing Cucumber Peel-Off Gel Facial Mask, Face Mask Refreshes Skin, Aloe Soothes & Moisturizes, Get Rejuvenated Skin, For Normal & Combination Skin, 6 fl. oz./175 mL Tube, 1 Count</p><p>$3.86 ($0.64 / Fl Oz)</p><a href="https://www.amazon.com/dp/B000ZEA6WS?tag=eloabder-20&linkCode=osi&th=1&psc=1">View Product</a></div><div class="product"><a href="https://www.amazon.com/dp/B08RYC42CZ?tag=eloabder-20&linkCode=osi&th=1&psc=1"><img src="https://m.media-amazon.com/images/I/31ApUlGl6zL._SL500_.jpg" alt="Product Image"></a><p>Aprilskin Calendula Peel Off Pore Minimizing Facial Mask | Vegan | Blackhead Remover, Exfoliating, Deep Cleansing | PHA BHA | Korean Skin Care | K Beauty | 3.52 oz</p><p>$16.90 ($4.80 / Fl Oz)</p><a href="https://www.amazon.com/dp/B08RYC42CZ?tag=eloabder-20&linkCode=osi&th=1&psc=1">View Product</a></div><div class="product"><a href="https://www.amazon.com/dp/B07DLDKCS1?tag=eloabder-20&linkCode=osi&th=1&psc=1"><img src="https://m.media-amazon.com/images/I/41Mx5AMIGyL._SL500_.jpg" alt="Product Image"></a><p>AZURE 24K Gold Firming Peel Off Face Mask- Anti Aging, Lifting, Illuminating & Revitalizing - Removes Blackheads, Dirt & Oils - With Hyaluronic Acid and Collagen - Skin Care Made in Korea - 150mL</p><p>$9.99 ($1.96 / Fl Oz)</p><a href="https://www.amazon.com/dp/B07DLDKCS1?tag=eloabder-20&linkCode=osi&th=1&psc=1">View Product</a></div><div class="product"><a href="https://www.amazon.com/dp/B07R16LBDL?tag=eloabder-20&linkCode=osi&th=1&psc=1"><img src="https://m.media-amazon.com/images/I/41yu6tuykaL._SL500_.jpg" alt="Product Image"></a><p>SUNATORIA Blackhead Remover Mask - Activated Charcoal Peel Off Face Mask - for All Skin Types - Deep Pore Cleaner Nose Blackhead Remover Pore Release - Black Head Remover for Face</p><p>$9.95 ($4.88 / Fl Oz)</p><a href="https://www.amazon.com/dp/B07R16LBDL?tag=eloabder-20&linkCode=osi&th=1&psc=1">View Product</a></div><div class="product"><a href="https://www.amazon.com/dp/B071KRTXX8?tag=eloabder-20&linkCode=osi&th=1&psc=1"><img src="https://m.media-amazon.com/images/I/51GSgsJO94L._SL500_.jpg" alt="Product Image"></a><p>SHILLS Charcoal Face Mask, Peel Off Mask, Charcoal Mask, Peel Off Mask, Deep Cleansing, Purifying, Activated Charcoal Mask with Brush</p><p>$9.94</p><a href="https://www.amazon.com/dp/B071KRTXX8?tag=eloabder-20&linkCode=osi&th=1&psc=1">View Product</a></div><div class="product"><a href="https://www.amazon.com/dp/B00E5NALCK?tag=eloabder-20&linkCode=osi&th=1&psc=1"><img src="https://m.media-amazon.com/images/I/31Is3s5+U7L._SL500_.jpg" alt="Product Image"></a><p>Freeman Cleansing Pomegranate Peel-Off Gel Facial Mask, Shrinks Pores, Purifies Skin, Made With 8 Different Antioxidants, Protects Skin, Cruelty-Free Skincare, 6 fl. oz./175 mL Tubes, 1 Count</p><p>$4.29 ($0.72 / Fl Oz)</p><a href="https://www.amazon.com/dp/B00E5NALCK?tag=eloabder-20&linkCode=osi&th=1&psc=1">View Product</a></div><div class="product"><a href="https://www.amazon.com/dp/B0CRTPJ5N3?tag=eloabder-20&linkCode=osi&th=1&psc=1"><img src="https://m.media-amazon.com/images/I/51zTZyHPVWL._SL500_.jpg" alt="Product Image"></a><p>Rednow Gold Foil Peel-Off Mask,Gold Peel Off Face Mask Anti-Wrinkle,98.4% Golden Peel Off Mask,Anti-Aging Gold Face Mask for Moisturizing,Removes Blackheads,Reduces Fine Lines,Cleans Pores(2PCS)</p><p>$14.99 ($7.50 / Fl Oz)</p><a href="https://www.amazon.com/dp/B0CRTPJ5N3?tag=eloabder-20&linkCode=osi&th=1&psc=1">View Product</a></div>
<div class="product"><a href="https://www.amazon.com/dp/B01NCM25K7?tag=eloabder-20&linkCode=osi&th=1&psc=1"><img src="https://m.media-amazon.com/images/I/416P4kSw1VL._SL500_.jpg" alt="Product Image"></a><p>New York Biology Dead Sea Mud Mask for Face and Body - Spa Quality Pore Reducer for Acne, Blackheads & Oily Skin, Natural Skincare for Women, Men - Tightens Skin for A Healthier Complexion - 8.8 oz</p><p>$16.95 ($1.93 / Ounce)</p><a href="https://www.amazon.com/dp/B01NCM25K7?tag=eloabder-20&linkCode=osi&th=1&psc=1">View Product</a></div><div class="product"><a href="https://www.amazon.com/dp/B00UREAGU8?tag=eloabder-20&linkCode=osi&th=1&psc=1"><img src="https://m.media-amazon.com/images/I/510FCuOHsNL._SL500_.jpg" alt="Product Image"></a><p>MAJESTIC PURE Dead Sea Mud Mask for Face and Body - Natural Skin Care for Women and Men - Best Facial Cleansing Clay for Blackhead, Whitehead, Acne and Pores - 8.8 fl. Oz</p><p>$9.99 ($1.14 / Fl Oz)</p><a href="https://www.amazon.com/dp/B00UREAGU8?tag=eloabder-20&linkCode=osi&th=1&psc=1">View Product</a></div><div class="product"><a href="https://www.amazon.com/dp/B0BNP68BMG?tag=eloabder-20&linkCode=osi&th=1&psc=1"><img src="https://m.media-amazon.com/images/I/41WoBVjFkyL._SL500_.jpg" alt="Product Image"></a><p>Aromasong 100% Pure Dead Sea Mud Mask for Face - Cleansing Natural Skin Care for Women and Men to Help Reduce Acne and Pores</p><p>$9.97 ($1.25 / Ounce)</p><a href="https://www.amazon.com/dp/B0BNP68BMG?tag=eloabder-20&linkCode=osi&th=1&psc=1">View Product</a></div><div class="product"><a href="https://www.amazon.com/dp/B08XY82146?tag=eloabder-20&linkCode=osi&th=1&psc=1"><img src="https://m.media-amazon.com/images/I/41Fcc-QZoiL._SL500_.jpg" alt="Product Image"></a><p>Borghese Advanced Fango Active Purifying Mud Mask, Detoxify & Clarify with Natural Minerals, For Face and Body, 7.5 Oz</p><p>$53.00 ($7.07 / Fl Oz)</p><a href="https://www.amazon.com/dp/B08XY82146?tag=eloabder-20&linkCode=osi&th=1&psc=1">View Product</a></div><div class="product"><a href="https://www.amazon.com/dp/B086V843R8?tag=eloabder-20&linkCode=osi&th=1&psc=1"><img src="https://m.media-amazon.com/images/I/410evC+SQHL._SL500_.jpg" alt="Product Image"></a><p>ANAI RUI Turmeric Clay Mask - Green Tea Clay Mask - Dead Sea Minerals Mud Mask, Spa Facial Mask Set, Face Mask Gift Set 2.5 oz each</p><p>$22.99</p><a href="https://www.amazon.com/dp/B086V843R8?tag=eloabder-20&linkCode=osi&th=1&psc=1">View Product</a></div><div class="product"><a href="https://www.amazon.com/dp/B0BZVQJMN2?tag=eloabder-20&linkCode=osi&th=1&psc=1"><img src="https://m.media-amazon.com/images/I/414evHf2H+L._SL500_.jpg" alt="Product Image"></a><p>20 Pods Clay Mask Set, Face Mask Skin Care，Green Tea, Turmeric, Dead Sea Mud, Rose, 24K Gold, Eggplant, Avocado, Mud Mask Deep Pore Cleansing Acne Blackhead Removal, Men & Women Facial Mask .</p><p>$17.97</p><a href="https://www.amazon.com/dp/B0BZVQJMN2?tag=eloabder-20&linkCode=osi&th=1&psc=1">View Product</a></div><div class="product"><a href="https://www.amazon.com/dp/B0D1G7XF9X?tag=eloabder-20&linkCode=osi&th=1&psc=1"><img src="https://m.media-amazon.com/images/I/31KAhEPTT2L._SL500_.jpg" alt="Product Image"></a><p>Medicube Zero Pore Blackhead Mud Facial Mask - Skin Cooling & Pore Tightening - 3 Minute Quick Dry Formula with AHA, BHA, PHA, and Pore-Purifying Clay - Korean Face Mask 3.52 oz</p><p>$17.90 ($5.09 / Ounce)</p><a href="https://www.amazon.com/dp/B0D1G7XF9X?tag=eloabder-20&linkCode=osi&th=1&psc=1">View Product</a></div><div class="product"><a href="https://www.amazon.com/dp/B0B538QDNY?tag=eloabder-20&linkCode=osi&th=1&psc=1"><img src="https://m.media-amazon.com/images/I/51MTBYPFdwL._SL500_.jpg" alt="Product Image"></a><p>4 Pcs Clay Facial Mask Set - Turmeric, Vitamin C, Green Tea, Dead Sea Mud, and Rose Clay for Deep Cleansing, Moisturizing, and Refining Pores - 240g</p><p>$19.99 ($2.36 / Ounce)</p><a href="https://www.amazon.com/dp/B0B538QDNY?tag=eloabder-20&linkCode=osi&th=1&psc=1">View Product</a></div><div class="product"><a href="https://www.amazon.com/dp/B09MN94BZW?tag=eloabder-20&linkCode=osi&th=1&psc=1"><img src="https://m.media-amazon.com/images/I/41dNAUrUGKL._SL500_.jpg" alt="Product Image"></a><p>Pure Clay Mud Mask, Clay Mask Pores for Face and Skin, Detox Clay Face Masks Skincare, Exfoliating Facial Treatment, Cleans & Purify Pores For Clear & Glowing Skin, Face Mask for Oily Skin & Normal</p><p>$5.99 ($0.70 / Ounce)</p><a href="https://www.amazon.com/dp/B09MN94BZW?tag=eloabder-20&linkCode=osi&th=1&psc=1">View Product</a></div>
<div class="product"><a href="https://www.amazon.com/dp/B08SHHLS4H?tag=eloabder-20&linkCode=osi&th=1&psc=1"><img src="https://m.media-amazon.com/images/I/51mcEX1fQQL._SL500_.jpg" alt="Product Image"></a><p>2PCS Gel Eye Mask Reusable Hot Cold Therapy Gel Bead Eye Mask for Puffiness/Dark Circles/Eye Bags/Dry Eyes/Headaches/Migraines/Stress Relief, Cooling Eye Mask Hot/Cold Compress Eye Mask (Blue)</p><p>$11.99 ($11.99 / Count)</p><a href="https://www.amazon.com/dp/B08SHHLS4H?tag=eloabder-20&linkCode=osi&th=1&psc=1">View Product</a></div><div class="product"><a href="https://www.amazon.com/dp/B0C8NR3Q5M?tag=eloabder-20&linkCode=osi&th=1&psc=1"><img src="https://m.media-amazon.com/images/I/51A6iv-SfEL._SL500_.jpg" alt="Product Image"></a><p>BeeVines Gel Eye Mask, 2 Pack Cooling Ice Masks for Puffy Eyes for Men & Women, Cold & Warm Compress for Post Surgery, Puffiness, Allergies, Sinuses & Migraines Treatment</p><p>$9.99 ($5.00 / Count)</p><a href="https://www.amazon.com/dp/B0C8NR3Q5M?tag=eloabder-20&linkCode=osi&th=1&psc=1">View Product</a></div><div class="product"><a href="https://www.amazon.com/dp/B07HD61PYN?tag=eloabder-20&linkCode=osi&th=1&psc=1"><img src="https://m.media-amazon.com/images/I/51NrypqKlOL._SL500_.jpg" alt="Product Image"></a><p>Cold Face Eye Mask Ice Pack Reduce Face Puff, Dark Circles, Gel Beads Hot Heat Cold Compress Pack, Face SPA for Woman Sleeping, Pressure, Headaches, Skin Care, Post Laser Care[Blue]</p><p>$9.99 ($9.99 / Count)</p><a href="https://www.amazon.com/dp/B07HD61PYN?tag=eloabder-20&linkCode=osi&th=1&psc=1">View Product</a></div><div class="product"><a href="https://www.amazon.com/dp/B075M9ZLB2?tag=eloabder-20&linkCode=osi&th=1&psc=1"><img src="https://m.media-amazon.com/images/I/51keceyL42L._SL500_.jpg" alt="Product Image"></a><p>Cooling Eye Mask - Reusable Gel Eye Mask Cold Pack - Our Ice Eye Mask Soothes Puffy Eyes & Dark Circles - Relieve Your Headaches & Sinus Pain with Cold Eye Mask & Eye Gel Mask Therapy - Halos</p><p>$9.99</p><a href="https://www.amazon.com/dp/B075M9ZLB2?tag=eloabder-20&linkCode=osi&th=1&psc=1">View Product</a></div><div class="product"><a href="https://www.amazon.com/dp/B0B9YLR2D6?tag=eloabder-20&linkCode=osi&th=1&psc=1"><img src="https://m.media-amazon.com/images/I/41byYk5cDeL._SL500_.jpg" alt="Product Image"></a><p>Lancity Jelly Mask Peel Off Face Masks SkinCare, Natural Gel Powder for Facial Mask, Professional hydrojelly Mask, Moisturizing & Hydrating 23 Fl Oz (Hyaluronic Acid)</p><p>$21.99 ($0.73 / Ounce)</p><a href="https://www.amazon.com/dp/B0B9YLR2D6?tag=eloabder-20&linkCode=osi&th=1&psc=1">View Product</a></div><div class="product"><a href="https://www.amazon.com/dp/B06XG249X4?tag=eloabder-20&linkCode=osi&th=1&psc=1"><img src="https://m.media-amazon.com/images/I/51YWeyoyTxL._SL500_.jpg" alt="Product Image"></a><p>Advanced Clinicals Hyaluronic Acid Gel Facial Mask Skin Care Treatment, Brightening, Hydrating Anti Aging Face Mask & Moisturizer Helps Transform Dry Skin W/Collagen, Chamomile, & Aloe Vera, 5 Fl Oz</p><p>$13.99 ($2.80 / Fl Oz)</p><a href="https://www.amazon.com/dp/B06XG249X4?tag=eloabder-20&linkCode=osi&th=1&psc=1">View Product</a></div><div class="product"><a href="https://www.amazon.com/dp/B0080FIRGQ?tag=eloabder-20&linkCode=osi&th=1&psc=1"><img src="https://m.media-amazon.com/images/I/41nFEw5jATS._SL500_.jpg" alt="Product Image"></a><p>Peter Thomas Roth | Cucumber Gel Mask | Extreme De-Tox Hydrator, Cooling and Hydrating Facial Mask, Helps Soothe the Look of Dry and Irritated Skin, 5 fl oz (Pack of 1)</p><p>$44.29 ($8.86 / Fl Oz)</p><a href="https://www.amazon.com/dp/B0080FIRGQ?tag=eloabder-20&linkCode=osi&th=1&psc=1">View Product</a></div>
<div class="product"><a href="https://www.amazon.com/dp/B014E2D6BY?tag=eloabder-20&linkCode=osi&th=1&psc=1"><img src="https://m.media-amazon.com/images/I/51V2D2PS2tL._SL500_.jpg" alt="Product Image"></a><p>grace & stella Under Eye Mask (Gold, 24 Pairs) Reduce Dark Circles, Puffy Eyes, Undereye Bags, Wrinkles - Gel Under Eye Patches - Gifts for Women - Birthday Gifts for Women - Vegan Cruelty Free</p><p>$21.95 ($0.91 / Count)</p><a href="https://www.amazon.com/dp/B014E2D6BY?tag=eloabder-20&linkCode=osi&th=1&psc=1">View Product</a></div><div class="product"><a href="https://www.amazon.com/dp/B0CPT8W3RV?tag=eloabder-20&linkCode=osi&th=1&psc=1"><img src="https://m.media-amazon.com/images/I/4184Q3-F9HL._SL500_.jpg" alt="Product Image"></a><p>grace & stella Purple Eye Treatment Gels - Dermatologist Tested - Under Eye Masks With Retinol - Restoring Under Eye Patches for Puffy Eyes and Dark Circles - Vegan, Cruelty-Free, 24 Pairs</p><p>$23.95 ($1.00 / Count)</p><a href="https://www.amazon.com/dp/B0CPT8W3RV?tag=eloabder-20&linkCode=osi&th=1&psc=1">View Product</a></div><div class="product"><a href="https://www.amazon.com/dp/B08DG3C22G?tag=eloabder-20&linkCode=osi&th=1&psc=1"><img src="https://m.media-amazon.com/images/I/51NCnFVfYTL._SL500_.jpg" alt="Product Image"></a><p>Celor Under Eye Patches for Puffy Eyes and Dark Circles - Eye Masks with Amino Acids & Collagen, Eye Care for Wrinkles - Birthday Gift for Women - Skincare Self Care - USA Tested (20 Pairs)</p><p>$9.99 ($0.50 / Count)</p><a href="https://www.amazon.com/dp/B08DG3C22G?tag=eloabder-20&linkCode=osi&th=1&psc=1">View Product</a></div><div class="product"><a href="https://www.amazon.com/dp/B0CQ2VBK8M?tag=eloabder-20&linkCode=osi&th=1&psc=1"><img src="https://m.media-amazon.com/images/I/61yjNxVwmgL._SL500_.jpg" alt="Product Image"></a><p>Under Eye Patches for Dark Circles and Puffy Eyes (30 Pairs), Marine Collagen Eye Gel Pads for Puffiness with Vitamin C, Hyaluronic Acid, and Pearl Extract, Eye Mask for Dark Circles and Puffiness</p><p>$19.95 ($0.66 / Count)</p><a href="https://www.amazon.com/dp/B0CQ2VBK8M?tag=eloabder-20&linkCode=osi&th=1&psc=1">View Product</a></div><div class="product"><a href="https://www.amazon.com/dp/B0CJJZYR9Y?tag=eloabder-20&linkCode=osi&th=1&psc=1"><img src="https://m.media-amazon.com/images/I/41Wxw8DLNVL._SL500_.jpg" alt="Product Image"></a><p>DRMTLGY Brightening Eye Masks (30 Pairs) - Caffeine Eye Masks for Dark Circles and Puffiness with Hyaluronic Acid, Eye Patches for Puffy Eyes</p><p>$44.00 ($0.73 / Count)</p><a href="https://www.amazon.com/dp/B0CJJZYR9Y?tag=eloabder-20&linkCode=osi&th=1&psc=1">View Product</a></div><div class="product"><a href="https://www.amazon.com/dp/B0CZ8JBDHQ?tag=eloabder-20&linkCode=osi&th=1&psc=1"><img src="https://m.media-amazon.com/images/I/41jK7RZj1NL._SL500_.jpg" alt="Product Image"></a><p>YOYORY Under Eye Patches Masks - for Dark Circles, Puffy Eyes, Fine Lines, Wrinkles, Eye Bags Treatment with Collagen and Hyaluronic Acid, Moisturizing and Hydrating (60 Pcs)…</p><p>$19.99 ($0.33 / Fl Oz)</p><a href="https://www.amazon.com/dp/B0CZ8JBDHQ?tag=eloabder-20&linkCode=osi&th=1&psc=1">View Product</a></div><div class="product"><a href="https://www.amazon.com/dp/B0C4NWGVTF?tag=eloabder-20&linkCode=osi&th=1&psc=1"><img src="https://m.media-amazon.com/images/I/51lAmpjfDsL._SL500_.jpg" alt="Product Image"></a><p>Taimand Under Eye Patches (30 Pairs), 24K Gold Under Eye Mask for Puffy Eyes, Dark Circles,Bags and Wrinkles with Collagen,Relieves Pressure and Reduces Wrinkles,Revitalises and Refreshes Your Skin</p><p>$7.99 ($0.27 / Count)</p><a href="https://www.amazon.com/dp/B0C4NWGVTF?tag=eloabder-20&linkCode=osi&th=1&psc=1">View Product</a></div><div class="product"><a href="https://www.amazon.com/dp/B0BDD7D34M?tag=eloabder-20&linkCode=osi&th=1&psc=1"><img src="https://m.media-amazon.com/images/I/51O5AVRXcUL._SL500_.jpg" alt="Product Image"></a><p>Maskiss 24k Gold Under Eye Patches (25 Pairs), eye mask, Collagen Skin Care Products, Eye Patches for Puffy Eyes, eye masks for dark circles and puffiness</p><p>$14.99 ($0.60 / Count)</p><a href="https://www.amazon.com/dp/B0BDD7D34M?tag=eloabder-20&linkCode=osi&th=1&psc=1">View Product</a></div><div class="product"><a href="https://www.amazon.com/dp/B0B1MFMS7W?tag=eloabder-20&linkCode=osi&th=1&psc=1"><img src="https://m.media-amazon.com/images/I/41BGKrFfFxL._SL500_.jpg" alt="Product Image"></a><p>CorneaCare Rest: Self Heating Warm Compress for Eyes | Heated Eye Mask for Fast Relief of Dry Eyes | No Microwave Needed | Eye Treatment Products for Dry Eye Relief | 30 Count | FSA & HSA Eligible</p><p>$35.00 ($1.17 / Count)</p><a href="https://www.amazon.com/dp/B0B1MFMS7W?tag=eloabder-20&linkCode=osi&th=1&psc=1">View Product</a></div><div class="product"><a href="https://www.amazon.com/dp/B0CTF8XSFX?tag=eloabder-20&linkCode=osi&th=1&psc=1"><img src="https://m.media-amazon.com/images/I/519z+NIvFHL._SL500_.jpg" alt="Product Image"></a><p>Under Eye Patches for Puffy Eyes Treatment 30 Pairs, 24K Gold Under Eye Masks for Dark Circles and Puffiness, Eye Gel Pads w/Collagen, Sodium Hyaluronate, Rose Essence for Eye Bags Treatment</p><p>$6.99 ($0.23 / Count)</p><a href="https://www.amazon.com/dp/B0CTF8XSFX?tag=eloabder-20&linkCode=osi&th=1&psc=1">View Product</a></div>
<div class="product"><a href="https://www.amazon.com/dp/B00JJPMXDO?tag=eloabder-20&linkCode=osi&th=1&psc=1"><img src="https://m.media-amazon.com/images/I/41xUbY21ojL._SL500_.jpg" alt="Product Image"></a><p>CeraVe Eye Repair Cream | Under Eye Cream For Puffiness And Bags Under Eyes | Hyaluronic Acid + Niacinamide + Marine Botanical Complex | Hydrating Eye Cream | Oil Free & Opthalmologist Tested</p><p>$10.70 ($21.40 / Ounce)</p><a href="https://www.amazon.com/dp/B00JJPMXDO?tag=eloabder-20&linkCode=osi&th=1&psc=1">View Product</a></div><div class="product"><a href="https://www.amazon.com/dp/B0B3GCCRVH?tag=eloabder-20&linkCode=osi&th=1&psc=1"><img src="https://m.media-amazon.com/images/I/41EdCdrw-AL._SL500_.jpg" alt="Product Image"></a><p>CeraVe Skin Renewing Eye Cream For Wrinkles | Under Eye Cream With Peptides + Caffeine + Niacinamide | Anti Aging Eye Cream For Wrinkles & Crows Feet | Paraben Free & Opthalmologist Tested</p><p>$18.49 ($36.98 / Ounce)</p><a href="https://www.amazon.com/dp/B0B3GCCRVH?tag=eloabder-20&linkCode=osi&th=1&psc=1">View Product</a></div><div class="product"><a href="https://www.amazon.com/dp/B00005333I?tag=eloabder-20&linkCode=osi&th=1&psc=1"><img src="https://m.media-amazon.com/images/I/31webfO63dL._SL500_.jpg" alt="Product Image"></a><p>L'Oreal Paris Dermo-Expertise Eye Defense Eye Cream with Caffeine and Hyaluronic Acid 0.5 oz</p><p>$12.27 ($24.54 / Ounce)</p><a href="https://www.amazon.com/dp/B00005333I?tag=eloabder-20&linkCode=osi&th=1&psc=1">View Product</a></div><div class="product"><a href="https://www.amazon.com/dp/B0CZJ8N83D?tag=eloabder-20&linkCode=osi&th=1&psc=1"><img src="https://m.media-amazon.com/images/I/31fQO3OHiML._SL500_.jpg" alt="Product Image"></a><p>PRIME PROMETICS PrimeEyes Hydrate Under Eye Cream for Mature Women – Hydrating Eye Cream for Dark Circles and Wrinkle Repair – Soft, Glowing & Healthy Under Eyes</p><p>$62.00</p><a href="https://www.amazon.com/dp/B0CZJ8N83D?tag=eloabder-20&linkCode=osi&th=1&psc=1">View Product</a></div><div class="product"><a href="https://www.amazon.com/dp/B0009RFB76?tag=eloabder-20&linkCode=osi&th=1&psc=1"><img src="https://m.media-amazon.com/images/I/31M2iQDNDOL._SL500_.jpg" alt="Product Image"></a><p>RoC Retinol Correxion Under Eye Cream for Dark Circles & Puffiness, Daily Wrinkle Cream, Anti Aging Line Smoothing Skin Care Treatment for Women and Men, 0.5 oz (Packaging May Vary)</p><p>$19.02 ($38.04 / Fl Oz)</p><a href="https://www.amazon.com/dp/B0009RFB76?tag=eloabder-20&linkCode=osi&th=1&psc=1">View Product</a></div><div class="product"><a href="https://www.amazon.com/dp/B0D3TG6MN3?tag=eloabder-20&linkCode=osi&th=1&psc=1"><img src="https://m.media-amazon.com/images/I/21-DQIJf5xL._SL500_.jpg" alt="Product Image"></a><p>Dr.Melaxin Eyephalt Eyebag Cream for Puffiness, Dark Circles & Fine Lines, Wrinkle, EGF Anti-Aging Under Eye Moisturizer with Niacinamide&Ceramide 0.33 fl.oz.</p><p>$59.00 ($178.79 / Fl Oz)</p><a href="https://www.amazon.com/dp/B0D3TG6MN3?tag=eloabder-20&linkCode=osi&th=1&psc=1">View Product</a></div><div class="product"><a href="https://www.amazon.com/dp/B07CKJRJXB?tag=eloabder-20&linkCode=osi&th=1&psc=1"><img src="https://m.media-amazon.com/images/I/31pJCzbhXrL._SL500_.jpg" alt="Product Image"></a><p>No7 Lift & Luminate Triple Action Eye Cream - Anti-Aging Under Eye Cream for Dark Circles, Puffiness & Wrinkles - Formulated with Vitamin C to Brighten and Refresh Tired Eyes (0.5 Fl Oz)</p><p>$15.93</p><a href="https://www.amazon.com/dp/B07CKJRJXB?tag=eloabder-20&linkCode=osi&th=1&psc=1">View Product</a></div><div class="product"><a href="https://www.amazon.com/dp/B07ZRF416W?tag=eloabder-20&linkCode=osi&th=1&psc=1"><img src="https://m.media-amazon.com/images/I/31cH7vzfBxL._SL500_.jpg" alt="Product Image"></a><p>COSRX Snail Peptide Eye Cream with 73.7% Snail Mucin and Niacinamide - Brightening Korean Night Cream for Fine Lines and Dark Circles</p><p>$13.89 ($16.34 / Fl Oz)</p><a href="https://www.amazon.com/dp/B07ZRF416W?tag=eloabder-20&linkCode=osi&th=1&psc=1">View Product</a></div>
<div class="product"><a href="https://www.amazon.com/dp/B01N9SPQHQ?tag=eloabder-20&linkCode=osi&th=1&psc=1"><img src="https://m.media-amazon.com/images/I/41NHgWAaYAL._SL500_.jpg" alt="Product Image"></a><p>La Roche-Posay Toleriane Double Repair Face Moisturizer, Daily Moisturizer Face Cream with Ceramide and Niacinamide for All Skin Types, Oil Free, Fragrance Free</p><p>$23.99 ($7.10 / Fl Oz)</p><a href="https://www.amazon.com/dp/B01N9SPQHQ?tag=eloabder-20&linkCode=osi&th=1&psc=1">View Product</a></div><div class="product"><a href="https://www.amazon.com/dp/B08BW46XXK?tag=eloabder-20&linkCode=osi&th=1&psc=1"><img src="https://m.media-amazon.com/images/I/41oCJ4BF8oL._SL500_.jpg" alt="Product Image"></a><p>Vanicream Daily Facial Moisturizer With Ceramides and Hyaluronic Acid - Formulated Without Common Irritants for Those with Sensitive Skin, 3 fl oz (Pack of 1)</p><p>$12.97 ($4.32 / Fl Oz)</p><a href="https://www.amazon.com/dp/B08BW46XXK?tag=eloabder-20&linkCode=osi&th=1&psc=1">View Product</a></div><div class="product"><a href="https://www.amazon.com/dp/B00TTD9BRC?tag=eloabder-20&linkCode=osi&th=1&psc=1"><img src="https://m.media-amazon.com/images/I/41Kc6H7fboL._SL500_.jpg" alt="Product Image"></a><p>CeraVe Moisturizing Cream | Body and Face Moisturizer for Dry Skin | Body Cream with Hyaluronic Acid and Ceramides | Daily Moisturizer | Oil-Free | Fragrance Free | Non-Comedogenic | 19 Ounce</p><p>$17.78 ($0.94 / Ounce)</p><a href="https://www.amazon.com/dp/B00TTD9BRC?tag=eloabder-20&linkCode=osi&th=1&psc=1">View Product</a></div><div class="product"><a href="https://www.amazon.com/dp/B000YJ2SLG?tag=eloabder-20&linkCode=osi&th=1&psc=1"><img src="https://m.media-amazon.com/images/I/31J9bWXnQ+L._SL500_.jpg" alt="Product Image"></a><p>CeraVe Daily Moisturizing Lotion for Dry Skin | Body Lotion & Face Moisturizer with Hyaluronic Acid and Ceramides | Daily Moisturizer | Fragrance Free | Oil-Free | 12 Ounce</p><p>$13.68 ($1.14 / Fl Oz)</p><a href="https://www.amazon.com/dp/B000YJ2SLG?tag=eloabder-20&linkCode=osi&th=1&psc=1">View Product</a></div><div class="product"><a href="https://www.amazon.com/dp/B01LEJ5MSK?tag=eloabder-20&linkCode=osi&th=1&psc=1"><img src="https://m.media-amazon.com/images/I/418xEMrk6LL._SL500_.jpg" alt="Product Image"></a><p>COSRX Snail Mucin 92% Repair Cream, Daily Face Gel Moisturizer for Dry Skin, Acne-prone, Sensitive Skin, Not Tested on Animals, No Parabens, Korean Skincare (3.52 Fl Oz (Pack of 1))</p><p>$13.99 ($3.97 / Fl Oz)</p><a href="https://www.amazon.com/dp/B01LEJ5MSK?tag=eloabder-20&linkCode=osi&th=1&psc=1">View Product</a></div><div class="product"><a href="https://www.amazon.com/dp/B0BBSP2JNQ?tag=eloabder-20&linkCode=osi&th=1&psc=1"><img src="https://m.media-amazon.com/images/I/51qb7tiAJgL._SL500_.jpg" alt="Product Image"></a><p>SimplyVital Face Moisturizer Collagen Cream - Anti Aging Neck and Décolleté - Made in USA Day & Night Face Cream - Moisturizing, Lifting & Recovery – 1.7oz</p><p>$22.89 ($13.46 / Fl Oz)</p><a href="https://www.amazon.com/dp/B0BBSP2JNQ?tag=eloabder-20&linkCode=osi&th=1&psc=1">View Product</a></div><div class="product"><a href="https://www.amazon.com/dp/B01NCWV3KM?tag=eloabder-20&linkCode=osi&th=1&psc=1"><img src="https://m.media-amazon.com/images/I/41Q1ESUhSeL._SL500_.jpg" alt="Product Image"></a><p>La Roche-Posay Toleriane Double Repair UV SPF Moisturizer for Face, Daily Facial Moisturizer with Sunscreen SPF 30, Niacinamide and Glycerin, Oil Free, Moisturizing Sun Protection</p><p>$24.99 ($10.00 / Fl Oz)</p><a href="https://www.amazon.com/dp/B01NCWV3KM?tag=eloabder-20&linkCode=osi&th=1&psc=1">View Product</a></div><div class="product"><a href="https://www.amazon.com/dp/B00F97FHAW?tag=eloabder-20&linkCode=osi&th=1&psc=1"><img src="https://m.media-amazon.com/images/I/41K+11aLxaL._SL500_.jpg" alt="Product Image"></a><p>CeraVe AM Facial Moisturizing Lotion with SPF 30 | Oil-Free Face Moisturizer with SPF | Formulated with Hyaluronic Acid, Niacinamide & Ceramides | Non-Comedogenic | Broad Spectrum Sunscreen | 3 Ounce</p><p>$14.99 ($5.00 / Fl Oz)</p><a href="https://www.amazon.com/dp/B00F97FHAW?tag=eloabder-20&linkCode=osi&th=1&psc=1">View Product</a></div><div class="product"><a href="https://www.amazon.com/dp/B00NR1YQHM?tag=eloabder-20&linkCode=osi&th=1&psc=1"><img src="https://m.media-amazon.com/images/I/41yzZFTW63L._SL500_.jpg" alt="Product Image"></a><p>Neutrogena Hydro Boost Face Moisturizer with Hyaluronic Acid for Dry Skin, Oil-Free and Non-Comedogenic Water Gel Face Lotion, 1.7 oz</p><p>$13.00 ($7.65 / Ounce)</p><a href="https://www.amazon.com/dp/B00NR1YQHM?tag=eloabder-20&linkCode=osi&th=1&psc=1">View Product</a></div><div class="product"><a href="https://www.amazon.com/dp/B08127SC4G?tag=eloabder-20&linkCode=osi&th=1&psc=1"><img src="https://m.media-amazon.com/images/I/31lAajvgToL._SL500_.jpg" alt="Product Image"></a><p>e.l.f. SKIN Holy Hydration! Face Cream, Moisturizer For Nourishing & Plumping Skin, Infused With Hyaluronic Acid, Vegan & Cruelty-Free, 1.8 Oz</p><p>$13.00 ($7.39 / Ounce)</p><a href="https://www.amazon.com/dp/B08127SC4G?tag=eloabder-20&linkCode=osi&th=1&psc=1">View Product</a></div>
<div class="product"><a href="https://www.amazon.com/dp/B00SNPCSUY?tag=eloabder-20&linkCode=osi&th=1&psc=1"><img src="https://m.media-amazon.com/images/I/411crd4ECqL._SL500_.jpg" alt="Product Image"></a><p>CeraVe Skin Renewing Night Cream | Niacinamide, Peptide Complex, and Hyaluronic Acid Moisturizer for Face | 1.7 Ounce, Packaging may Vary</p><p>$17.44 ($10.26 / Ounce)</p><a href="https://www.amazon.com/dp/B00SNPCSUY?tag=eloabder-20&linkCode=osi&th=1&psc=1">View Product</a></div><div class="product"><a href="https://www.amazon.com/dp/B00HNSSPDG?tag=eloabder-20&linkCode=osi&th=1&psc=1"><img src="https://m.media-amazon.com/images/I/41zARcUorbL._SL500_.jpg" alt="Product Image"></a><p>Neutrogena Triple Age Repair Anti-Aging Night Cream with Vitamin C; Fights Wrinkles & Evens Tone, Firming Anti-Wrinkle Face & Neck Cream; Glycerin & Shea Butter, 1.7 oz</p><p>$20.44 ($12.02 / Ounce)</p><a href="https://www.amazon.com/dp/B00HNSSPDG?tag=eloabder-20&linkCode=osi&th=1&psc=1">View Product</a></div><div class="product"><a href="https://www.amazon.com/dp/B01M4R7CC5?tag=eloabder-20&linkCode=osi&th=1&psc=1"><img src="https://m.media-amazon.com/images/I/414vBUMc1QL._SL500_.jpg" alt="Product Image"></a><p>Night Cream by Olay Regenerist Night Recovery Anti-Aging Face Moisturizer 1.7 oz</p><p>$21.34 ($12.55 / Ounce)</p><a href="https://www.amazon.com/dp/B01M4R7CC5?tag=eloabder-20&linkCode=osi&th=1&psc=1">View Product</a></div><div class="product"><a href="https://www.amazon.com/dp/B00365DABC?tag=eloabder-20&linkCode=osi&th=1&psc=1"><img src="https://m.media-amazon.com/images/I/41rqUy3OtML._SL500_.jpg" alt="Product Image"></a><p>CeraVe PM Facial Moisturizing Lotion | Night Cream with Hyaluronic Acid and Niacinamide | Ultra-Lightweight, Oil-Free Moisturizer for Face | 3 Ounce</p><p>$15.99 ($5.33 / Ounce)</p><a href="https://www.amazon.com/dp/B00365DABC?tag=eloabder-20&linkCode=osi&th=1&psc=1">View Product</a></div><div class="product"><a href="https://www.amazon.com/dp/B0877PX27D?tag=eloabder-20&linkCode=osi&th=1&psc=1"><img src="https://m.media-amazon.com/images/I/41UsZNavFeL._SL500_.jpg" alt="Product Image"></a><p>Eucerin Q10 Anti-Wrinkle Night Cream + Pro-Retinol, Facial Cream for Sensitive Skin, 1.7 Oz Jar</p><p>$12.49 ($7.35 / Ounce)</p><a href="https://www.amazon.com/dp/B0877PX27D?tag=eloabder-20&linkCode=osi&th=1&psc=1">View Product</a></div><div class="product"><a href="https://www.amazon.com/dp/B09843F4WG?tag=eloabder-20&linkCode=osi&th=1&psc=1"><img src="https://m.media-amazon.com/images/I/41rbHY+4UCL._SL500_.jpg" alt="Product Image"></a><p>L'Oreal Paris Age Perfect Collagen Expert Anti-Aging, Anti-Wrinkle Night Moisturizer 2.5 oz</p><p>$14.06 ($5.62 / Ounce)</p><a href="https://www.amazon.com/dp/B09843F4WG?tag=eloabder-20&linkCode=osi&th=1&psc=1">View Product</a></div><div class="product"><a href="https://www.amazon.com/dp/B00D440TZU?tag=eloabder-20&linkCode=osi&th=1&psc=1"><img src="https://m.media-amazon.com/images/I/41th+Ofm0oL._SL500_.jpg" alt="Product Image"></a><p>RoC Multi Correxion 5 in 1 Restoring/Anti Aging Facial Night Cream with Hexinol, 1.7 Ounces (Packaging May Vary)</p><p>$24.47 ($14.39 / Ounce)</p><a href="https://www.amazon.com/dp/B00D440TZU?tag=eloabder-20&linkCode=osi&th=1&psc=1">View Product</a></div><div class="product"><a href="https://www.amazon.com/dp/B0C15N3473?tag=eloabder-20&linkCode=osi&th=1&psc=1"><img src="https://m.media-amazon.com/images/I/415J39xM8eL._SL500_.jpg" alt="Product Image"></a><p>Cetaphil Healthy Renew Skin Tightening Night Cream 1.7 Oz, Wrinkle Repair Cream for Face with Peptides, Retinol Alternative Cream For Sensitive Skin, Fragrance Free</p><p>$16.64 ($9.79 / Fl Oz)</p><a href="https://www.amazon.com/dp/B0C15N3473?tag=eloabder-20&linkCode=osi&th=1&psc=1">View Product</a></div><div class="product"><a href="https://www.amazon.com/dp/B09W4TZVPZ?tag=eloabder-20&linkCode=osi&th=1&psc=1"><img src="https://m.media-amazon.com/images/I/411CiT2MjTL._SL500_.jpg" alt="Product Image"></a><p>Eight Saints Skin Care Up the Anti Night Cream Face Moisturizer to Reduce Fine Lines and Wrinkles, Natural and Organic Anti Aging Cream For Face & Neck with Niacinamide and Hyaluronic Acid, 2 Ounces</p><p>$34.00 ($17.00 / Ounce)</p><a href="https://www.amazon.com/dp/B09W4TZVPZ?tag=eloabder-20&linkCode=osi&th=1&psc=1">View Product</a></div><div class="product"><a href="https://www.amazon.com/dp/B0B64GY9MC?tag=eloabder-20&linkCode=osi&th=1&psc=1"><img src="https://m.media-amazon.com/images/I/416zsLeSx8L._SL500_.jpg" alt="Product Image"></a><p>L'Oreal Paris Age Perfect Anti-Aging Midnight Cream, Reduce Wrinkles & Firm 1.7oz + Serum Sample</p><p>$27.77 ($16.34 / Ounce)</p><a href="https://www.amazon.com/dp/B0B64GY9MC?tag=eloabder-20&linkCode=osi&th=1&psc=1">View Product</a></div>
<div class="product"><a href="https://www.amazon.com/dp/B002JDUMFO?tag=eloabder-20&linkCode=osi&th=1&psc=1"><img src="https://m.media-amazon.com/images/I/41h3+tOcptL._SL500_.jpg" alt="Product Image"></a><p>L’Oréal Paris Collagen Daily Face Moisturizer, Reduce Wrinkles, Face Cream 1.7 oz</p><p>$7.14 ($4.20 / Ounce)</p><a href="https://www.amazon.com/dp/B002JDUMFO?tag=eloabder-20&linkCode=osi&th=1&psc=1">View Product</a></div><div class="product"><a href="https://www.amazon.com/dp/B07D61XRFT?tag=eloabder-20&linkCode=osi&th=1&psc=1"><img src="https://m.media-amazon.com/images/I/41jMcJ9ZkDL._SL500_.jpg" alt="Product Image"></a><p>L'Oreal Paris Skincare Age Perfect Hydra-Nutrition Anti-Aging Day Cream with Manuka Honey Extract, 1.7 Ounce</p><p>$14.99 ($8.82 / Ounce)</p><a href="https://www.amazon.com/dp/B07D61XRFT?tag=eloabder-20&linkCode=osi&th=1&psc=1">View Product</a></div><div class="product"><a href="https://www.amazon.com/dp/B00OYBAMKY?tag=eloabder-20&linkCode=osi&th=1&psc=1"><img src="https://m.media-amazon.com/images/I/31F5FUo3BnL._SL500_.jpg" alt="Product Image"></a><p>Grown Alchemist Hydra-Repair Day Cream. Face Moisturizer that Primes and Hydrates Skin (100ml).</p><p>$65.00 ($19.23 / Fl Oz)</p><a href="https://www.amazon.com/dp/B00OYBAMKY?tag=eloabder-20&linkCode=osi&th=1&psc=1">View Product</a></div><div class="product"><a href="https://www.amazon.com/dp/B0C9VXS6VY?tag=eloabder-20&linkCode=osi&th=1&psc=1"><img src="https://m.media-amazon.com/images/I/41jZJbsswdL._SL500_.jpg" alt="Product Image"></a><p>La Vie Protective Anti-Aging Face Cream – Day Cream with Hyaluronic Acid, Shea Butter & Vitamins – Firming Face Cream with SPF & Aloe Vera – 1.7Fl Oz</p><p>$21.50 ($12.65 / Fl Oz)</p><a href="https://www.amazon.com/dp/B0C9VXS6VY?tag=eloabder-20&linkCode=osi&th=1&psc=1">View Product</a></div><div class="product"><a href="https://www.amazon.com/dp/B0CWVN2PKH?tag=eloabder-20&linkCode=osi&th=1&psc=1"><img src="https://m.media-amazon.com/images/I/41qIK3gKbEL._SL500_.jpg" alt="Product Image"></a><p>EnaSkin Retinol Cream for Wrinkles: Face Collagen Cream for Tightening Skin - Anti Aging Facial Moisturizer Day and Night for Women and Men 1.7 Fl OZ</p><p>$19.89 ($11.70 / Fl Oz)</p><a href="https://www.amazon.com/dp/B0CWVN2PKH?tag=eloabder-20&linkCode=osi&th=1&psc=1">View Product</a></div>
<div class="product"><a href="https://www.amazon.com/dp/B0CKPQJ13T?tag=eloabder-20&linkCode=osi&th=1&psc=1"><img src="https://m.media-amazon.com/images/I/31h2CQ5KWBL._SL500_.jpg" alt="Product Image"></a><p>Niacinamide Serum for Face, Anti Aging Serum, Hydrating Serum for Moisturize Skin, Oil Control, Pores Reducer, Reduces Skin Dullness and Delay Aging, Niacinamide Face Serum for all Skin Type</p><p>$9.99 ($9.99 / Fl Oz)</p><a href="https://www.amazon.com/dp/B0CKPQJ13T?tag=eloabder-20&linkCode=osi&th=1&psc=1">View Product</a></div><div class="product"><a href="https://www.amazon.com/dp/B072K1LNNY?tag=eloabder-20&linkCode=osi&th=1&psc=1"><img src="https://m.media-amazon.com/images/I/51frH2pII1L._SL500_.jpg" alt="Product Image"></a><p>SeoulCeuticals Korean Skin Care 20% Vitamin C Hyaluronic Acid Serum + CE Ferulic Acid - Potent Anti Aging, Anti Wrinkle Korean Beauty 1oz</p><p>$19.98</p><a href="https://www.amazon.com/dp/B072K1LNNY?tag=eloabder-20&linkCode=osi&th=1&psc=1">View Product</a></div><div class="product"><a href="https://www.amazon.com/dp/B01M4MCUAF?tag=eloabder-20&linkCode=osi&th=1&psc=1"><img src="https://m.media-amazon.com/images/I/41aQhk7cn+L._SL500_.jpg" alt="Product Image"></a><p>TruSkin Vitamin C Serum – Anti Aging Facial Serum with Vitamin C, Hyaluronic Acid, Vitamin E & More – Brightening Serum for Dark Spots, Even Skin Tone, Eye Area, Fine Lines & Wrinkles, 1 Fl Oz</p><p>$21.97</p><a href="https://www.amazon.com/dp/B01M4MCUAF?tag=eloabder-20&linkCode=osi&th=1&psc=1">View Product</a></div><div class="product"><a href="https://www.amazon.com/dp/B08L8B5JR2?tag=eloabder-20&linkCode=osi&th=1&psc=1"><img src="https://m.media-amazon.com/images/I/51Ee0RzYONL._SL500_.jpg" alt="Product Image"></a><p>Vibriance Super C Serum for Mature Skin, Made in USA, All-In-One Formula Hydrates, Firms, Lifts, Smooths, Targets Age Spots, Wrinkles, Vitamin C Serum; 1 fl oz</p><p>$32.90</p><a href="https://www.amazon.com/dp/B08L8B5JR2?tag=eloabder-20&linkCode=osi&th=1&psc=1">View Product</a></div><div class="product"><a href="https://www.amazon.com/dp/B07P5TMHD9?tag=eloabder-20&linkCode=osi&th=1&psc=1"><img src="https://m.media-amazon.com/images/I/51xr2lw0Y7L._SL500_.jpg" alt="Product Image"></a><p>Vitamin C Face Serum - Dark Spot Remover Facial Serum, Vit C Serum with Hyaluronic Acid, Ferulic Acid, & Vit E - Anti Aging and Skin Brightening Serum, Pure Vitamin C Serum Skin Care</p><p>$9.98</p><a href="https://www.amazon.com/dp/B07P5TMHD9?tag=eloabder-20&linkCode=osi&th=1&psc=1">View Product</a></div><div class="product"><a href="https://www.amazon.com/dp/B09TPXJP8R?tag=eloabder-20&linkCode=osi&th=1&psc=1"><img src="https://m.media-amazon.com/images/I/41wFAnopZkL._SL500_.jpg" alt="Product Image"></a><p>Vichy LiftActiv Vitamin C Serum, Brightening and Anti Aging Serum for Face with 15% Pure Vitamin C, Skin Firming and Antioxidant Facial Serum for Brightness and Moisturizing</p><p>$34.99 ($52.22 / Fl Oz)</p><a href="https://www.amazon.com/dp/B09TPXJP8R?tag=eloabder-20&linkCode=osi&th=1&psc=1">View Product</a></div><div class="product"><a href="https://www.amazon.com/dp/B075VX4QVM?tag=eloabder-20&linkCode=osi&th=1&psc=1"><img src="https://m.media-amazon.com/images/I/31uFKKKGUhL._SL500_.jpg" alt="Product Image"></a><p>La Roche-Posay Hyalu B5 Pure Hyaluronic Acid Serum for Face | Vitamin B5 + Hyaluronic Acid + Madecassoside | Hydrating Serum Visibly Plumps Skin | Sensitive Skin Safe | Anti Aging Serum | Oil-Free</p><p>$39.99</p><a href="https://www.amazon.com/dp/B075VX4QVM?tag=eloabder-20&linkCode=osi&th=1&psc=1">View Product</a></div><div class="product"><a href="https://www.amazon.com/dp/B0CLLV2T1P?tag=eloabder-20&linkCode=osi&th=1&psc=1"><img src="https://m.media-amazon.com/images/I/31ZBa-zgbjL._SL500_.jpg" alt="Product Image"></a><p>Anua 10% Niacinamide+ 4% Tranexamic Acid Serum, Ceramide, Hyaluronic Acid, Vitamin B12 natural color, for Sensitive skin, Korean Glass Skin, Fragrance-Free (30ml /1.01 fl.oz.)</p><p>$19.00 ($18.81 / Fl Oz)</p><a href="https://www.amazon.com/dp/B0CLLV2T1P?tag=eloabder-20&linkCode=osi&th=1&psc=1">View Product</a></div><div class="product"><a href="https://www.amazon.com/dp/B07VWSN95S?tag=eloabder-20&linkCode=osi&th=1&psc=1"><img src="https://m.media-amazon.com/images/I/411Y0nzh9zL._SL500_.jpg" alt="Product Image"></a><p>CeraVe Retinol Serum for Post-Acne Marks and Skin Texture | Pore Refining, Resurfacing, Brightening Facial Serum with Retinol and Niacinamide | Fragrance Free, Paraben Free & Non-Comedogenic| 1 Oz</p><p>$18.68</p><a href="https://www.amazon.com/dp/B07VWSN95S?tag=eloabder-20&linkCode=osi&th=1&psc=1">View Product</a></div>
<div class="product"><a href="https://www.amazon.com/dp/B00J1FNW28?tag=eloabder-20&linkCode=osi&th=1&psc=1"><img src="https://m.media-amazon.com/images/I/414w8iNQRqL._SL500_.jpg" alt="Product Image"></a><p>Palmer's Cocoa Butter Formula Moisturizing Skin Therapy Oil for Face with Vitamin E, C & 10 Pure Facial Oil Blend, Rosehip Fragrance, 1 Ounce</p><p>$10.97 ($10.97 / Fl Oz)</p><a href="https://www.amazon.com/dp/B00J1FNW28?tag=eloabder-20&linkCode=osi&th=1&psc=1">View Product</a></div><div class="product"><a href="https://www.amazon.com/dp/B01N3340K7?tag=eloabder-20&linkCode=osi&th=1&psc=1"><img src="https://m.media-amazon.com/images/I/41QYm09uWiL._SL500_.jpg" alt="Product Image"></a><p>Kate Blanc Cosmetics Rosehip Oil for Face & Skin. Rosehip Seed Face Oil for Facial & Gua Sha Massage (1oz, Organic, Pure, Cold Pressed)</p><p>$8.99</p><a href="https://www.amazon.com/dp/B01N3340K7?tag=eloabder-20&linkCode=osi&th=1&psc=1">View Product</a></div><div class="product"><a href="https://www.amazon.com/dp/B01GYHLW4U?tag=eloabder-20&linkCode=osi&th=1&psc=1"><img src="https://m.media-amazon.com/images/I/31oeUKDfrOL._SL500_.jpg" alt="Product Image"></a><p>KORA Organics Noni Glow Hydrating Face Oil with Antioxidants, Nourish & Illuminate, Certified Organic, Cruelty Free, 0.34 fl oz</p><p>$29.00 ($85.29 / Fl Oz)</p><a href="https://www.amazon.com/dp/B01GYHLW4U?tag=eloabder-20&linkCode=osi&th=1&psc=1">View Product</a></div><div class="product"><a href="https://www.amazon.com/dp/B09Q2XYMLM?tag=eloabder-20&linkCode=osi&th=1&psc=1"><img src="https://m.media-amazon.com/images/I/41LM+-HnjiL._SL500_.jpg" alt="Product Image"></a><p>Good Molecules Squalane Oil - Moisturizer for Face, Skin, and Hair, Plumping, Firming, Anti-Aging - Skincare for Face to Hydrate and Calm the Skin</p><p>$8.00 ($18.18 / Fl Oz)</p><a href="https://www.amazon.com/dp/B09Q2XYMLM?tag=eloabder-20&linkCode=osi&th=1&psc=1">View Product</a></div><div class="product"><a href="https://www.amazon.com/dp/B0CNG6YPB8?tag=eloabder-20&linkCode=osi&th=1&psc=1"><img src="https://m.media-amazon.com/images/I/41gbDKoodrL._SL500_.jpg" alt="Product Image"></a><p>Black Seed Oil, Rosehip Oil, Castor Oil Organic Cold Pressed for Face Anti-Aging Miracle Facial Moisturizer Serum Natural Skincare Fortifying Hydrates Skin Moisturizing Beauty Glow Oil 1 Fl Oz/30mL</p><p>$16.99 ($16.99 / Fl Oz)</p><a href="https://www.amazon.com/dp/B0CNG6YPB8?tag=eloabder-20&linkCode=osi&th=1&psc=1">View Product</a></div><div class="product"><a href="https://www.amazon.com/dp/B000VPPUEA?tag=eloabder-20&linkCode=osi&th=1&psc=1"><img src="https://m.media-amazon.com/images/I/31e4JzjWhkL._SL500_.jpg" alt="Product Image"></a><p>Bio-Oil Skincare Body Oil, Vitamin E, Serum for Scars & Stretchmarks, Face & Body Moisturizer, 2 oz, All Skin Types</p><p>$11.04 ($5.52 / Fl Oz)</p><a href="https://www.amazon.com/dp/B000VPPUEA?tag=eloabder-20&linkCode=osi&th=1&psc=1">View Product</a></div><div class="product"><a href="https://www.amazon.com/dp/B001UE60E0?tag=eloabder-20&linkCode=osi&th=1&psc=1"><img src="https://m.media-amazon.com/images/I/31cFL31-1pL._SL500_.jpg" alt="Product Image"></a><p>DHC Deep Cleansing Oil, Facial Cleansing Oil, Makeup Remover, Cleanses without Clogging Pores, Residue-Free, Fragrance and Colorant Free, All Skin Types, 6.7 fl. oz.</p><p>$21.99 ($3.28 / Fl Oz)</p><a href="https://www.amazon.com/dp/B001UE60E0?tag=eloabder-20&linkCode=osi&th=1&psc=1">View Product</a></div><div class="product"><a href="https://www.amazon.com/dp/B0BN2PX8V3?tag=eloabder-20&linkCode=osi&th=1&psc=1"><img src="https://m.media-amazon.com/images/I/31vN6RNetML._SL500_.jpg" alt="Product Image"></a><p>ANUA Heartleaf Pore Control Cleansing Oil, Oil Cleanser for Face, Makeup Blackhead Remover, Korean Skin Care 6.76 fl oz(200ml) (original)</p><p>$17.69 ($2.64 / Fl Oz)</p><a href="https://www.amazon.com/dp/B0BN2PX8V3?tag=eloabder-20&linkCode=osi&th=1&psc=1">View Product</a></div><div class="product"><a href="https://www.amazon.com/dp/B07H2GP6VX?tag=eloabder-20&linkCode=osi&th=1&psc=1"><img src="https://m.media-amazon.com/images/I/41OxX+xF61L._SL500_.jpg" alt="Product Image"></a><p>Skin Glow Serum for Face Care - Gua Sha Oil for Glowing Skin with Turmeric Oil for Face Dark Spots Fine Lines & Wrinkles - Hydrating Face Oil for Women's Vegan Organic Skin Care (30mL)</p><p>$29.70 ($29.70 / Fl Oz)</p><a href="https://www.amazon.com/dp/B07H2GP6VX?tag=eloabder-20&linkCode=osi&th=1&psc=1">View Product</a></div><div class="product"><a href="https://www.amazon.com/dp/B098553XRB?tag=eloabder-20&linkCode=osi&th=1&psc=1"><img src="https://m.media-amazon.com/images/I/31jJT07RSqL._SL500_.jpg" alt="Product Image"></a><p>Derma E Vitamin C Glow Face Oil, Facial Oil Nourishes, Brightens and Illuminates for a Radiant Glow, Moisturizing Face Oil with Turmeric, Seabuckthorn and Red Raspberry, 1 Fl Oz</p><p>$13.05</p><a href="https://www.amazon.com/dp/B098553XRB?tag=eloabder-20&linkCode=osi&th=1&psc=1">View Product</a></div>
<div class="product"><a href="https://www.amazon.com/dp/B005IHT94S?tag=eloabder-20&linkCode=osi&th=1&psc=1"><img src="https://m.media-amazon.com/images/I/31YAXVCRMAL._SL500_.jpg" alt="Product Image"></a><p>Neutrogena Ultra Sheer Dry-Touch Water Resistant and Non-Greasy Sunscreen Lotion with Broad Spectrum SPF 70, 3 Fl Oz (Pack of 1)</p><p>$9.88 ($3.29 / Fl Oz)</p><a href="https://www.amazon.com/dp/B005IHT94S?tag=eloabder-20&linkCode=osi&th=1&psc=1">View Product</a></div><div class="product"><a href="https://www.amazon.com/dp/B078BC1NJ6?tag=eloabder-20&linkCode=osi&th=1&psc=1"><img src="https://m.media-amazon.com/images/I/51V4LMN2zEL._SL500_.jpg" alt="Product Image"></a><p>Coppertone Sport Sunscreen Spray SPF 50, Water Resistant Spray Sunscreen, Broad Spectrum SPF 50 Sunscreen, Bulk Sunscreen Pack, 5.5 Oz Bottle, Pack of 3</p><p>$20.63 ($1.25 / Ounce)</p><a href="https://www.amazon.com/dp/B078BC1NJ6?tag=eloabder-20&linkCode=osi&th=1&psc=1">View Product</a></div><div class="product"><a href="https://www.amazon.com/dp/B01MQXX9US?tag=eloabder-20&linkCode=osi&th=1&psc=1"><img src="https://m.media-amazon.com/images/I/41Zi7BP15NL._SL500_.jpg" alt="Product Image"></a><p>Banana Boat Sport Ultra SPF 50 Sunscreen Spray Twin Pack | Banana Boat Sunscreen Spray SPF 50, Spray On Sunscreen, Water Resistant Sunscreen, Oxybenzone Free Sunscreen Pack, 6oz each</p><p>$13.97 ($1.16 / Ounce)</p><a href="https://www.amazon.com/dp/B01MQXX9US?tag=eloabder-20&linkCode=osi&th=1&psc=1">View Product</a></div><div class="product"><a href="https://www.amazon.com/dp/B002MSN3QQ?tag=eloabder-20&linkCode=osi&th=1&psc=1"><img src="https://m.media-amazon.com/images/I/3100avaA74L._SL500_.jpg" alt="Product Image"></a><p>EltaMD UV Clear Face Sunscreen, Oil Free Sunscreen with Zinc Oxide, Dermatologist Recommended Sunscreen, 1.7 oz Pump</p><p>$43.00 ($25.29 / Ounce)</p><a href="https://www.amazon.com/dp/B002MSN3QQ?tag=eloabder-20&linkCode=osi&th=1&psc=1">View Product</a></div><div class="product"><a href="https://www.amazon.com/dp/B00AEN4QZ8?tag=eloabder-20&linkCode=osi&th=1&psc=1"><img src="https://m.media-amazon.com/images/I/31QMrCJPoeL._SL500_.jpg" alt="Product Image"></a><p>Neutrogena Beach Defense Water-Resistant Face & Body SPF 70 Sunscreen Lotion with Broad Spectrum UVA/UVB Protection, Oil-Free Fast-Absorbing Sunscreen Lotion, Oxybenzone-Free, 6.7 oz</p><p>$9.60 ($1.43 / Fl Oz)</p><a href="https://www.amazon.com/dp/B00AEN4QZ8?tag=eloabder-20&linkCode=osi&th=1&psc=1">View Product</a></div><div class="product"><a href="https://www.amazon.com/dp/B076GZX3KL?tag=eloabder-20&linkCode=osi&th=1&psc=1"><img src="https://m.media-amazon.com/images/I/41BQoEZMuTL._SL500_.jpg" alt="Product Image"></a><p>Neutrogena Sunscreen Spray, Ultra Sheer ® Body Mist, Broad Spectrum SPF 70, Non-Greasy Water Resistant Body Sunscreen Mist, Non-Comedogenic, 5 oz (Pack of 3)</p><p>$22.60 ($1.51 / Ounce)</p><a href="https://www.amazon.com/dp/B076GZX3KL?tag=eloabder-20&linkCode=osi&th=1&psc=1">View Product</a></div><div class="product"><a href="https://www.amazon.com/dp/B004D2DR0Q?tag=eloabder-20&linkCode=osi&th=1&psc=1"><img src="https://m.media-amazon.com/images/I/41QwzCWNnFL._SL500_.jpg" alt="Product Image"></a><p>Neutrogena Ultra Sheer Dry-Touch Water Resistant and Non-Greasy Sunscreen Lotion with Broad Spectrum SPF 45, TSA-Compliant travel Size, 3 Fl Oz, Pack of 2, 6 Fl Oz</p><p>$13.99 ($2.33 / Fl Oz)</p><a href="https://www.amazon.com/dp/B004D2DR0Q?tag=eloabder-20&linkCode=osi&th=1&psc=1">View Product</a></div><div class="product"><a href="https://www.amazon.com/dp/B07YGVSGMW?tag=eloabder-20&linkCode=osi&th=1&psc=1"><img src="https://m.media-amazon.com/images/I/416T611PGUL._SL500_.jpg" alt="Product Image"></a><p>La Roche-Posay Anthelios Melt-In Milk Sunscreen SPF 100 | Sunscreen For Body & Face | Broad Spectrum SPF + Antioxidants | Oil Free Sunscreen Lotion | For Sun Sensitive Skin | Oxybenzone Free</p><p>$26.99 ($9.00 / Fl Oz)</p><a href="https://www.amazon.com/dp/B07YGVSGMW?tag=eloabder-20&linkCode=osi&th=1&psc=1">View Product</a></div><div class="product"><a href="https://www.amazon.com/dp/B002CML1VG?tag=eloabder-20&linkCode=osi&th=1&psc=1"><img src="https://m.media-amazon.com/images/I/41ufC4L5QQL._SL500_.jpg" alt="Product Image"></a><p>La Roche-Posay Anthelios Melt-In Milk Sunscreen SPF 60 | Sunscreen For Body & Face | Broad Spectrum SPF + Antioxidants | Oil Free Sunscreen Lotion | Lightweight & Fast Absorbing | Oxybenzone Free</p><p>$37.99 ($7.60 / Fl Oz)</p><a href="https://www.amazon.com/dp/B002CML1VG?tag=eloabder-20&linkCode=osi&th=1&psc=1">View Product</a></div>
<div class="product"><a href="https://www.amazon.com/dp/B004CDV7EY?tag=eloabder-20&linkCode=osi&th=1&psc=1"><img src="https://m.media-amazon.com/images/I/41tTwTi8GdL._SL500_.jpg" alt="Product Image"></a><p>Banana Boat Sport Ultra SPF 50 Sunscreen Lotion, 12oz | Banana Boat Sunscreen SPF 50 Lotion, Oxybenzone Free Sunscreen, Sunblock Lotion Sunscreen, Family Size Sunscreen, 12oz</p><p>$10.97 ($0.91 / Fl Oz)</p><a href="https://www.amazon.com/dp/B004CDV7EY?tag=eloabder-20&linkCode=osi&th=1&psc=1">View Product</a></div><div class="product"><a href="https://www.amazon.com/dp/B001P92FMG?tag=eloabder-20&linkCode=osi&th=1&psc=1"><img src="https://m.media-amazon.com/images/I/41G20SiwQqL._SL500_.jpg" alt="Product Image"></a><p>Neutrogena Sport Face Sunscreen, Broad Spectrum Sunblock SPF 70+, Water Resistant Sunscreen For Face, Sweat Resistant Oil Free Sunscreen Lotion, 2.5 FL OZ</p><p>$10.30 ($4.12 / Fl Oz)</p><a href="https://www.amazon.com/dp/B001P92FMG?tag=eloabder-20&linkCode=osi&th=1&psc=1">View Product</a></div><div class="product"><a href="https://www.amazon.com/dp/B01MY051NZ?tag=eloabder-20&linkCode=osi&th=1&psc=1"><img src="https://m.media-amazon.com/images/I/316sFsnyZ6L._SL500_.jpg" alt="Product Image"></a><p>Hawaiian Tropic Everyday Active Lotion Sunscreen SPF 50, 8oz | Hawaiian Tropic Sunscreen SPF 50, Sunblock, Broad Spectrum Sunscreen, Oxybenzone Free Sunscreen, Water Resistant Sunscreen, 8oz</p><p>$10.97 ($1.37 / Fl Oz)</p><a href="https://www.amazon.com/dp/B01MY051NZ?tag=eloabder-20&linkCode=osi&th=1&psc=1">View Product</a></div><div class="product"><a href="https://www.amazon.com/dp/B074WBHHYY?tag=eloabder-20&linkCode=osi&th=1&psc=1"><img src="https://m.media-amazon.com/images/I/41uIcq6eNrL._SL500_.jpg" alt="Product Image"></a><p>Coppertone Sport Sunscreen Spray SPF 50, Water Resistant Spray Sunscreen, Broad Spectrum SPF 50 Sunscreen, Bulk Sunscreen Pack, 5.5 Oz Bottle, Pack of 2</p><p>$14.49 ($1.32 / Ounce)</p><a href="https://www.amazon.com/dp/B074WBHHYY?tag=eloabder-20&linkCode=osi&th=1&psc=1">View Product</a></div><div class="product"><a href="https://www.amazon.com/dp/B077D7L95C?tag=eloabder-20&linkCode=osi&th=1&psc=1"><img src="https://m.media-amazon.com/images/I/4124cUh+pGL._SL500_.jpg" alt="Product Image"></a><p>Banana Boat Kids Sport Sunscreen Spray SPF 50, Twin Pack | Kids Sunscreen Spray, Kids Sunblock Spray, Oxybenzone Free Sunscreen for Kids, Spray Sunscreen SPF 50, 6oz each</p><p>$13.97 ($1.16 / Ounce)</p><a href="https://www.amazon.com/dp/B077D7L95C?tag=eloabder-20&linkCode=osi&th=1&psc=1">View Product</a></div>
<div class="product"><a href="https://www.amazon.com/dp/B08Q2R18HH?tag=eloabder-20&linkCode=osi&th=1&psc=1"><img src="https://m.media-amazon.com/images/I/51uR35zoH+L._SL500_.jpg" alt="Product Image"></a><p>Hawaiian Tropic Lime Coolada After Sun Lotion, 16oz | After Sun Care, Daily Moisturizing Lotion, After Sun Aloe, Cocoa Butter Lotion, Shea Butter Lotion, After Sun Skin Care, 16oz each Twin Pack</p><p>$14.99 ($0.47 / Fl Oz)</p><a href="https://www.amazon.com/dp/B08Q2R18HH?tag=eloabder-20&linkCode=osi&th=1&psc=1">View Product</a></div><div class="product"><a href="https://www.amazon.com/dp/B08Q2QK7F1?tag=eloabder-20&linkCode=osi&th=1&psc=1"><img src="https://m.media-amazon.com/images/I/41I370DTitL._SL500_.jpg" alt="Product Image"></a><p>Hawaiian Tropic Silk Hydration After Sun Lotion 6 Fl Oz (Pack of 2)</p><p>$19.98 ($1.66 / Fl Oz)</p><a href="https://www.amazon.com/dp/B08Q2QK7F1?tag=eloabder-20&linkCode=osi&th=1&psc=1">View Product</a></div><div class="product"><a href="https://www.amazon.com/dp/B004YAUZKM?tag=eloabder-20&linkCode=osi&th=1&psc=1"><img src="https://m.media-amazon.com/images/I/31QrLmSRyrL._SL500_.jpg" alt="Product Image"></a><p>Sun Bum Cool Down Aloe Vera Lotion - Vegan After Sun Care with Cocoa Butter to Soothe and Hydrate Sunburn- 8 oz</p><p>$12.99 ($1.62 / Fl Oz)</p><a href="https://www.amazon.com/dp/B004YAUZKM?tag=eloabder-20&linkCode=osi&th=1&psc=1">View Product</a></div><div class="product"><a href="https://www.amazon.com/dp/B07BH4DD2M?tag=eloabder-20&linkCode=osi&th=1&psc=1"><img src="https://m.media-amazon.com/images/I/41+JG2VHifL._SL500_.jpg" alt="Product Image"></a><p>Hawaiian Tropic After Sun Body Butter with Coconut Oil, 8oz | After Sun Lotion, Moisturizing Body Lotion, After Sun Moisturizer, Coconut Body Butter, After Sun Care, After Sun Skin Care, 8oz</p><p>$12.49 ($1.56 / Fl Oz)</p><a href="https://www.amazon.com/dp/B07BH4DD2M?tag=eloabder-20&linkCode=osi&th=1&psc=1">View Product</a></div><div class="product"><a href="https://www.amazon.com/dp/B091YZ5L12?tag=eloabder-20&linkCode=osi&th=1&psc=1"><img src="https://m.media-amazon.com/images/I/31otykDIBaL._SL500_.jpg" alt="Product Image"></a><p>B.TAN After Sun Lotion | Ooooh Aftersun Delight - Aloe Vera & Hyaluronic Acid, Sun Burn Skin Relief, Moisturizing Body Cream, 16 Fl oz</p><p>$12.99 ($0.81 / Fl Oz)</p><a href="https://www.amazon.com/dp/B091YZ5L12?tag=eloabder-20&linkCode=osi&th=1&psc=1">View Product</a></div><div class="product"><a href="https://www.amazon.com/dp/B0013L55U0?tag=eloabder-20&linkCode=osi&th=1&psc=1"><img src="https://m.media-amazon.com/images/I/41BErPueiSL._SL500_.jpg" alt="Product Image"></a><p>Burt's Bees After Sun Lotion with Hydrating Aloe Vera & Coconut Oil - Summer Essentials, Sunburn Relief, Natural After Sun Soother, 6 oz</p><p>$12.96 ($2.16 / Fl Oz)</p><a href="https://www.amazon.com/dp/B0013L55U0?tag=eloabder-20&linkCode=osi&th=1&psc=1">View Product</a></div><div class="product"><a href="https://www.amazon.com/dp/B01N6SVTBN?tag=eloabder-20&linkCode=osi&th=1&psc=1"><img src="https://m.media-amazon.com/images/I/51sE2A31qgL._SL500_.jpg" alt="Product Image"></a><p>Sunburnt Advanced After-Sun Lotion, 6 Ounce</p><p>$9.79 ($1.63 / Ounce)</p><a href="https://www.amazon.com/dp/B01N6SVTBN?tag=eloabder-20&linkCode=osi&th=1&psc=1">View Product</a></div><div class="product"><a href="https://www.amazon.com/dp/B098CTZYJX?tag=eloabder-20&linkCode=osi&th=1&psc=1"><img src="https://m.media-amazon.com/images/I/31hNQRVEp2L._SL500_.jpg" alt="Product Image"></a><p>Coola Organic Radical Recovery After Sun Body Lotion, Includes Aloe Vera, Agave and Lavender Oil for Sunburn Relief, 5 Fl Oz</p><p>$32.00 ($6.40 / Fl Oz)</p><a href="https://www.amazon.com/dp/B098CTZYJX?tag=eloabder-20&linkCode=osi&th=1&psc=1">View Product</a></div>
<div class="product"><a href="https://www.amazon.com/dp/B0CTBF3WLS?tag=eloabder-20&linkCode=osi&th=1&psc=1"><img src="https://m.media-amazon.com/images/I/41nFaIDnL9L._SL500_.jpg" alt="Product Image"></a><p>b.tan UV Tanning Bed Lotion | I Want The Darkest Tan Possible - x4000 Tan Intensifiers, Indoor & Outdoor Tan Accelerator, Best Browning Lotion, 12 Fl Oz</p><p>$14.99 ($1.25 / Fl Oz)</p><a href="https://www.amazon.com/dp/B0CTBF3WLS?tag=eloabder-20&linkCode=osi&th=1&psc=1">View Product</a></div><div class="product"><a href="https://www.amazon.com/dp/B001UTK76C?tag=eloabder-20&linkCode=osi&th=1&psc=1"><img src="https://m.media-amazon.com/images/I/31JM3ZgxMjL._SL500_.jpg" alt="Product Image"></a><p>Jergens Natural Glow +FIRMING Self Tanner, Sunless Tanning Lotion for Fair to Medium Skin Tone, Anti Cellulite Firming Body Lotion for Natural-Looking Tan, 7.5 Ounce</p><p>$10.47 ($1.40 / Fl Oz)</p><a href="https://www.amazon.com/dp/B001UTK76C?tag=eloabder-20&linkCode=osi&th=1&psc=1">View Product</a></div><div class="product"><a href="https://www.amazon.com/dp/B07XGS1NW9?tag=eloabder-20&linkCode=osi&th=1&psc=1"><img src="https://m.media-amazon.com/images/I/411h-bfoKfL._SL500_.jpg" alt="Product Image"></a><p>European Gold Flash Black 4000X Indoor Tanning Lotion with Time-Release DHA Bronzers, 12 oz</p><p>$13.99 ($1.17 / Fl Oz)</p><a href="https://www.amazon.com/dp/B07XGS1NW9?tag=eloabder-20&linkCode=osi&th=1&psc=1">View Product</a></div><div class="product"><a href="https://www.amazon.com/dp/B0058E3XJI?tag=eloabder-20&linkCode=osi&th=1&psc=1"><img src="https://m.media-amazon.com/images/I/41KNj0nprcL._SL500_.jpg" alt="Product Image"></a><p>Millennium Tanning Solid Black 100X Indoor Tanning Lotion for Tanning Beds (13.5 Fluid Ounces)</p><p>$29.99 ($2.22 / Fl Oz)</p><a href="https://www.amazon.com/dp/B0058E3XJI?tag=eloabder-20&linkCode=osi&th=1&psc=1">View Product</a></div><div class="product"><a href="https://www.amazon.com/dp/B003GX5SSC?tag=eloabder-20&linkCode=osi&th=1&psc=1"><img src="https://m.media-amazon.com/images/I/314WWYZVTGL._SL500_.jpg" alt="Product Image"></a><p>Australian Gold Dark Tanning Accelerator Lotion With Bronzer, 8 Ounce, New Package Same Formula, B003GX5SSC</p><p>$8.99 ($1.12 / Fl Oz)</p><a href="https://www.amazon.com/dp/B003GX5SSC?tag=eloabder-20&linkCode=osi&th=1&psc=1">View Product</a></div><div class="product"><a href="https://www.amazon.com/dp/B009YKK78C?tag=eloabder-20&linkCode=osi&th=1&psc=1"><img src="https://m.media-amazon.com/images/I/51VhZauUFYS._SL500_.jpg" alt="Product Image"></a><p>Ed Hardy Coconut Kisses Golden Tanning Lotion Cruelty Free, Gluten Free, Mineral Oil Free, DHA Free for All skin type,13.5 oz</p><p>$25.95 ($1.92 / Fl Oz)</p><a href="https://www.amazon.com/dp/B009YKK78C?tag=eloabder-20&linkCode=osi&th=1&psc=1">View Product</a></div><div class="product"><a href="https://www.amazon.com/dp/B09J1LZCWH?tag=eloabder-20&linkCode=osi&th=1&psc=1"><img src="https://m.media-amazon.com/images/I/41RzUs3u55L._SL500_.jpg" alt="Product Image"></a><p>Tanning Lotion Self Tanner - With Natural and Organic Ingredients Non Toxic Sunless Browning Lotion - Best Gradual Tan Lotion for Men and Women, Fair to Medium</p><p>$35.99 ($4.80 / Fl Oz)</p><a href="https://www.amazon.com/dp/B09J1LZCWH?tag=eloabder-20&linkCode=osi&th=1&psc=1">View Product</a></div><div class="product"><a href="https://www.amazon.com/dp/B00T7MZQ3S?tag=eloabder-20&linkCode=osi&th=1&psc=1"><img src="https://m.media-amazon.com/images/I/41yGeo8I0IL._SL500_.jpg" alt="Product Image"></a><p>Australian Gold Rapid Tanning Intensifier Lotion, 8.5 Fl Oz | With Tea Tree Oil and Aloe Vera | Vitamin E</p><p>$7.37 ($0.87 / Fl Oz)</p><a href="https://www.amazon.com/dp/B00T7MZQ3S?tag=eloabder-20&linkCode=osi&th=1&psc=1">View Product</a></div><div class="product"><a href="https://www.amazon.com/dp/B08MVJ5Y8Y?tag=eloabder-20&linkCode=osi&th=1&psc=1"><img src="https://m.media-amazon.com/images/I/51Mugq3kI+L._SL500_.jpg" alt="Product Image"></a><p>Tanning Paradise Black Coconut Love Tanning Lotion | Coconut Oil | Age-Defying | Tattoo Protecting Formula | Ultra Hydrating Dark Tanning Lotion, 13.5oz</p><p>$27.99 ($2.07 / Fl Oz)</p><a href="https://www.amazon.com/dp/B08MVJ5Y8Y?tag=eloabder-20&linkCode=osi&th=1&psc=1">View Product</a></div>
<div class="product"><a href="https://www.amazon.com/dp/B08FZZ4HPM?tag=eloabder-20&linkCode=osi&th=1&psc=1"><img src="https://m.media-amazon.com/images/I/31mReI9Wc6L._SL500_.jpg" alt="Product Image"></a><p>b.tan Ultra Dark Self Tanner | Too Tan - Fast, 1 Hour Express Sunless Tanning Mousse, No Gimmicks, No Fake Tan Smell, No Added Nasties, Vegan, Cruelty & Paraben Free, 6.7 Fl Oz</p><p>$9.97 ($1.49 / Fl Oz)</p><a href="https://www.amazon.com/dp/B08FZZ4HPM?tag=eloabder-20&linkCode=osi&th=1&psc=1">View Product</a></div><div class="product"><a href="https://www.amazon.com/dp/B0888B6TBN?tag=eloabder-20&linkCode=osi&th=1&psc=1"><img src="https://m.media-amazon.com/images/I/41K4-e3Kj9L._SL500_.jpg" alt="Product Image"></a><p>b.tan Darker Self Tanner Kit | Fall In Love at First Tan Bundle - Darker Self Tan Mousse with Self Tanning Mitt Applicator, Violet Base, 1 Hour Sunless Fast Tanner, No Fake Tan Smell, No Added Nasties, Vegan, Cruelty Free, 6.7 Fl Oz</p><p>$14.99 ($2.24 / Fl Oz)</p><a href="https://www.amazon.com/dp/B0888B6TBN?tag=eloabder-20&linkCode=osi&th=1&psc=1">View Product</a></div><div class="product"><a href="https://www.amazon.com/dp/B013WVAHJ2?tag=eloabder-20&linkCode=osi&th=1&psc=1"><img src="https://m.media-amazon.com/images/I/21yYdk2vOnL._SL500_.jpg" alt="Product Image"></a><p>Bondi Sands Self Tanning Foam | Lightweight, Self-Tanner Foam Enriched with Aloe Vera and Coconut Provides an Even, Streak-Free Tan | 6.76 oz/200 mL</p><p>$24.00 ($3.55 / Fl Oz )</p><a href="https://www.amazon.com/dp/B013WVAHJ2?tag=eloabder-20&linkCode=osi&th=1&psc=1">View Product</a></div><div class="product"><a href="https://www.amazon.com/dp/B09551QSJ3?tag=eloabder-20&linkCode=osi&th=1&psc=1"><img src="https://m.media-amazon.com/images/I/41tFLINqKrL._SL500_.jpg" alt="Product Image"></a><p>Self Tanner Mousse - USA Made with Natural & Organic Ingredients, Self Tanning Mousse for Dark Fake Tan, Sunless Tanner, Clear & Non Toxic Tanning Foam for Streak Free Finish, No Nasty Smell</p><p>$34.99 ($4.67 / Fl Oz)</p><a href="https://www.amazon.com/dp/B09551QSJ3?tag=eloabder-20&linkCode=osi&th=1&psc=1">View Product</a></div><div class="product"><a href="https://www.amazon.com/dp/B07Z53DKH3?tag=eloabder-20&linkCode=osi&th=1&psc=1"><img src="https://m.media-amazon.com/images/I/31WXxRTQ9rL._SL500_.jpg" alt="Product Image"></a><p>Coco & Eve Sunny Honey Bali Bronzing Foam (Ultra Dark). Natural Sunless Self Tanner Mousse. Anti Cellulite, Anti Aging, Organic Sunless Self Tanning Lotion</p><p>$38.00 ($5.59 / Fl Oz)</p><a href="https://www.amazon.com/dp/B07Z53DKH3?tag=eloabder-20&linkCode=osi&th=1&psc=1">View Product</a></div><div class="product"><a href="https://www.amazon.com/dp/B00GLS5DHU?tag=eloabder-20&linkCode=osi&th=1&psc=1"><img src="https://m.media-amazon.com/images/I/31EOp3BgHcL._SL500_.jpg" alt="Product Image"></a><p>Jergens Natural Glow 3-Day Self Tanner for Fair to Medium Skin Tone, Sunless Tanning Daily Moisturizer, for Streak-free and Natural-Looking Color, 10 Ounce</p><p>$14.49 ($1.45 / Fl Oz)</p><a href="https://www.amazon.com/dp/B00GLS5DHU?tag=eloabder-20&linkCode=osi&th=1&psc=1">View Product</a></div><div class="product"><a href="https://www.amazon.com/dp/B08G1LQGLN?tag=eloabder-20&linkCode=osi&th=1&psc=1"><img src="https://m.media-amazon.com/images/I/411EXWnc3cS._SL500_.jpg" alt="Product Image"></a><p>Coco & Eve Self Tanner Mousse Kit - All Natural Sunless Tanning (Dark) | Instant Lotion with Bronzer Mitt Applicator Sunny Honey Bali Bronzing</p><p>$41.00 ($6.12 / Fl Oz)</p><a href="https://www.amazon.com/dp/B08G1LQGLN?tag=eloabder-20&linkCode=osi&th=1&psc=1">View Product</a></div><div class="product"><a href="https://www.amazon.com/dp/B00KSS3MJ0?tag=eloabder-20&linkCode=osi&th=1&psc=1"><img src="https://m.media-amazon.com/images/I/31pZi3ANSfL._SL500_.jpg" alt="Product Image"></a><p>St.Tropez Self Tan Express Mousse, Fast Acting Fake Tan, Develops in 1-3 Hours, Streak-Free Finish, Vegan, Natural & Cruelty Free, 6.7 Fl Oz</p><p>$46.00 ($6.87 / Fl Oz)</p><a href="https://www.amazon.com/dp/B00KSS3MJ0?tag=eloabder-20&linkCode=osi&th=1&psc=1">View Product</a></div>
<div class="product"><a href="https://www.amazon.com/dp/B08KT2Z93D?tag=eloabder-20&linkCode=osi&th=1&psc=1"><img src="https://m.media-amazon.com/images/I/31IObY4C0xL._SL500_.jpg" alt="Product Image"></a><p>eos Shea Better Body Lotion- Vanilla Cashmere, 24-Hour Moisture Skin Care, Lightweight & Non-Greasy, Made with Natural Shea, Vegan, 16 fl oz</p><p>$8.98 ($0.56 / Fl Oz)</p><a href="https://www.amazon.com/dp/B08KT2Z93D?tag=eloabder-20&linkCode=osi&th=1&psc=1">View Product</a></div><div class="product"><a href="https://www.amazon.com/dp/B076G2XGY3?tag=eloabder-20&linkCode=osi&th=1&psc=1"><img src="https://m.media-amazon.com/images/I/41jIXvha20L._SL500_.jpg" alt="Product Image"></a><p>NIVEA Essentially Enriched Body Lotion for Dry Skin, Pack of 2, 16.9 Fl Oz Pump Bottles</p><p>$10.98 ($0.32 / Fl Oz)</p><a href="https://www.amazon.com/dp/B076G2XGY3?tag=eloabder-20&linkCode=osi&th=1&psc=1">View Product</a></div><div class="product"><a href="https://www.amazon.com/dp/B00DG8EZKO?tag=eloabder-20&linkCode=osi&th=1&psc=1"><img src="https://m.media-amazon.com/images/I/31DT3ghuyXL._SL500_.jpg" alt="Product Image"></a><p>NIVEA Intense Healing Body Lotion for Dry Skin, 72-Hour Moisturizing Lotion with Deep Nourishing Serum and Provitamin B5, 16.9 Fl Oz Pump Bottle</p><p>$6.24 ($0.37 / Fl Oz)</p><a href="https://www.amazon.com/dp/B00DG8EZKO?tag=eloabder-20&linkCode=osi&th=1&psc=1">View Product</a></div><div class="product"><a href="https://www.amazon.com/dp/B07RK4HST7?tag=eloabder-20&linkCode=osi&th=1&psc=1"><img src="https://m.media-amazon.com/images/I/412DGoW35mL._SL500_.jpg" alt="Product Image"></a><p>CeraVe Daily Moisturizing Lotion for Dry Skin | Body Lotion & Face Moisturizer with Hyaluronic Acid and Ceramides | Daily Moisturizer | Fragrance Free | Oil-Free | 19 Ounce</p><p>$18.50 ($0.97 / Fl Oz)</p><a href="https://www.amazon.com/dp/B07RK4HST7?tag=eloabder-20&linkCode=osi&th=1&psc=1">View Product</a></div><div class="product"><a href="https://www.amazon.com/dp/B0034F9K36?tag=eloabder-20&linkCode=osi&th=1&psc=1"><img src="https://m.media-amazon.com/images/I/319i3EFVPvL._SL500_.jpg" alt="Product Image"></a><p>Jergens Ultra Healing Dry Skin Moisturizer, Body and Hand Lotion for Dry Skin, for Quick Absorption into Extra Dry Skin, with HYDRALUCENCE blend, Vitamins C, E, and B5, 32 Ounce</p><p>$10.47 ($0.33 / Fl Oz)</p><a href="https://www.amazon.com/dp/B0034F9K36?tag=eloabder-20&linkCode=osi&th=1&psc=1">View Product</a></div><div class="product"><a href="https://www.amazon.com/dp/B003JT8PKQ?tag=eloabder-20&linkCode=osi&th=1&psc=1"><img src="https://m.media-amazon.com/images/I/31TFisQDpKL._SL500_.jpg" alt="Product Image"></a><p>Lubriderm Daily Moisture Lotion + Pro-Ceramide with Shea Butter & Glycerin Helps Moisturize Dry Skin, Hydrating Face, Hand & Body Lotion is Lightly Scented & Non-Greasy, 24 fl. oz</p><p>$10.12 ($0.42 / Fl Oz)</p><a href="https://www.amazon.com/dp/B003JT8PKQ?tag=eloabder-20&linkCode=osi&th=1&psc=1">View Product</a></div><div class="product"><a href="https://www.amazon.com/dp/B0D484X4RL?tag=eloabder-20&linkCode=osi&th=1&psc=1"><img src="https://m.media-amazon.com/images/I/31rZLOx+KEL._SL500_.jpg" alt="Product Image"></a><p>Native Body Lotion Contains Naturally Derived Plant-Based Moisturizers for Women and Men | Restores Dry Skin, Coconut & Vanilla, 16.5 fl oz</p><p>$13.97 ($0.85 / Fl Oz)</p><a href="https://www.amazon.com/dp/B0D484X4RL?tag=eloabder-20&linkCode=osi&th=1&psc=1">View Product</a></div><div class="product"><a href="https://www.amazon.com/dp/B073CXZ8KR?tag=eloabder-20&linkCode=osi&th=1&psc=1"><img src="https://m.media-amazon.com/images/I/31r1ImnqoOL._SL500_.jpg" alt="Product Image"></a><p>Nivea Oil Infused Cherry Blossom and Jojoba Oil Body Lotion, Non-Greasy Cherry Blossom Scented Lotion Moisturizes for 24+ Hours, 16.9 Fl Oz Pump Bottle</p><p>$6.29 ($0.37 / Fl Oz)</p><a href="https://www.amazon.com/dp/B073CXZ8KR?tag=eloabder-20&linkCode=osi&th=1&psc=1">View Product</a></div><div class="product"><a href="https://www.amazon.com/dp/B00W4TWD7I?tag=eloabder-20&linkCode=osi&th=1&psc=1"><img src="https://m.media-amazon.com/images/I/31hhrMRSQBL._SL500_.jpg" alt="Product Image"></a><p>Jergens Skin Firming Body Lotion for Dry to Extra Dry Skin, Skin Tightening Cream with Collagen and Elastin, Hydralucence Blend Formula, 16.8 oz</p><p>$7.47 ($0.44 / Fl Oz)</p><a href="https://www.amazon.com/dp/B00W4TWD7I?tag=eloabder-20&linkCode=osi&th=1&psc=1">View Product</a></div>
<div class="product"><a href="https://www.amazon.com/dp/B07C23RCR8?tag=eloabder-20&linkCode=osi&th=1&psc=1"><img src="https://m.media-amazon.com/images/I/41RZuPGWrcL._SL500_.jpg" alt="Product Image"></a><p>Petal Fresh Restoring Body Butter with Honey, Coconut Oil and Shea - Intense Hydration, Cruelty Free</p><p>$7.67 ($7.67 / Count)</p><a href="https://www.amazon.com/dp/B07C23RCR8?tag=eloabder-20&linkCode=osi&th=1&psc=1">View Product</a></div><div class="product"><a href="https://www.amazon.com/dp/B0BKCN9WRX?tag=eloabder-20&linkCode=osi&th=1&psc=1"><img src="https://m.media-amazon.com/images/I/41Jk3XD9gtL._SL500_.jpg" alt="Product Image"></a><p>Tree Hut Moroccan Rose Whipped Shea Body Butter, 8.4oz, Lightweight, Long-lasting, Hydrating Moisturizer with Natural Shea Butter for Nourishing Essential Body Care</p><p>$8.49 ($1.01 / Ounce)</p><a href="https://www.amazon.com/dp/B0BKCN9WRX?tag=eloabder-20&linkCode=osi&th=1&psc=1">View Product</a></div><div class="product"><a href="https://www.amazon.com/dp/B01H6OYPU8?tag=eloabder-20&linkCode=osi&th=1&psc=1"><img src="https://m.media-amazon.com/images/I/41Vkhay5SBL._SL500_.jpg" alt="Product Image"></a><p>NIVEA Cocoa Butter Body Cream with Deep Nourishing Serum, 15.5 Ounce</p><p>$7.05 ($0.45 / Ounce)</p><a href="https://www.amazon.com/dp/B01H6OYPU8?tag=eloabder-20&linkCode=osi&th=1&psc=1">View Product</a></div><div class="product"><a href="https://www.amazon.com/dp/B089N6B4ST?tag=eloabder-20&linkCode=osi&th=1&psc=1"><img src="https://m.media-amazon.com/images/I/41ropAOpQNL._SL500_.jpg" alt="Product Image"></a><p>Vaseline Illuminate Me Shea Butter Whipped Body Butter for Melanin Rich Skin Provides 24 Hour Moisturization for Dry Skin 11 oz</p><p>$12.80 ($1.16 / Fl Oz)</p><a href="https://www.amazon.com/dp/B089N6B4ST?tag=eloabder-20&linkCode=osi&th=1&psc=1">View Product</a></div><div class="product"><a href="https://www.amazon.com/dp/B09QMT3CVT?tag=eloabder-20&linkCode=osi&th=1&psc=1"><img src="https://m.media-amazon.com/images/I/41eMy8c3dcL._SL500_.jpg" alt="Product Image"></a><p>MAJESTIC PURE Whipped Argan Oil Body Butter for Women & Men - With Ceramides, Vitamin E & A & Vegan Collagen - For Skin, Face, & Appearance of Wrinkles & Fine Lines - 8oz</p><p>$9.99 ($1.25 / Ounce)</p><a href="https://www.amazon.com/dp/B09QMT3CVT?tag=eloabder-20&linkCode=osi&th=1&psc=1">View Product</a></div><div class="product"><a href="https://www.amazon.com/dp/B00GBH8TBS?tag=eloabder-20&linkCode=osi&th=1&psc=1"><img src="https://m.media-amazon.com/images/I/31L5XHEF9qL._SL500_.jpg" alt="Product Image"></a><p>Bliss Lemon and Sage Body Butter - Maximum Moisture Cream - 6.7 Fl Oz Lotion for Dry Skin - Long-Lasting Moisturizer for Women & Men - Vegan and Cruelty-Free</p><p>$11.99 ($1.79 / Fl Oz)</p><a href="https://www.amazon.com/dp/B00GBH8TBS?tag=eloabder-20&linkCode=osi&th=1&psc=1">View Product</a></div><div class="product"><a href="https://www.amazon.com/dp/B0013UQQAE?tag=eloabder-20&linkCode=osi&th=1&psc=1"><img src="https://m.media-amazon.com/images/I/411EPzhuAHL._SL500_.jpg" alt="Product Image"></a><p>Palmer’s Shea Butter Formula Raw African Shea Butter Balm, Nourishing Body Moisturizer for Rough, Dry Skin, 7.25 Ounces</p><p>$7.68 ($1.06 / Ounce)</p><a href="https://www.amazon.com/dp/B0013UQQAE?tag=eloabder-20&linkCode=osi&th=1&psc=1">View Product</a></div><div class="product"><a href="https://www.amazon.com/dp/B09SRGSNZR?tag=eloabder-20&linkCode=osi&th=1&psc=1"><img src="https://m.media-amazon.com/images/I/31knGR24zJL._SL500_.jpg" alt="Product Image"></a><p>Kopari Ultra Restore Body Butter with Hyaluronic Acid and Vitamin B5 - Vegan Moisturizing Lotion for Dry Skin, 7.7 oz</p><p>$36.00 ($4.68 / Fl Oz)</p><a href="https://www.amazon.com/dp/B09SRGSNZR?tag=eloabder-20&linkCode=osi&th=1&psc=1">View Product</a></div><div class="product"><a href="https://www.amazon.com/dp/B0C4Q95W1T?tag=eloabder-20&linkCode=osi&th=1&psc=1"><img src="https://m.media-amazon.com/images/I/417J+mMnNXL._SL500_.jpg" alt="Product Image"></a><p>Vaseline Illuminate Me Body Butter & Body Oil - Shimmering Body Bronzer, Hydrating Whipped Organic Shea Butter with 24-Hour Moisture for Melanin-Rich Skin, Radiant Body Glow Oil (2 Piece Set)</p><p>$22.99 ($1.61 / Fl Oz)</p><a href="https://www.amazon.com/dp/B0C4Q95W1T?tag=eloabder-20&linkCode=osi&th=1&psc=1">View Product</a></div>
<div class="product"><a href="https://www.amazon.com/dp/B004L17FKC?tag=eloabder-20&linkCode=osi&th=1&psc=1"><img src="https://m.media-amazon.com/images/I/31nbXT8PueL._SL500_.jpg" alt="Product Image"></a><p>OSEA Undaria Algae Body Oil 5 oz - After Shower Body Oil - Non-Greasy Body Serum & Fast Absorbing Skincare - Clean Beauty & Vegan Seaweed Body Moisturizer for Dry Skin</p><p>$51.95 ($10.39 / Fl Oz)</p><a href="https://www.amazon.com/dp/B004L17FKC?tag=eloabder-20&linkCode=osi&th=1&psc=1">View Product</a></div><div class="product"><a href="https://www.amazon.com/dp/B00008BK7H?tag=eloabder-20&linkCode=osi&th=1&psc=1"><img src="https://m.media-amazon.com/images/I/31NaIvcVrtL._SL500_.jpg" alt="Product Image"></a><p>Neutrogena Body Oil Light Sesame Formula, Dry Skin Moisturizer and Hydrating Body Massage Oil for Radiant and Healthy Looking Glow, Nourishing Bath Oil for Sheer Moisture, 16 FL OZ</p><p>$23.41 ($1.46 / Fl Oz)</p><a href="https://www.amazon.com/dp/B00008BK7H?tag=eloabder-20&linkCode=osi&th=1&psc=1">View Product</a></div><div class="product"><a href="https://www.amazon.com/dp/B08D43LHYP?tag=eloabder-20&linkCode=osi&th=1&psc=1"><img src="https://m.media-amazon.com/images/I/315zlZLfRWL._SL500_.jpg" alt="Product Image"></a><p>Aveeno Daily Moisturizing Dry Body Oil Mist with Oat and Jojoba Oil for Dry, Rough Sensitive Skin, Nourishing & Hypoallergenic Body Spray, Paraben-, Silicone- & Phthalate-Free, 6.7 fl. oz</p><p>$9.58 ($1.43 / Fl Oz)</p><a href="https://www.amazon.com/dp/B08D43LHYP?tag=eloabder-20&linkCode=osi&th=1&psc=1">View Product</a></div><div class="product"><a href="https://www.amazon.com/dp/B00AREGVUM?tag=eloabder-20&linkCode=osi&th=1&psc=1"><img src="https://m.media-amazon.com/images/I/41qfuNZmKRL._SL500_.jpg" alt="Product Image"></a><p>Bio-Oil Skincare Body Oil, Vitamin E Serum for Scars & Stretchmarks, Dermatologist Recommended, All Skin Types, 6.7 oz</p><p>$28.99 ($4.33 / Fl Oz)</p><a href="https://www.amazon.com/dp/B00AREGVUM?tag=eloabder-20&linkCode=osi&th=1&psc=1">View Product</a></div><div class="product"><a href="https://www.amazon.com/dp/B000056W74?tag=eloabder-20&linkCode=osi&th=1&psc=1"><img src="https://m.media-amazon.com/images/I/51iuZeO24dL._SL500_.jpg" alt="Product Image"></a><p>Palmer's Cocoa Butter Moisturizing Body Oil with Vitamin E, Radiant Looking Glow and Skin Hydration, Instant Absorption, Bath, Body and Shower, 8.5 Ounces</p><p>$7.49 ($0.88 / Fl Oz)</p><a href="https://www.amazon.com/dp/B000056W74?tag=eloabder-20&linkCode=osi&th=1&psc=1">View Product</a></div><div class="product"><a href="https://www.amazon.com/dp/B001B0ZZFS?tag=eloabder-20&linkCode=osi&th=1&psc=1"><img src="https://m.media-amazon.com/images/I/31CraOP2i5L._SL500_.jpg" alt="Product Image"></a><p>Neutrogena Fragrance-Free Body Oil Light Sesame Formula, Dry Skin Moisturizer & Hydrating Body Massage Oil, for Radiant & Healthy Glow, Nourishing After Shower & Bath Oil, 8.5 fl. oz</p><p>$8.86 ($1.04 / Fl Oz)</p><a href="https://www.amazon.com/dp/B001B0ZZFS?tag=eloabder-20&linkCode=osi&th=1&psc=1">View Product</a></div><div class="product"><a href="https://www.amazon.com/dp/B0CFSVH4L7?tag=eloabder-20&linkCode=osi&th=1&psc=1"><img src="https://m.media-amazon.com/images/I/31VtRL8qSpL._SL500_.jpg" alt="Product Image"></a><p>Saltair - Santal Bloom Body Oil - Nourishing Body Moisturizer</p><p>$22.00 ($5.50 / Fl Oz)</p><a href="https://www.amazon.com/dp/B0CFSVH4L7?tag=eloabder-20&linkCode=osi&th=1&psc=1">View Product</a></div><div class="product"><a href="https://www.amazon.com/dp/B089NCFBQZ?tag=eloabder-20&linkCode=osi&th=1&psc=1"><img src="https://m.media-amazon.com/images/I/41WGBM4YipL._SL500_.jpg" alt="Product Image"></a><p>Vaseline Illuminate Me Shimmering Body Oil Created for Melanin Rich Skin, Illuminates Skin with Finishing Touch of Shimmer for Glowing Skin 3.3 oz</p><p>$8.75 ($2.65 / Fl Oz)</p><a href="https://www.amazon.com/dp/B089NCFBQZ?tag=eloabder-20&linkCode=osi&th=1&psc=1">View Product</a></div><div class="product"><a href="https://www.amazon.com/dp/B076MGQ5SW?tag=eloabder-20&linkCode=osi&th=1&psc=1"><img src="https://m.media-amazon.com/images/I/31i7GSTXsoL._SL500_.jpg" alt="Product Image"></a><p>SheaMoisture Daily Hydration Body Oil Virgin Coconut Oil For Dry Skin Paraben Free 8 oz</p><p>$8.93 ($1.12 / Fl Oz)</p><a href="https://www.amazon.com/dp/B076MGQ5SW?tag=eloabder-20&linkCode=osi&th=1&psc=1">View Product</a></div>
<div class="product"><a href="https://www.amazon.com/dp/B07GJR4KXM?tag=eloabder-20&linkCode=osi&th=1&psc=1"><img src="https://m.media-amazon.com/images/I/41Zl1DjrGpL._SL500_.jpg" alt="Product Image"></a><p>Brooklyn Botany Brown Sugar Body Scrub - Moisturizing and Exfoliating Body, Face, Hand, Foot Scrub - Fights Acne, Fine Lines & Wrinkles, Great Gifts For Women & Men - 10 oz</p><p>$9.99 ($1.00 / Ounce)</p><a href="https://www.amazon.com/dp/B07GJR4KXM?tag=eloabder-20&linkCode=osi&th=1&psc=1">View Product</a></div><div class="product"><a href="https://www.amazon.com/dp/B095Z7HQP3?tag=eloabder-20&linkCode=osi&th=1&psc=1"><img src="https://m.media-amazon.com/images/I/31oWHQkNovL._SL500_.jpg" alt="Product Image"></a><p>First Aid Beauty KP Bump Eraser Body Scrub Exfoliant for Keratosis Pilaris with 10% AHA 4 oz.</p><p>$20.00 ($5.00 / Ounce)</p><a href="https://www.amazon.com/dp/B095Z7HQP3?tag=eloabder-20&linkCode=osi&th=1&psc=1">View Product</a></div><div class="product"><a href="https://www.amazon.com/dp/B0CQLTP6JM?tag=eloabder-20&linkCode=osi&th=1&psc=1"><img src="https://m.media-amazon.com/images/I/41oU0wGhtHL._SL500_.jpg" alt="Product Image"></a><p>Elvira KP Bump Eraser Body Scrub, Exfoliating Body Scrub for Keratosis Pilaris, Smooth Skin with 10% AHA/BHA & Niacinamide, Moisturizing and Brightening, Body Skin Care Products, Deep Cleansing - 7 oz</p><p>$16.99 ($2.43 / Fl Oz)</p><a href="https://www.amazon.com/dp/B0CQLTP6JM?tag=eloabder-20&linkCode=osi&th=1&psc=1">View Product</a></div><div class="product"><a href="https://www.amazon.com/dp/B09VH79Z17?tag=eloabder-20&linkCode=osi&th=1&psc=1"><img src="https://m.media-amazon.com/images/I/41VgTZ12TwL._SL500_.jpg" alt="Product Image"></a><p>Dr Teal's Shea Sugar Body Scrub, Shea Butter with Almond Oil & Essential Oils, 19 oz (Pack of 3) (Packaging May Vary)</p><p>$20.94 ($0.37 / Ounce)</p><a href="https://www.amazon.com/dp/B09VH79Z17?tag=eloabder-20&linkCode=osi&th=1&psc=1">View Product</a></div>
<div class="product"><a href="https://www.amazon.com/dp/B0BVBZPX9B?tag=eloabder-20&linkCode=osi&th=1&psc=1"><img src="https://m.media-amazon.com/images/I/61Y09jlKZkL._SL500_.jpg" alt="Product Image"></a><p>Dove Deep Moisture Body Wash 30.6 Fl Oz Pack of 3 with Pump, Luxurious Hydration for Dry Skin, Cleanser with 24hr Renewing MicroMoisture</p><p>$23.22 ($0.25 / Fl Oz)</p><a href="https://www.amazon.com/dp/B0BVBZPX9B?tag=eloabder-20&linkCode=osi&th=1&psc=1">View Product</a></div><div class="product"><a href="https://www.amazon.com/dp/B0BT1VXDGD?tag=eloabder-20&linkCode=osi&th=1&psc=1"><img src="https://m.media-amazon.com/images/I/217eAv7yKyL._SL500_.jpg" alt="Product Image"></a><p>Method Body Wash, Pure Peace, Paraben and Phthalate Free, Biodegradable Formula, 28 oz (Pack of 1)</p><p>$11.48 ($0.41 / Fl Oz)</p><a href="https://www.amazon.com/dp/B0BT1VXDGD?tag=eloabder-20&linkCode=osi&th=1&psc=1">View Product</a></div><div class="product"><a href="https://www.amazon.com/dp/B0BVBYQGTW?tag=eloabder-20&linkCode=osi&th=1&psc=1"><img src="https://m.media-amazon.com/images/I/61En44WjwPL._SL500_.jpg" alt="Product Image"></a><p>Dove Body Wash with Pump Sensitive Skin 3 Count Hypoallergenic, Paraben-Free, Sulfate-Free, Cruelty-Free, Moisturizing Skin Cleanser Effectively Washes Away Bacteria While Nourishing Skin 30.6 oz</p><p>$23.22 ($0.25 / Fl Oz)</p><a href="https://www.amazon.com/dp/B0BVBYQGTW?tag=eloabder-20&linkCode=osi&th=1&psc=1">View Product</a></div><div class="product"><a href="https://www.amazon.com/dp/B0CGY5BLBW?tag=eloabder-20&linkCode=osi&th=1&psc=1"><img src="https://m.media-amazon.com/images/I/61X7MjVU6uL._SL500_.jpg" alt="Product Image"></a><p>Dove Exfoliating Body Wash Glow Recharge Energizes & illuminates skin 3% brightening serum with vitamin C 18.5 oz</p><p>$9.79 ($0.53 / Fl Oz)</p><a href="https://www.amazon.com/dp/B0CGY5BLBW?tag=eloabder-20&linkCode=osi&th=1&psc=1">View Product</a></div><div class="product"><a href="https://www.amazon.com/dp/B082QB23YG?tag=eloabder-20&linkCode=osi&th=1&psc=1"><img src="https://m.media-amazon.com/images/I/31QPAuuaLwL._SL500_.jpg" alt="Product Image"></a><p>NIVEA Refreshing White Peach and Jasmine Body Wash, Scented Body Wash with Nourishing Serum, Plant-Derived Oils, Essential Skin Lipids and Vitamins, 20 Fl Oz Bottle</p><p>$4.89 ($0.24 / Fl Oz)</p><a href="https://www.amazon.com/dp/B082QB23YG?tag=eloabder-20&linkCode=osi&th=1&psc=1">View Product</a></div><div class="product"><a href="https://www.amazon.com/dp/B0BHH1LBX2?tag=eloabder-20&linkCode=osi&th=1&psc=1"><img src="https://m.media-amazon.com/images/I/41aG-jLyOqL._SL500_.jpg" alt="Product Image"></a><p>Olay Ultra Rich Moisture Body Wash for Women, Deeply Nourishes, Vitamin B3 Complex, Clinically Proven, Shea Butter Scent, 22 fl oz (Pack of 4)</p><p>$26.95 ($0.31 / Fl Oz)</p><a href="https://www.amazon.com/dp/B0BHH1LBX2?tag=eloabder-20&linkCode=osi&th=1&psc=1">View Product</a></div><div class="product"><a href="https://www.amazon.com/dp/B0BVBYDTZ6?tag=eloabder-20&linkCode=osi&th=1&psc=1"><img src="https://m.media-amazon.com/images/I/61UbJzK8yIL._SL500_.jpg" alt="Product Image"></a><p>Dove Body Wash with Pump Refreshing Cucumber and Green Tea 3 Count Refreshes Skin Cleanser That Effectively Washes Away Bacteria While Nourishing Your Skin 30.6 oz</p><p>$29.91 ($0.33 / Fl Oz)</p><a href="https://www.amazon.com/dp/B0BVBYDTZ6?tag=eloabder-20&linkCode=osi&th=1&psc=1">View Product</a></div><div class="product"><a href="https://www.amazon.com/dp/B082QC2MCX?tag=eloabder-20&linkCode=osi&th=1&psc=1"><img src="https://m.media-amazon.com/images/I/31ohT5XH1TS._SL500_.jpg" alt="Product Image"></a><p>NIVEA Shea Butter Nourishing Body Wash, Moisturizing Body Wash with Nourishing Serum, Plant-Derived Oils, Essential Skin Lipids and Vitamins, 20 Fl Oz Bottle</p><p>$5.29 ($0.26 / Fl Oz)</p><a href="https://www.amazon.com/dp/B082QC2MCX?tag=eloabder-20&linkCode=osi&th=1&psc=1">View Product</a></div><div class="product"><a href="https://www.amazon.com/dp/B07FD24RTR?tag=eloabder-20&linkCode=osi&th=1&psc=1"><img src="https://m.media-amazon.com/images/I/31klAgInvXL._SL500_.jpg" alt="Product Image"></a><p>Aveeno Stress Relief Body Wash with Soothing Oat for Sensitive Skin, Lavender Body Wash to help you feel Calm and Relaxed, Sulfate-Free, 33 FL OZ</p><p>$13.48 ($0.41 / Fl Oz)</p><a href="https://www.amazon.com/dp/B07FD24RTR?tag=eloabder-20&linkCode=osi&th=1&psc=1">View Product</a></div><div class="product"><a href="https://www.amazon.com/dp/B082QBPDJC?tag=eloabder-20&linkCode=osi&th=1&psc=1"><img src="https://m.media-amazon.com/images/I/31tC4JDwHQL._SL500_.jpg" alt="Product Image"></a><p>NIVEA Coconut and Almond Milk Pampering Body Wash, Moisturizing Body Wash with Nourishing Serum, Plant-Derived Oils, Essential Skin Lipids and Vitamins, 20 Fl Oz Bottle</p><p>$4.99 ($0.25 / Fl Oz)</p><a href="https://www.amazon.com/dp/B082QBPDJC?tag=eloabder-20&linkCode=osi&th=1&psc=1">View Product</a></div>
<div class="product"><a href="https://www.amazon.com/dp/B0BNQWFWLF?tag=eloabder-20&linkCode=osi&th=1&psc=1"><img src="https://m.media-amazon.com/images/I/41trFLlJ04L._SL500_.jpg" alt="Product Image"></a><p>Neutrogena Rainbath Body Wash, Refreshing, Moisturizing Daily Body Cleanser and Shaving Gel with Clean Rinsing Lather, Original Scent, 32 fl. Oz</p><p>$15.98 ($0.50 / Fl Oz)</p><a href="https://www.amazon.com/dp/B0BNQWFWLF?tag=eloabder-20&linkCode=osi&th=1&psc=1">View Product</a></div><div class="product"><a href="https://www.amazon.com/dp/B0BT1WN3ZD?tag=eloabder-20&linkCode=osi&th=1&psc=1"><img src="https://m.media-amazon.com/images/I/21GMn0pFzCL._SL500_.jpg" alt="Product Image"></a><p>Method Body Wash, Sea + Surf, Paraben and Phthalate Free, Biodegradable Formula, 28 oz, (Pack of 1)</p><p>$11.48 ($0.41 / Fl Oz)</p><a href="https://www.amazon.com/dp/B0BT1WN3ZD?tag=eloabder-20&linkCode=osi&th=1&psc=1">View Product</a></div><div class="product"><a href="https://www.amazon.com/dp/B09M7SPFSJ?tag=eloabder-20&linkCode=osi&th=1&psc=1"><img src="https://m.media-amazon.com/images/I/31bOOl+IL6L._SL500_.jpg" alt="Product Image"></a><p>Ivory Mild & Gentle Body Wash, Original Scent, 35oz</p><p>$5.97 ($0.17 / Ounce)</p><a href="https://www.amazon.com/dp/B09M7SPFSJ?tag=eloabder-20&linkCode=osi&th=1&psc=1">View Product</a></div><div class="product"><a href="https://www.amazon.com/dp/B0CK4YS1SV?tag=eloabder-20&linkCode=osi&th=1&psc=1"><img src="https://m.media-amazon.com/images/I/518js3kBNfL._SL500_.jpg" alt="Product Image"></a><p>Dr Teal's Body Wash with Pure Epsom Salt, Relax & Relief with Eucalyptus & Spearmint, 24 fl oz (Pack of 2) (Packaging May Vary)</p><p>$11.74 ($0.24 / Fl Oz)</p><a href="https://www.amazon.com/dp/B0CK4YS1SV?tag=eloabder-20&linkCode=osi&th=1&psc=1">View Product</a></div><div class="product"><a href="https://www.amazon.com/dp/B0CNL19TQG?tag=eloabder-20&linkCode=osi&th=1&psc=1"><img src="https://m.media-amazon.com/images/I/61kqkkFXOkL._SL500_.jpg" alt="Product Image"></a><p>Dove Men+Care Body Wash Eucalyptus + Cedar Oil to Rebuild Skin in the Shower with Plant-Based Cleansers and Moisturizers 26 oz</p><p>$9.99 ($0.38 / Fl Oz)</p><a href="https://www.amazon.com/dp/B0CNL19TQG?tag=eloabder-20&linkCode=osi&th=1&psc=1">View Product</a></div><div class="product"><a href="https://www.amazon.com/dp/B01IMEJV5U?tag=eloabder-20&linkCode=osi&th=1&psc=1"><img src="https://m.media-amazon.com/images/I/41q8gXtf06S._SL500_.jpg" alt="Product Image"></a><p>OGX Extra Creamy + Coconut Miracle Oil Ultra Moisture Body Wash, 19.5 Fl Oz</p><p>$6.57 ($0.34 / Fl Oz)</p><a href="https://www.amazon.com/dp/B01IMEJV5U?tag=eloabder-20&linkCode=osi&th=1&psc=1">View Product</a></div>
<div class="product"><a href="https://www.amazon.com/dp/B00A8S6HM4?tag=eloabder-20&linkCode=osi&th=1&psc=1"><img src="https://m.media-amazon.com/images/I/31tIssP5CQL._SL500_.jpg" alt="Product Image"></a><p>Gold Bond Healing Hand Cream, 3 oz., With Aloe, Moisture That Lasts Through Handwashing</p><p>$3.97 ($1.32 / Ounce)</p><a href="https://www.amazon.com/dp/B00A8S6HM4?tag=eloabder-20&linkCode=osi&th=1&psc=1">View Product</a></div><div class="product"><a href="https://www.amazon.com/dp/B006UEOQ5K?tag=eloabder-20&linkCode=osi&th=1&psc=1"><img src="https://m.media-amazon.com/images/I/316StCvRHcL._SL500_.jpg" alt="Product Image"></a><p>L’Occitane Shea Butter Hand Cream 5.1 Oz: Nourishes Very Dry Hands, Protects Skin, With 20% Organic Shea Butter, Vegan, 1 Sold Every 3 Seconds*</p><p>$27.00</p><a href="https://www.amazon.com/dp/B006UEOQ5K?tag=eloabder-20&linkCode=osi&th=1&psc=1">View Product</a></div><div class="product"><a href="https://www.amazon.com/dp/B00EYOSA9G?tag=eloabder-20&linkCode=osi&th=1&psc=1"><img src="https://m.media-amazon.com/images/I/41bhc+gcG0L._SL500_.jpg" alt="Product Image"></a><p>La Roche-Posay Cicaplast Hand Cream, Instant Relief Moisturizing Dry Hands Shea Butter Lotion for Dry Cracked Hands, Non Greasy, Fragrance Free, 1.69 Fl Oz (Pack of 1)</p><p>$11.99 ($7.05 / Fl Oz)</p><a href="https://www.amazon.com/dp/B00EYOSA9G?tag=eloabder-20&linkCode=osi&th=1&psc=1">View Product</a></div><div class="product"><a href="https://www.amazon.com/dp/B00BN2UF54?tag=eloabder-20&linkCode=osi&th=1&psc=1"><img src="https://m.media-amazon.com/images/I/41JdUlyNn5L._SL500_.jpg" alt="Product Image"></a><p>CeraVe Therapeutic Hand Cream for Dry Cracked Hands With Hyaluronic Acid and Niacinamide | Fragrance Free 3 Ounce</p><p>$10.47 ($3.49 / Ounce)</p><a href="https://www.amazon.com/dp/B00BN2UF54?tag=eloabder-20&linkCode=osi&th=1&psc=1">View Product</a></div><div class="product"><a href="https://www.amazon.com/dp/B09QP658PT?tag=eloabder-20&linkCode=osi&th=1&psc=1"><img src="https://m.media-amazon.com/images/I/31W-klVFPhL._SL500_.jpg" alt="Product Image"></a><p>eos Shea Better Hand Cream - Vanilla Cashmere | Instant Hydration + Lasting Protection | 2.5 oz</p><p>$3.97 ($1.59 / Fl Oz)</p><a href="https://www.amazon.com/dp/B09QP658PT?tag=eloabder-20&linkCode=osi&th=1&psc=1">View Product</a></div><div class="product"><a href="https://www.amazon.com/dp/B00121UVU0?tag=eloabder-20&linkCode=osi&th=1&psc=1"><img src="https://m.media-amazon.com/images/I/41eeed+P5BL._SL500_.jpg" alt="Product Image"></a><p>O'Keeffe's Working Hands Hand Cream for Extremely Dry, Cracked Hands, 3.4 Ounce Jar, (Pack 1)</p><p>$8.48 ($2.49 / Ounce)</p><a href="https://www.amazon.com/dp/B00121UVU0?tag=eloabder-20&linkCode=osi&th=1&psc=1">View Product</a></div><div class="product"><a href="https://www.amazon.com/dp/B0148PKYXU?tag=eloabder-20&linkCode=osi&th=1&psc=1"><img src="https://m.media-amazon.com/images/I/41cwut0DGKL._SL500_.jpg" alt="Product Image"></a><p>O'Keeffe's Working Hands Hand Cream, Relieves and Repairs Extremely Dry Hands, 3 oz Tube, (Pack of 2)</p><p>$15.17 ($2.53 / Ounce)</p><a href="https://www.amazon.com/dp/B0148PKYXU?tag=eloabder-20&linkCode=osi&th=1&psc=1">View Product</a></div><div class="product"><a href="https://www.amazon.com/dp/B08Q1B7DVZ?tag=eloabder-20&linkCode=osi&th=1&psc=1"><img src="https://m.media-amazon.com/images/I/41KbVXj2k4L._SL500_.jpg" alt="Product Image"></a><p>Neutrogena Norwegian Formula Moisturizing Hand Cream Formulated with Glycerin for Dry, Rough Hands, Fragrance-Free Intensive Hand Lotion, 2 oz, Pack of 6</p><p>$32.94 ($2.74 / Ounce)</p><a href="https://www.amazon.com/dp/B08Q1B7DVZ?tag=eloabder-20&linkCode=osi&th=1&psc=1">View Product</a></div><div class="product"><a href="https://www.amazon.com/dp/B002PK0ROM?tag=eloabder-20&linkCode=osi&th=1&psc=1"><img src="https://m.media-amazon.com/images/I/51ACxQvzcbL._SL500_.jpg" alt="Product Image"></a><p>Burt's Bees Almond & Milk Hand Cream, 2 Oz (Package May Vary)</p><p>$8.84 ($4.42 / Ounce)</p><a href="https://www.amazon.com/dp/B002PK0ROM?tag=eloabder-20&linkCode=osi&th=1&psc=1">View Product</a></div><div class="product"><a href="https://www.amazon.com/dp/B09YYZWSSY?tag=eloabder-20&linkCode=osi&th=1&psc=1"><img src="https://m.media-amazon.com/images/I/31iud1lgyFL._SL500_.jpg" alt="Product Image"></a><p>Gold Bond Age Renew Crepe Corrector Hand Cream, Replenishing & Smoothing Formula, 3 oz.</p><p>$5.98 ($1.99 / Ounce)</p><a href="https://www.amazon.com/dp/B09YYZWSSY?tag=eloabder-20&linkCode=osi&th=1&psc=1">View Product</a></div>
<div class="product"><a href="https://www.amazon.com/dp/B0002QB9NE?tag=eloabder-20&linkCode=osi&th=1&psc=1"><img src="https://m.media-amazon.com/images/I/416vf0q0uqL._SL500_.jpg" alt="Product Image"></a><p>O'Keeffe's for Healthy Feet Foot Cream, Guaranteed Relief for Extremely Dry, Cracked Feet, Instantly Boosts Moisture Levels, 3.2 Ounce Jar, (Pack of 1)</p><p>$9.01 ($2.82 / Ounce)</p><a href="https://www.amazon.com/dp/B0002QB9NE?tag=eloabder-20&linkCode=osi&th=1&psc=1">View Product</a></div><div class="product"><a href="https://www.amazon.com/dp/B082TSRP9J?tag=eloabder-20&linkCode=osi&th=1&psc=1"><img src="https://m.media-amazon.com/images/I/51coMhCd1ML._SL500_.jpg" alt="Product Image"></a><p>Ebanel Urea Cream 40% plus Salicylic Acid 2%, Foot Cream for Dry Cracked Heels Feet Knees Elbows Hands, Foot Dead Skin Cuticle Callus Remover Toenail Softener, Keratolytic Skin Barrier Repair Cream</p><p>$15.95 ($3.47 / Ounce)</p><a href="https://www.amazon.com/dp/B082TSRP9J?tag=eloabder-20&linkCode=osi&th=1&psc=1">View Product</a></div><div class="product"><a href="https://www.amazon.com/dp/B08YZBKZPB?tag=eloabder-20&linkCode=osi&th=1&psc=1"><img src="https://m.media-amazon.com/images/I/41ktbxpRfPL._SL500_.jpg" alt="Product Image"></a><p>Dr. Scholl's Dry, Cracked Foot Repair Ultra-Hydrating Foot Cream Moisturizer, 3.5 oz, Skin Care Foot Lotion with 25% Urea for Dry Cracked Feet, Heals and Moisturizes for Healthy Feet</p><p>$5.89 ($1.68 / Ounce)</p><a href="https://www.amazon.com/dp/B08YZBKZPB?tag=eloabder-20&linkCode=osi&th=1&psc=1">View Product</a></div><div class="product"><a href="https://www.amazon.com/dp/B0859JFWDT?tag=eloabder-20&linkCode=osi&th=1&psc=1"><img src="https://m.media-amazon.com/images/I/51JZjw73KSL._SL500_.jpg" alt="Product Image"></a><p>New York Biology Tea Tree Oil Foot Cream for Dry Cracked Feet, Athletes Foot, Nail Fungus, Jock Itch, Ringworm, Cracked Heels and Itchy Skin - Foot Cream - 8 oz</p><p>$9.99 ($1.25 / Ounce)</p><a href="https://www.amazon.com/dp/B0859JFWDT?tag=eloabder-20&linkCode=osi&th=1&psc=1">View Product</a></div><div class="product"><a href="https://www.amazon.com/dp/B09854CPGD?tag=eloabder-20&linkCode=osi&th=1&psc=1"><img src="https://m.media-amazon.com/images/I/31CmRbfOBBL._SL500_.jpg" alt="Product Image"></a><p>OUKEYA Urea Cream 40 Percent, Urea Foot & Hand Cream for Dry Cracked, 40 per Urea Lotion for Feet Maximum Strength</p><p>$9.59 ($1.81 / Ounce)</p><a href="https://www.amazon.com/dp/B09854CPGD?tag=eloabder-20&linkCode=osi&th=1&psc=1">View Product</a></div><div class="product"><a href="https://www.amazon.com/dp/B0081C2I22?tag=eloabder-20&linkCode=osi&th=1&psc=1"><img src="https://m.media-amazon.com/images/I/41f3N9+RSFL._SL500_.jpg" alt="Product Image"></a><p>Palmer's Cocoa Butter Formula Foot Magic Moisturizing Foot Cream for Dry, Cracked Heels, Feet Moisturizer with Peppermint Oil & Vitamin E, 2.1 Ounces</p><p>$4.22 ($2.01 / Ounce)</p><a href="https://www.amazon.com/dp/B0081C2I22?tag=eloabder-20&linkCode=osi&th=1&psc=1">View Product</a></div><div class="product"><a href="https://www.amazon.com/dp/B072VSYFNY?tag=eloabder-20&linkCode=osi&th=1&psc=1"><img src="https://m.media-amazon.com/images/I/41mzQGUdFmL._SL500_.jpg" alt="Product Image"></a><p>O'Keeffe's Healthy Feet Intense Renewal Cream with Alpha Hydroxy Acid, Softens and Exfoliates Extremely Dry, Callused Feet, 3oz Tube (Pack of 1)</p><p>$8.77 ($2.92 / Ounce)</p><a href="https://www.amazon.com/dp/B072VSYFNY?tag=eloabder-20&linkCode=osi&th=1&psc=1">View Product</a></div><div class="product"><a href="https://www.amazon.com/dp/B087N7QYN1?tag=eloabder-20&linkCode=osi&th=1&psc=1"><img src="https://m.media-amazon.com/images/I/41AOHWv5UaL._SL500_.jpg" alt="Product Image"></a><p>O'Keeffe's for Healthy Feet Foot Cream, Guaranteed Relief for Extremely Dry, Cracked Feet, Instantly Boosts Moisture Levels, 6.4 Ounce Jar, Value Size, (Pack of 1)</p><p>$15.09 ($2.36 / Ounce)</p><a href="https://www.amazon.com/dp/B087N7QYN1?tag=eloabder-20&linkCode=osi&th=1&psc=1">View Product</a></div><div class="product"><a href="https://www.amazon.com/dp/B07CKKQWSN?tag=eloabder-20&linkCode=osi&th=1&psc=1"><img src="https://m.media-amazon.com/images/I/513WcwplzkL._SL500_.jpg" alt="Product Image"></a><p>Profoot Heel Rescue Foot Cream 16 Ounce Bottle, 2 Pack, for Cracked, Calloused or Chapped Skin</p><p>$13.92 ($0.44 / Ounce)</p><a href="https://www.amazon.com/dp/B07CKKQWSN?tag=eloabder-20&linkCode=osi&th=1&psc=1">View Product</a></div>
<div class="product"><a href="https://www.amazon.com/dp/B0CS2XBMG5?tag=eloabder-20&linkCode=osi&th=1&psc=1"><img src="https://m.media-amazon.com/images/I/41SVGjvtkXL._SL500_.jpg" alt="Product Image"></a><p>SAVILAND Natural Cuticle Oil Pen: 12PCS Revitalizing Cuticle Oil for Nails with Vitamin E For Repair Cuticles Overnight Cuticle Softener Nail Strengthener Protector for Damaged Skin Thin Nail</p><p>$9.99 ($9.99 / Fl Oz)</p><a href="https://www.amazon.com/dp/B0CS2XBMG5?tag=eloabder-20&linkCode=osi&th=1&psc=1">View Product</a></div><div class="product"><a href="https://www.amazon.com/dp/B0037MIMLW?tag=eloabder-20&linkCode=osi&th=1&psc=1"><img src="https://m.media-amazon.com/images/I/41M3z8vrUzL._SL500_.jpg" alt="Product Image"></a><p>CND SolarOil Cuticle Oil, Natural Blend Of Jojoba, Vitamin E, Rice Bran and Sweet Almond Oils, Moisturizes and Conditions Skin, Pack Of 1, 0.25 oz.</p><p>$9.90 ($49.50 / Fl Oz)</p><a href="https://www.amazon.com/dp/B0037MIMLW?tag=eloabder-20&linkCode=osi&th=1&psc=1">View Product</a></div><div class="product"><a href="https://www.amazon.com/dp/B09K3VX6XB?tag=eloabder-20&linkCode=osi&th=1&psc=1"><img src="https://m.media-amazon.com/images/I/41KQk0SauIL._SL500_.jpg" alt="Product Image"></a><p>modelones Cuticle Oil for Nails 15ml Natural Nail Oil for Growth and Strength Damaged Nails Vitamin E Revitalizing Essential Oils Cuticle Care</p><p>$8.99 ($17.63 / Fl Oz)</p><a href="https://www.amazon.com/dp/B09K3VX6XB?tag=eloabder-20&linkCode=osi&th=1&psc=1">View Product</a></div><div class="product"><a href="https://www.amazon.com/dp/B072C4GT6P?tag=eloabder-20&linkCode=osi&th=1&psc=1"><img src="https://m.media-amazon.com/images/I/31AcTRIcNCL._SL500_.jpg" alt="Product Image"></a><p>OPI ProSpa Nail and Cuticle Oil To Go, 0.25 fl oz</p><p>$11.49 ($45.96 / Fl Oz)</p><a href="https://www.amazon.com/dp/B072C4GT6P?tag=eloabder-20&linkCode=osi&th=1&psc=1">View Product</a></div><div class="product"><a href="https://www.amazon.com/dp/B0725XWF6R?tag=eloabder-20&linkCode=osi&th=1&psc=1"><img src="https://m.media-amazon.com/images/I/3167QE6enxL._SL500_.jpg" alt="Product Image"></a><p>OPI ProSpa Nail and Cuticle Oil, 0.29 fl oz</p><p>$10.82 ($37.31 / Fl Oz)</p><a href="https://www.amazon.com/dp/B0725XWF6R?tag=eloabder-20&linkCode=osi&th=1&psc=1">View Product</a></div><div class="product"><a href="https://www.amazon.com/dp/B0CN65Q5LD?tag=eloabder-20&linkCode=osi&th=1&psc=1"><img src="https://m.media-amazon.com/images/I/41ixcyjMHNL._SL500_.jpg" alt="Product Image"></a><p>NXJ INFILILA Cuticle Oil Bulk 3.3 Fl Oz, 100Pcs Mini Cuticle Oil for Nails, Hydrating Cuticle Care Product Ttravel Size for Repaired Cuticles Overnight, Cuticle Repair and Nail Care (Milk & Honey)</p><p>$9.99 ($0.10 / Count)</p><a href="https://www.amazon.com/dp/B0CN65Q5LD?tag=eloabder-20&linkCode=osi&th=1&psc=1">View Product</a></div><div class="product"><a href="https://www.amazon.com/dp/B0B29JZ5KL?tag=eloabder-20&linkCode=osi&th=1&psc=1"><img src="https://m.media-amazon.com/images/I/41c+VvEUnZL._SL500_.jpg" alt="Product Image"></a><p>C CARE Lavender and chamomile Cuticle Oil For Nails - Repairs Cuticles Overnight - Moisturizes and Strengthens Nails and Cuticles - Dropper & Brush included - 2.5oz</p><p>$9.99 ($4.00 / Fl Oz)</p><a href="https://www.amazon.com/dp/B0B29JZ5KL?tag=eloabder-20&linkCode=osi&th=1&psc=1">View Product</a></div>
<div class="product"><a href="https://www.amazon.com/dp/B0CMHSNYG8?tag=eloabder-20&linkCode=osi&th=1&psc=1"><img src="https://m.media-amazon.com/images/I/51iVcKQ6eIL._SL500_.jpg" alt="Product Image"></a><p>JODSONE Gel Nail Set 20 Colors High Shine Gorgeous Gel Polish Base Top Matte Coat Nice Gifts Show Charm</p><p>$19.99</p><a href="https://www.amazon.com/dp/B0CMHSNYG8?tag=eloabder-20&linkCode=osi&th=1&psc=1">View Product</a></div><div class="product"><a href="https://www.amazon.com/dp/B09KC56289?tag=eloabder-20&linkCode=osi&th=1&psc=1"><img src="https://m.media-amazon.com/images/I/51M-P1nM7QL._SL500_.jpg" alt="Product Image"></a><p>JODSONE 36 PCS Gel Nail Polish Set-32 Colors Gel Polish Kit Base Coat Glossy Matte and Glitter Top Coat Nail Polish Set Green Blue Red Pink Collection Gifts for Women</p><p>$25.99</p><a href="https://www.amazon.com/dp/B09KC56289?tag=eloabder-20&linkCode=osi&th=1&psc=1">View Product</a></div><div class="product"><a href="https://www.amazon.com/dp/B0987JZSP8?tag=eloabder-20&linkCode=osi&th=1&psc=1"><img src="https://m.media-amazon.com/images/I/31VZYZfCKbL._SL500_.jpg" alt="Product Image"></a><p>OPI Nature Strong Vegan Nail Polish, Knowledge is Flower, Pink Nail Polish, Natural Origin, Cruelty-Free Nail Lacquer, 0.5 fl oz.</p><p>$12.99 ($25.98 / Fl Oz)</p><a href="https://www.amazon.com/dp/B0987JZSP8?tag=eloabder-20&linkCode=osi&th=1&psc=1">View Product</a></div><div class="product"><a href="https://www.amazon.com/dp/B00GXVVDG0?tag=eloabder-20&linkCode=osi&th=1&psc=1"><img src="https://m.media-amazon.com/images/I/21vF-y2FfJL._SL500_.jpg" alt="Product Image"></a><p>Essie Nail Polish, Salon-Quality, 8-free Vegan, Finish, Mademoiselle, 0.46 Ounces (Packaging May Vary) Sheer Pink</p><p>$8.97</p><a href="https://www.amazon.com/dp/B00GXVVDG0?tag=eloabder-20&linkCode=osi&th=1&psc=1">View Product</a></div><div class="product"><a href="https://www.amazon.com/dp/B00149RO2S?tag=eloabder-20&linkCode=osi&th=1&psc=1"><img src="https://m.media-amazon.com/images/I/411K8WtBjML._SL500_.jpg" alt="Product Image"></a><p>OPI Nail Lacquer, Black Cherry Chutney, Red Nail Polish, 0.5 fl oz</p><p>$11.99 ($23.98 / Fl Oz)</p><a href="https://www.amazon.com/dp/B00149RO2S?tag=eloabder-20&linkCode=osi&th=1&psc=1">View Product</a></div>
<div class="product"><a href="https://www.amazon.com/dp/B07TLZDSWR?tag=eloabder-20&linkCode=osi&th=1&psc=1"><img src="https://m.media-amazon.com/images/I/31lsbbYkXFL._SL500_.jpg" alt="Product Image"></a><p>Pronto 100% Pure Acetone - Quick, Professional Nail Polish Remover - For Natural, Gel, Acrylic, Sculptured Nails (8 FL. OZ.)</p><p>$9.99 ($1.25 / Fl Oz)</p><a href="https://www.amazon.com/dp/B07TLZDSWR?tag=eloabder-20&linkCode=osi&th=1&psc=1">View Product</a></div><div class="product"><a href="https://www.amazon.com/dp/B08N2XBP1D?tag=eloabder-20&linkCode=osi&th=1&psc=1"><img src="https://m.media-amazon.com/images/I/41SDa89WDxL._SL500_.jpg" alt="Product Image"></a><p>Mineral Fusion Nail Polish Remover, 6 fl oz, 2 count</p><p>$16.50</p><a href="https://www.amazon.com/dp/B08N2XBP1D?tag=eloabder-20&linkCode=osi&th=1&psc=1">View Product</a></div><div class="product"><a href="https://www.amazon.com/dp/B004KJ7AGE?tag=eloabder-20&linkCode=osi&th=1&psc=1"><img src="https://m.media-amazon.com/images/I/41jL3jJJEEL._SL500_.jpg" alt="Product Image"></a><p>Super Nail Pure Acetone Polish Remover, 8 Fl Oz</p><p>$6.25</p><a href="https://www.amazon.com/dp/B004KJ7AGE?tag=eloabder-20&linkCode=osi&th=1&psc=1">View Product</a></div><div class="product"><a href="https://www.amazon.com/dp/B0CQLWZGQC?tag=eloabder-20&linkCode=osi&th=1&psc=1"><img src="https://m.media-amazon.com/images/I/51RNLfN+X4L._SL500_.jpg" alt="Product Image"></a><p>Morovan Gel Nail Polish Remover Kit: Gel Polish Remover for Nails with Liquid Latex Tape Peel off Nail Strengthener Cuticle Pusher Quick & Easy Gel Remover for Nails in 3-5 mins No Soaking Or Wrapping</p><p>$9.99</p><a href="https://www.amazon.com/dp/B0CQLWZGQC?tag=eloabder-20&linkCode=osi&th=1&psc=1">View Product</a></div><div class="product"><a href="https://www.amazon.com/dp/B09Z2V94LY?tag=eloabder-20&linkCode=osi&th=1&psc=1"><img src="https://m.media-amazon.com/images/I/41aI3wwnE3L._SL500_.jpg" alt="Product Image"></a><p>Gel Nail Polish Remover 1pcs, Professional Gel Polish Remover for Nails, No Need for Foil, Quick & Easy Polish Remover In 2-3 Minutes, No Need Soaking Or Wrapping-15ml</p><p>$9.99</p><a href="https://www.amazon.com/dp/B09Z2V94LY?tag=eloabder-20&linkCode=osi&th=1&psc=1">View Product</a></div><div class="product"><a href="https://www.amazon.com/dp/B07STW4VR3?tag=eloabder-20&linkCode=osi&th=1&psc=1"><img src="https://m.media-amazon.com/images/I/41H-8Xsu7OL._SL500_.jpg" alt="Product Image"></a><p>Butter LONDON Nail Polish Remover Pads, Nail Scrubbers (10 Count) - 2-in-1 Prep & Lacquer Remover Nail Wipes - Travel-Friendly Gel Fingernail Polish Remover - Cruelty-Free, Paraben-Free & Gluten-Free</p><p>$10.00 ($1.00 / Count)</p><a href="https://www.amazon.com/dp/B07STW4VR3?tag=eloabder-20&linkCode=osi&th=1&psc=1">View Product</a></div><div class="product"><a href="https://www.amazon.com/dp/B001DTZK0C?tag=eloabder-20&linkCode=osi&th=1&psc=1"><img src="https://m.media-amazon.com/images/I/31H2xmoYh2L._SL500_.jpg" alt="Product Image"></a><p>ZOYA Remove Plus 3 in 1 Formula - Liquid Polish Remover, Nail Cleaner, Nail Prep, 8 Fl Oz</p><p>$12.00 ($1.50 / Fl Oz)</p><a href="https://www.amazon.com/dp/B001DTZK0C?tag=eloabder-20&linkCode=osi&th=1&psc=1">View Product</a></div>
<div class="product"><a href="https://www.amazon.com/dp/B07F12SZDS?tag=eloabder-20&linkCode=osi&th=1&psc=1"><img src="https://m.media-amazon.com/images/I/415-o2OwWqL._SL500_.jpg" alt="Product Image"></a><p>Beetles 2 Pcs 15ml No Wipe Gel Top Coat and Base Coat Set - Shine Finish and Long Lasting, Soak Off LED Nail Lamp Gel Base Top Coat Finish Nail Art Design Manicure Gifts for Women</p><p>$7.99</p><a href="https://www.amazon.com/dp/B07F12SZDS?tag=eloabder-20&linkCode=osi&th=1&psc=1">View Product</a></div><div class="product"><a href="https://www.amazon.com/dp/B004220C6E?tag=eloabder-20&linkCode=osi&th=1&psc=1"><img src="https://m.media-amazon.com/images/I/41UDx4gfvEL._SL500_.jpg" alt="Product Image"></a><p>OPI Natural Nail Base Coat, Nail Polish Base Coat, 0.5 fl oz</p><p>$11.99 ($23.98 / Fl Oz)</p><a href="https://www.amazon.com/dp/B004220C6E?tag=eloabder-20&linkCode=osi&th=1&psc=1">View Product</a></div><div class="product"><a href="https://www.amazon.com/dp/B07KYNY7C4?tag=eloabder-20&linkCode=osi&th=1&psc=1"><img src="https://m.media-amazon.com/images/I/41nRG35oupL._SL500_.jpg" alt="Product Image"></a><p>essie nail care, vegan, clear base coat, strengthener, Strong Start, 0.46 fl oz</p><p>$9.28</p><a href="https://www.amazon.com/dp/B07KYNY7C4?tag=eloabder-20&linkCode=osi&th=1&psc=1">View Product</a></div><div class="product"><a href="https://www.amazon.com/dp/B0BX77172B?tag=eloabder-20&linkCode=osi&th=1&psc=1"><img src="https://m.media-amazon.com/images/I/41NS6hYFFYL._SL500_.jpg" alt="Product Image"></a><p>beetles Gel Polish Gel No Wipe Base Coat,15ml for Gel Nail Polish Soak Off LED Nail Lamp Gel Base Coat Upgraded Formula Long-Lasting DIY Home and Nail Salon</p><p>$6.99 ($13.71 / Fl Oz)</p><a href="https://www.amazon.com/dp/B0BX77172B?tag=eloabder-20&linkCode=osi&th=1&psc=1">View Product</a></div><div class="product"><a href="https://www.amazon.com/dp/B0BD4MMFVM?tag=eloabder-20&linkCode=osi&th=1&psc=1"><img src="https://m.media-amazon.com/images/I/414wIShbm+L._SL500_.jpg" alt="Product Image"></a><p>GAOY 16ml 2 Pcs Glassy Gel Top Coat and Base Coat Set,No Wipe Foundation Combination for UV Light Cure Nail Polish</p><p>$6.99</p><a href="https://www.amazon.com/dp/B0BD4MMFVM?tag=eloabder-20&linkCode=osi&th=1&psc=1">View Product</a></div><div class="product"><a href="https://www.amazon.com/dp/B08Z7JSXQ1?tag=eloabder-20&linkCode=osi&th=1&psc=1"><img src="https://m.media-amazon.com/images/I/41+02CKnU7L._SL500_.jpg" alt="Product Image"></a><p>modelones 2024 Upgrade Super Shiny Gel Top Coat, 15ml No Wipe Clear Glossy Gel Base and Top Coat Set, Soak Off Nail Lamp Acid Free Base Top Gel Nail Polish Starter Kit</p><p>$6.35</p><a href="https://www.amazon.com/dp/B08Z7JSXQ1?tag=eloabder-20&linkCode=osi&th=1&psc=1">View Product</a></div><div class="product"><a href="https://www.amazon.com/dp/B00770JW9Q?tag=eloabder-20&linkCode=osi&th=1&psc=1"><img src="https://m.media-amazon.com/images/I/41l5O38NktL._SL500_.jpg" alt="Product Image"></a><p>Seche Clear and Seche Vite, Base Coat and Top Coat for Nail Polish</p><p>$9.99</p><a href="https://www.amazon.com/dp/B00770JW9Q?tag=eloabder-20&linkCode=osi&th=1&psc=1">View Product</a></div><div class="product"><a href="https://www.amazon.com/dp/B07FXR67KP?tag=eloabder-20&linkCode=osi&th=1&psc=1"><img src="https://m.media-amazon.com/images/I/41TDlHtLVPL._SL500_.jpg" alt="Product Image"></a><p>Vishine 15ml No Wipe Top Coat Base Coat Soak off UV LED Drying Long Lasting Shiny Nail Varnish Set</p><p>$8.99</p><a href="https://www.amazon.com/dp/B07FXR67KP?tag=eloabder-20&linkCode=osi&th=1&psc=1">View Product</a></div><div class="product"><a href="https://www.amazon.com/dp/B000VUT39S?tag=eloabder-20&linkCode=osi&th=1&psc=1"><img src="https://m.media-amazon.com/images/I/31XB8+yUKnL._SL500_.jpg" alt="Product Image"></a><p>Orly Base Nail Coat, Bonder, 0.6 Ounce</p><p>$8.00 ($13.33 / Fl Oz)</p><a href="https://www.amazon.com/dp/B000VUT39S?tag=eloabder-20&linkCode=osi&th=1&psc=1">View Product</a></div>
<div class="product"><a href="https://www.amazon.com/dp/B08VZ6VSJ5?tag=eloabder-20&linkCode=osi&th=1&psc=1"><img src="https://m.media-amazon.com/images/I/317piUMa1pL._SL500_.jpg" alt="Product Image"></a><p>KUPA GelFinity - Soak Off Gel - Top Coat Glossy Finish (No-Wipe) 0.5 Fl Oz</p><p>$7.79 ($15.58 / Fl Oz)</p><a href="https://www.amazon.com/dp/B08VZ6VSJ5?tag=eloabder-20&linkCode=osi&th=1&psc=1">View Product</a></div><div class="product"><a href="https://www.amazon.com/dp/B0CHBB9S4J?tag=eloabder-20&linkCode=osi&th=1&psc=1"><img src="https://m.media-amazon.com/images/I/41qRu1votRL._SL500_.jpg" alt="Product Image"></a><p>beetles Gel Polish 2Pcs 15ml No Wipe Top Coat High Gloss Shiny Long-Lasting Clear Gel Top Coat, Soak Off Nail Lamp Nail Gel, Home DIY Professional Manicure and Nail Salon</p><p>$9.98 ($9.78 / Fl Oz)</p><a href="https://www.amazon.com/dp/B0CHBB9S4J?tag=eloabder-20&linkCode=osi&th=1&psc=1">View Product</a></div><div class="product"><a href="https://www.amazon.com/dp/B07FG7ZVFF?tag=eloabder-20&linkCode=osi&th=1&psc=1"><img src="https://m.media-amazon.com/images/I/41zWBPeG5RL._SL500_.jpg" alt="Product Image"></a><p>beetles Gel Polish No Wipe Gel Top Coat - Clear Color Gel Shine Finish and Long Lasting, Soak Off Nail Lamp Gel, 15ml Gift for Girls</p><p>$6.99 ($13.71 / Fl Oz)</p><a href="https://www.amazon.com/dp/B07FG7ZVFF?tag=eloabder-20&linkCode=osi&th=1&psc=1">View Product</a></div><div class="product"><a href="https://www.amazon.com/dp/B08J9WZB29?tag=eloabder-20&linkCode=osi&th=1&psc=1"><img src="https://m.media-amazon.com/images/I/31WQqYx1BLL._SL500_.jpg" alt="Product Image"></a><p>Vishine Top Coat- 15ML No Wipe Top Coat Gel Nail Polish High Gloss Shine Finish Long Lasting Home DIY Professional Manicure</p><p>$6.99 ($13.98 / Fl Oz)</p><a href="https://www.amazon.com/dp/B08J9WZB29?tag=eloabder-20&linkCode=osi&th=1&psc=1">View Product</a></div><div class="product"><a href="https://www.amazon.com/dp/B00178VX50?tag=eloabder-20&linkCode=osi&th=1&psc=1"><img src="https://m.media-amazon.com/images/I/31MWdGSTydL._SL500_.jpg" alt="Product Image"></a><p>OPI Top Coat, Protective High Gloss Shine Nail Polish Top Coat, 0.5 fl oz</p><p>$11.99 ($0.80 / millilitre)</p><a href="https://www.amazon.com/dp/B00178VX50?tag=eloabder-20&linkCode=osi&th=1&psc=1">View Product</a></div><div class="product"><a href="https://www.amazon.com/dp/B00150LT40?tag=eloabder-20&linkCode=osi&th=1&psc=1"><img src="https://m.media-amazon.com/images/I/410pKBFvS9L._SL500_.jpg" alt="Product Image"></a><p>Seche Vite Dry Fast Top Coat - .5 fl oz</p><p>$7.05</p><a href="https://www.amazon.com/dp/B00150LT40?tag=eloabder-20&linkCode=osi&th=1&psc=1">View Product</a></div>
<div class="product"><a href="https://www.amazon.com/dp/B000052WZD?tag=eloabder-20&linkCode=osi&th=1&psc=1"><img src="https://m.media-amazon.com/images/I/31neIP1eUnL._SL500_.jpg" alt="Product Image"></a><p>Trim Nail Files, 2 Count – Dual-Sided Nail Board with 280/320 Grit – Cushioned, Easy Grip for Comfortable Use – Emery Boards for Smoothing & Finishing Nails</p><p>$1.89 ($0.94 / Count)</p><a href="https://www.amazon.com/dp/B000052WZD?tag=eloabder-20&linkCode=osi&th=1&psc=1">View Product</a></div><div class="product"><a href="https://www.amazon.com/dp/B007242LWC?tag=eloabder-20&linkCode=osi&th=1&psc=1"><img src="https://m.media-amazon.com/images/I/41+E1EwskpS._SL500_.jpg" alt="Product Image"></a><p>3 Swords Germany - Brand Quality Double Sided (fine & coarse) Sapphire Metal Pocket Nail File (1 Piece), Made in Solingen Germany</p><p>$9.95</p><a href="https://www.amazon.com/dp/B007242LWC?tag=eloabder-20&linkCode=osi&th=1&psc=1">View Product</a></div><div class="product"><a href="https://www.amazon.com/dp/B0017KCQ2W?tag=eloabder-20&linkCode=osi&th=1&psc=1"><img src="https://m.media-amazon.com/images/I/21bzfUjSMwL._SL500_.jpg" alt="Product Image"></a><p>Revlon Nail Buffer, Gifts for Women, Stocking Stuffers, Shape 'N' Buff Nail File & Buffer, Nail Care Tool, All-in-One Shaping & Buffing, Easy to Use (Pack of 1)</p><p>$3.76</p><a href="https://www.amazon.com/dp/B0017KCQ2W?tag=eloabder-20&linkCode=osi&th=1&psc=1">View Product</a></div>
<div class="product"><a href="https://www.amazon.com/dp/B07M5RNH4Z?tag=eloabder-20&linkCode=osi&th=1&psc=1"><img src="https://m.media-amazon.com/images/I/41VsLZvsbKL._SL500_.jpg" alt="Product Image"></a><p>HAWATOUR Nail Clippers Set, Ultra Sharp Sturdy Fingernail and Toenail Clipper Cutters with Visibly Tin Case, Black</p><p>$9.97</p><a href="https://www.amazon.com/dp/B07M5RNH4Z?tag=eloabder-20&linkCode=osi&th=1&psc=1">View Product</a></div><div class="product"><a href="https://www.amazon.com/dp/B0015HKN3G?tag=eloabder-20&linkCode=osi&th=1&psc=1"><img src="https://m.media-amazon.com/images/I/31Y23jebqxL._SL500_.jpg" alt="Product Image"></a><p>Revlon Nail Clipper, Gifts for Men & Women, Stocking Stuffers, Nail Care Tools, Curved Blade & Foldaway Nail File for Trimming & Grooming, Easy to Use (Pack of 1)</p><p>$2.98</p><a href="https://www.amazon.com/dp/B0015HKN3G?tag=eloabder-20&linkCode=osi&th=1&psc=1">View Product</a></div><div class="product"><a href="https://www.amazon.com/dp/B00CRMHEJE?tag=eloabder-20&linkCode=osi&th=1&psc=1"><img src="https://m.media-amazon.com/images/I/41UM1wHFbiL._SL500_.jpg" alt="Product Image"></a><p>Tweezerman Stainless Steel Nail Combo Set with Fingernail and Toenail Clippers</p><p>$11.98</p><a href="https://www.amazon.com/dp/B00CRMHEJE?tag=eloabder-20&linkCode=osi&th=1&psc=1">View Product</a></div><div class="product"><a href="https://www.amazon.com/dp/B09VPM99J8?tag=eloabder-20&linkCode=osi&th=1&psc=1"><img src="https://m.media-amazon.com/images/I/31t5pEdSClL._SL500_.jpg" alt="Product Image"></a><p>Amazon Basics Nail Clippers 2-Pack, Black</p><p>$5.18</p><a href="https://www.amazon.com/dp/B09VPM99J8?tag=eloabder-20&linkCode=osi&th=1&psc=1">View Product</a></div><div class="product"><a href="https://www.amazon.com/dp/B004NZDY42?tag=eloabder-20&linkCode=osi&th=1&psc=1"><img src="https://m.media-amazon.com/images/I/31ehL-AtFBL._SL500_.jpg" alt="Product Image"></a><p>Revlon Mini Nail Clipper, Nail Care Tools, Curved Blade for Trimming & Grooming, Easy to Use (Pack of 1)</p><p>$2.98</p><a href="https://www.amazon.com/dp/B004NZDY42?tag=eloabder-20&linkCode=osi&th=1&psc=1">View Product</a></div>

<div class="product"><a href="https://www.amazon.com/dp/B0037O2J7I?tag=eloabder-20&linkCode=osi&th=1&psc=1"><img src="https://m.media-amazon.com/images/I/31fwHgXkJ7L._SL500_.jpg" alt="Product Image"></a><p>4 Way Shiny Block / 4 Step Buffing Block Shine Nail Buffer</p><p>$3.99 ($3.99 / Count)</p><a href="https://www.amazon.com/dp/B0037O2J7I?tag=eloabder-20&linkCode=osi&th=1&psc=1">View Product</a></div>

<div class="product"><a href="https://www.amazon.com/dp/B0BRRLF5N6?tag=eloabder-20&linkCode=osi&th=1&psc=1"><img src="https://m.media-amazon.com/images/I/51YW58bcDsL._SL500_.jpg" alt="Product Image"></a><p>Foot Soak Set Pedicure Kit Foot Spa Callus Remover for Feet Cuticle Remover Foot File for Dead Skin Pink Salt Urea Cream for Feet Aloe Lavender Pedicure Supplies Dry Cracked Feet for Women Men</p><p>$15.99</p><a href="https://www.amazon.com/dp/B0BRRLF5N6?tag=eloabder-20&linkCode=osi&th=1&psc=1">View Product</a></div><div class="product"><a href="https://www.amazon.com/dp/B09JWMBYJN?tag=eloabder-20&linkCode=osi&th=1&psc=1"><img src="https://m.media-amazon.com/images/I/51FgTeeSJKL._SL500_.jpg" alt="Product Image"></a><p>nbc BeautiLab Pedicure Kit Foot Soak Set: Bubble Salt, Sugar Scrub, Massage Mask, Massage Lotion in a Box, 4 Step Foot Spa Kit for Dry Feet, Softens Calluses, Tired Feet（3 Set Lavender)</p><p>$16.99 ($1.42 / Ounce)</p><a href="https://www.amazon.com/dp/B09JWMBYJN?tag=eloabder-20&linkCode=osi&th=1&psc=1">View Product</a></div>
<div class="product"><a href="https://www.amazon.com/dp/B07BHCB9Y2?tag=eloabder-20&linkCode=osi&th=1&psc=1"><img src="https://m.media-amazon.com/images/I/51V47D7WZ1L._SL500_.jpg" alt="Product Image"></a><p>PURA D'OR Anti-Thinning Biotin Shampoo & Deep Moisturizing Conditioner Original Gold Label Set (16Oz x2) Natural Earthy Scent, Clinically Tested Proven Results, DHT Blocker Thickening, For Women & Men</p><p>$39.99 ($1.25 / Fl Oz)</p><a href="https://www.amazon.com/dp/B07BHCB9Y2?tag=eloabder-20&linkCode=osi&th=1&psc=1">View Product</a></div><div class="product"><a href="https://www.amazon.com/dp/B07N7MWX72?tag=eloabder-20&linkCode=osi&th=1&psc=1"><img src="https://m.media-amazon.com/images/I/414aNTDFuRL._SL500_.jpg" alt="Product Image"></a><p>Mielle Organics Rosemary Mint Strengthening Shampoo Infused with Biotin, Cleanses and Helps Strengthen Weak and Brittle Hair, 12 Ounces</p><p>$9.97 ($0.83 / Fl Oz)</p><a href="https://www.amazon.com/dp/B07N7MWX72?tag=eloabder-20&linkCode=osi&th=1&psc=1">View Product</a></div><div class="product"><a href="https://www.amazon.com/dp/B08SSM21R4?tag=eloabder-20&linkCode=osi&th=1&psc=1"><img src="https://m.media-amazon.com/images/I/31WbRm+ZKEL._SL500_.jpg" alt="Product Image"></a><p>Redken All Soft Shampoo | Deeply Moisturizes and Hydrates | Softens, Smooths, and Adds Shine | Safe for Color-Treated Hair | Nourishing Shampoo for Dry Hair | With Argan Oil</p><p>$26.00 ($2.57 / Fl Oz)</p><a href="https://www.amazon.com/dp/B08SSM21R4?tag=eloabder-20&linkCode=osi&th=1&psc=1">View Product</a></div><div class="product"><a href="https://www.amazon.com/dp/B00ADRH2OM?tag=eloabder-20&linkCode=osi&th=1&psc=1"><img src="https://m.media-amazon.com/images/I/413WPcPNDbL._SL500_.jpg" alt="Product Image"></a><p>OGX Thick & Full + Biotin & Collagen Volumizing Shampoo, Nutrient-Infused Hair Shampoo with Vitamin B7 Biotin Gives Hair Volume & Body for 72+ Hours, Sulfate-Free Surfactants, 13 fl. oz</p><p>$6.97 ($0.54 / Fl Oz)</p><a href="https://www.amazon.com/dp/B00ADRH2OM?tag=eloabder-20&linkCode=osi&th=1&psc=1">View Product</a></div><div class="product"><a href="https://www.amazon.com/dp/B01ENCBOA0?tag=eloabder-20&linkCode=osi&th=1&psc=1"><img src="https://m.media-amazon.com/images/I/41wcbs9bSAL._SL500_.jpg" alt="Product Image"></a><p>Rosemary and Biotin Shampoo for Thinning Hair - Vegan Volumizing Shampoo for Fine Hair with Argan and Tea Tree Oil - Paraben Silicone and Sulfate Free Shampoo for Dry Damaged Weak and Thin Hair Care</p><p>$12.95 ($1.62 / Fl Oz)</p><a href="https://www.amazon.com/dp/B01ENCBOA0?tag=eloabder-20&linkCode=osi&th=1&psc=1">View Product</a></div><div class="product"><a href="https://www.amazon.com/dp/B00FH692PQ?tag=eloabder-20&linkCode=osi&th=1&psc=1"><img src="https://m.media-amazon.com/images/I/41Sqc25WpzL._SL500_.jpg" alt="Product Image"></a><p>PURA D'OR Original Gold Label Anti-Thinning Biotin Shampoo Natural Earthy Scent, Clinically Tested Proven Results, Herbal DHT Blocker Hair Thickening Products For Women & Men, Color Treated Hair, 16oz</p><p>$29.99 ($1.87 / Fl Oz)</p><a href="https://www.amazon.com/dp/B00FH692PQ?tag=eloabder-20&linkCode=osi&th=1&psc=1">View Product</a></div><div class="product"><a href="https://www.amazon.com/dp/B07D37PQGL?tag=eloabder-20&linkCode=osi&th=1&psc=1"><img src="https://m.media-amazon.com/images/I/31+tZhs5TNL._SL500_.jpg" alt="Product Image"></a><p>Olaplex No. 4 Bond Maintenance Shampoo, Repairs, Strengthens, & Nourishes All Hair Types, Adds Shine & Leaves Hair Feeling Soft, 8.5 fl oz</p><p>$30.00 ($3.53 / Fl Oz)</p><a href="https://www.amazon.com/dp/B07D37PQGL?tag=eloabder-20&linkCode=osi&th=1&psc=1">View Product</a></div><div class="product"><a href="https://www.amazon.com/dp/B07525QJC8?tag=eloabder-20&linkCode=osi&th=1&psc=1"><img src="https://m.media-amazon.com/images/I/31Zl6Upjq4S._SL500_.jpg" alt="Product Image"></a><p>L'Oreal Paris Elvive Total Repair 5 Repairing Shampoo for Damaged Hair Shampoo with Protein and Ceramide for Strong Silky Shiny Healthy Renewed Hair 28 Fl Oz</p><p>$7.68 ($0.27 / Fl Oz)</p><a href="https://www.amazon.com/dp/B07525QJC8?tag=eloabder-20&linkCode=osi&th=1&psc=1">View Product</a></div><div class="product"><a href="https://www.amazon.com/dp/B0098QPV3I?tag=eloabder-20&linkCode=osi&th=1&psc=1"><img src="https://m.media-amazon.com/images/I/31OzU+ogltL._SL500_.jpg" alt="Product Image"></a><p>Moroccanoil Hydrating Shampoo, 8.5 Fl. Oz.</p><p>$26.00 ($3.06 / Fl Oz)</p><a href="https://www.amazon.com/dp/B0098QPV3I?tag=eloabder-20&linkCode=osi&th=1&psc=1">View Product</a></div><div class="product"><a href="https://www.amazon.com/dp/B07HMK15G9?tag=eloabder-20&linkCode=osi&th=1&psc=1"><img src="https://m.media-amazon.com/images/I/31Tdk9qdj7L._SL500_.jpg" alt="Product Image"></a><p>Aveeno Fresh Greens Blend Natural Volumizing Shampoo, Cucumber, Rosemary, for Fine Hair, 12 fl oz</p><p>$8.12 ($0.68 / Ounce)</p><a href="https://www.amazon.com/dp/B07HMK15G9?tag=eloabder-20&linkCode=osi&th=1&psc=1">View Product</a></div>
<div class="product"><a href="https://www.amazon.com/dp/B0752CBW5T?tag=eloabder-20&linkCode=osi&th=1&psc=1"><img src="https://m.media-amazon.com/images/I/31-KMa7LAlS._SL500_.jpg" alt="Product Image"></a><p>L'Oreal Paris Elvive Total Repair 5 Repairing Conditioner for Damaged Hair Conditioner with Protein and Ceramide for Strong Silky Shiny Healthy Renewed Hair 28 Fl Oz</p><p>$8.49 ($0.30 / Fl Oz)</p><a href="https://www.amazon.com/dp/B0752CBW5T?tag=eloabder-20&linkCode=osi&th=1&psc=1">View Product</a></div><div class="product"><a href="https://www.amazon.com/dp/B07CLD17F5?tag=eloabder-20&linkCode=osi&th=1&psc=1"><img src="https://m.media-amazon.com/images/I/61hTHQjDOkL._SL500_.jpg" alt="Product Image"></a><p>Dove Ultra Care Conditioner Coconut & Hydration for Dry Hair Conditioner with Coconut Oil, Jojoba Oil & Sweet Almond Oil 25.4 oz</p><p>$7.49 ($0.29 / Fl Oz)</p><a href="https://www.amazon.com/dp/B07CLD17F5?tag=eloabder-20&linkCode=osi&th=1&psc=1">View Product</a></div><div class="product"><a href="https://www.amazon.com/dp/B0098QQ88U?tag=eloabder-20&linkCode=osi&th=1&psc=1"><img src="https://m.media-amazon.com/images/I/31kA4N9VngL._SL500_.jpg" alt="Product Image"></a><p>Moroccanoil Hydrating Conditioner, 8.5 Fl Oz</p><p>$26.00 ($3.10 / Fl Oz)</p><a href="https://www.amazon.com/dp/B0098QQ88U?tag=eloabder-20&linkCode=osi&th=1&psc=1">View Product</a></div><div class="product"><a href="https://www.amazon.com/dp/B07D37SBHF?tag=eloabder-20&linkCode=osi&th=1&psc=1"><img src="https://m.media-amazon.com/images/I/31ivDW-ouZL._SL500_.jpg" alt="Product Image"></a><p>Olaplex No. 5 Bond Maintenance Conditioner, Repairs, Strengthens, & Nourishes All Hair Types, Leaving Hair Feeling Soft & Adds Shine, 8.5 fl oz"</p><p>$30.00 ($3.53 / Fl Oz)</p><a href="https://www.amazon.com/dp/B07D37SBHF?tag=eloabder-20&linkCode=osi&th=1&psc=1">View Product</a></div><div class="product"><a href="https://www.amazon.com/dp/B07NR2B9HS?tag=eloabder-20&linkCode=osi&th=1&psc=1"><img src="https://m.media-amazon.com/images/I/51pWHfe9iNL._SL500_.jpg" alt="Product Image"></a><p>Aussie 3 Minute Miracle Moist Deep Conditioner for Dry Hair, Avocado & Jojoba Oil, Safe for Color Treated Hair, Nourishing Hydration, Silky Shine, Paraben-Free, 16 Fl Oz Each, Triple Pack</p><p>$20.97 ($0.44 / Fl Oz)</p><a href="https://www.amazon.com/dp/B07NR2B9HS?tag=eloabder-20&linkCode=osi&th=1&psc=1">View Product</a></div><div class="product"><a href="https://www.amazon.com/dp/B0891BBRHW?tag=eloabder-20&linkCode=osi&th=1&psc=1"><img src="https://m.media-amazon.com/images/I/31ndDwe7VSL._SL500_.jpg" alt="Product Image"></a><p>Pureology Hydrate Moisturizing Conditioner | Softens and Deeply Hydrates Dry Hair | For Medium to Thick Color Treated or Natural Hair | Sulfate Free Conditioner | Vegan</p><p>$37.00 ($4.11 / Fl Oz)</p><a href="https://www.amazon.com/dp/B0891BBRHW?tag=eloabder-20&linkCode=osi&th=1&psc=1">View Product</a></div><div class="product"><a href="https://www.amazon.com/dp/B00I32AN4K?tag=eloabder-20&linkCode=osi&th=1&psc=1"><img src="https://m.media-amazon.com/images/I/51KpmxinYYL._SL500_.jpg" alt="Product Image"></a><p>Arvazallia Hydrating Argan Oil Hair Mask and Deep Conditioner for Dry or Damaged Hair - 8.45 Oz</p><p>$12.95 ($1.53 / Fl Oz)</p><a href="https://www.amazon.com/dp/B00I32AN4K?tag=eloabder-20&linkCode=osi&th=1&psc=1">View Product</a></div><div class="product"><a href="https://www.amazon.com/dp/B092PVHFL3?tag=eloabder-20&linkCode=osi&th=1&psc=1"><img src="https://m.media-amazon.com/images/I/31v45qQhKOL._SL500_.jpg" alt="Product Image"></a><p>MONDAY HAIRCARE Moisture Conditioner 12oz for Dry, Coarse, Stressed, Coily and Curly Hair, Made from Coconut Oil, Rice Protein, Shea Butter, & Vitamin E, 100% Recyclable Bottles (350ml) (10434)</p><p>$6.97 ($0.58 / Fl Oz)</p><a href="https://www.amazon.com/dp/B092PVHFL3?tag=eloabder-20&linkCode=osi&th=1&psc=1">View Product</a></div><div class="product"><a href="https://www.amazon.com/dp/B00OVQO66S?tag=eloabder-20&linkCode=osi&th=1&psc=1"><img src="https://m.media-amazon.com/images/I/61S7x6GUaFL._SL500_.jpg" alt="Product Image"></a><p>SheaMoisture Conditioner Intensive Hydration for Dry, Damaged Hair Manuka Honey and Mafura Oil to Nourish and Soften Hair 13 oz</p><p>$9.68 ($0.74 / Fl Oz)</p><a href="https://www.amazon.com/dp/B00OVQO66S?tag=eloabder-20&linkCode=osi&th=1&psc=1">View Product</a></div><div class="product"><a href="https://www.amazon.com/dp/B08BTKN3P9?tag=eloabder-20&linkCode=osi&th=1&psc=1"><img src="https://m.media-amazon.com/images/I/41sjzOJHhiL._SL500_.jpg" alt="Product Image"></a><p>TRESemmé Conditioner Moisture Rich 3 Count for Dry Hair Professional Quality Salon-Healthy Look and Shine Moisture Rich Formulated with Vitamin E and Biotin 28 oz</p><p>$16.80 ($0.20 / Fl Oz)</p><a href="https://www.amazon.com/dp/B08BTKN3P9?tag=eloabder-20&linkCode=osi&th=1&psc=1">View Product</a></div>
<div class="product"><a href="https://www.amazon.com/dp/B01I2ZQJSG?tag=eloabder-20&linkCode=osi&th=1&psc=1"><img src="https://m.media-amazon.com/images/I/41ctrFUeQAL._SL500_.jpg" alt="Product Image"></a><p>Elizavecca cer-100 collagen coating hair protein treatment 100ml</p><p>$7.40 ($2.19 / Fl Oz)</p><a href="https://www.amazon.com/dp/B01I2ZQJSG?tag=eloabder-20&linkCode=osi&th=1&psc=1">View Product</a></div><div class="product"><a href="https://www.amazon.com/dp/B07H3GBSC3?tag=eloabder-20&linkCode=osi&th=1&psc=1"><img src="https://m.media-amazon.com/images/I/41I862UzKRL._SL500_.jpg" alt="Product Image"></a><p>amika soulfood nourishing Mask, 8 Fl oz</p><p>$34.00 ($4.25 / Fl Oz)</p><a href="https://www.amazon.com/dp/B07H3GBSC3?tag=eloabder-20&linkCode=osi&th=1&psc=1">View Product</a></div><div class="product"><a href="https://www.amazon.com/dp/B075L6BL61?tag=eloabder-20&linkCode=osi&th=1&psc=1"><img src="https://m.media-amazon.com/images/I/41zCFV7oGTL._SL500_.jpg" alt="Product Image"></a><p>Karseell Collagen Hair Treatment Deep Repair Conditioning Argan Oil Collagen Hair Mask Essence for Dry Damaged Hair All Hair Types 16.90 oz 500ml</p><p>$23.00 ($1.36 / Fl Oz)</p><a href="https://www.amazon.com/dp/B075L6BL61?tag=eloabder-20&linkCode=osi&th=1&psc=1">View Product</a></div><div class="product"><a href="https://www.amazon.com/dp/B07N7NBYSP?tag=eloabder-20&linkCode=osi&th=1&psc=1"><img src="https://m.media-amazon.com/images/I/515lD0OXQ+L._SL500_.jpg" alt="Product Image"></a><p>Mielle Organics Rosemary Mint Strengthening Hair Masque, Essential Oil & Biotin Deep Treatment, Miracle Repair for Dry, Damaged, & Frizzy Hair, 12 Ounces</p><p>$9.97 ($0.83 / Ounce)</p><a href="https://www.amazon.com/dp/B07N7NBYSP?tag=eloabder-20&linkCode=osi&th=1&psc=1">View Product</a></div><div class="product"><a href="https://www.amazon.com/dp/B0BQ54DQNM?tag=eloabder-20&linkCode=osi&th=1&psc=1"><img src="https://m.media-amazon.com/images/I/41uhtWPJeuL._SL500_.jpg" alt="Product Image"></a><p>Eva NYC Therapy Session Hair Mask, Deep Conditioning Hair Mask Infused with Argan Oil and Plant Protein, 16.9 fl oz</p><p>$19.00 ($1.12 / Fl Oz)</p><a href="https://www.amazon.com/dp/B0BQ54DQNM?tag=eloabder-20&linkCode=osi&th=1&psc=1">View Product</a></div><div class="product"><a href="https://www.amazon.com/dp/B09HR5KSR8?tag=eloabder-20&linkCode=osi&th=1&psc=1"><img src="https://m.media-amazon.com/images/I/51aIw6AhsXL._SL500_.jpg" alt="Product Image"></a><p>K18 Mini Leave-In Molecular Hair Mask, Repairs Dry or Damaged Hair, Reverse Hair Damage from Bleach, Color, Chemical Services & Heat, 0.51 Fl Oz</p><p>$29.00 ($56.86 / Fl Oz)</p><a href="https://www.amazon.com/dp/B09HR5KSR8?tag=eloabder-20&linkCode=osi&th=1&psc=1">View Product</a></div><div class="product"><a href="https://www.amazon.com/dp/B07M7PP9KX?tag=eloabder-20&linkCode=osi&th=1&psc=1"><img src="https://m.media-amazon.com/images/I/41Mpv3wIxEL._SL500_.jpg" alt="Product Image"></a><p>Marc Anthony Grow Long Hair Anti-Breakage Mask, 10.4 OZ</p><p>$8.99 ($0.90 / Fl Oz)</p><a href="https://www.amazon.com/dp/B07M7PP9KX?tag=eloabder-20&linkCode=osi&th=1&psc=1">View Product</a></div>
<div class="product"><a href="https://www.amazon.com/dp/B00BC3YL2W?tag=eloabder-20&linkCode=osi&th=1&psc=1"><img src="https://m.media-amazon.com/images/I/31OKo9u6V4L._SL500_.jpg" alt="Product Image"></a><p>HerStyler Hair Repair Serum - Argan Oil, Vitamin E and Aloe Vera Hair Serum for Frizz Control, Shine and Straightening - Coz Love is in the Hair - 2 Fl. Oz., 60 Ml</p><p>$9.99 ($5.00 / Fl Oz)</p><a href="https://www.amazon.com/dp/B00BC3YL2W?tag=eloabder-20&linkCode=osi&th=1&psc=1">View Product</a></div><div class="product"><a href="https://www.amazon.com/dp/B08N9L6C93?tag=eloabder-20&linkCode=osi&th=1&psc=1"><img src="https://m.media-amazon.com/images/I/3184fIylDmL._SL500_.jpg" alt="Product Image"></a><p>Paul Mitchell Super Skinny Serum, Speeds Up Drying Time, Humidity Resistant, For Frizzy Hair, 5.1 fl. oz.</p><p>$28.50 ($5.59 / Fl Oz)</p><a href="https://www.amazon.com/dp/B08N9L6C93?tag=eloabder-20&linkCode=osi&th=1&psc=1">View Product</a></div><div class="product"><a href="https://www.amazon.com/dp/B081JHTPKP?tag=eloabder-20&linkCode=osi&th=1&psc=1"><img src="https://m.media-amazon.com/images/I/31+F0Qz4RUL._SL500_.jpg" alt="Product Image"></a><p>Mise En Scene Perfect Serum Original - Hair Oil for Frizzy & Dry Hair, Hydration and Nutrition Hair Essence for Damage Care, Floral Fragrance, Korean Hair Care Product, Korean Hair Serum 2.71 Fl. Oz.</p><p>$11.20 ($4.15 / Fl Oz)</p><a href="https://www.amazon.com/dp/B081JHTPKP?tag=eloabder-20&linkCode=osi&th=1&psc=1">View Product</a></div><div class="product"><a href="https://www.amazon.com/dp/B09WMT8HYB?tag=eloabder-20&linkCode=osi&th=1&psc=1"><img src="https://m.media-amazon.com/images/I/31poyY3nFGL._SL500_.jpg" alt="Product Image"></a><p>Hair Growth Serum for Men and Women- Vegan Hair Growth Serum Designed for Thinning Hair & Hair Loss- 1 Month-60ml</p><p>$23.40 ($11.70 / Fl Oz)</p><a href="https://www.amazon.com/dp/B09WMT8HYB?tag=eloabder-20&linkCode=osi&th=1&psc=1">View Product</a></div><div class="product"><a href="https://www.amazon.com/dp/B0CJ7ZVDZR?tag=eloabder-20&linkCode=osi&th=1&psc=1"><img src="https://m.media-amazon.com/images/I/51bMtBk0LHL._SL500_.jpg" alt="Product Image"></a><p>MAREE Hair Styling Serum for Frizzy & Dry Hair - Keratin Styling & Moisturizing Oil Capsules with Avocado, Jojoba & Argan Oil - Leave-in Anti Frizz Conditioner with Vitamins A, C, E & B5-30 Capsules</p><p>$17.95 ($5.61 / Fl Oz)</p><a href="https://www.amazon.com/dp/B0CJ7ZVDZR?tag=eloabder-20&linkCode=osi&th=1&psc=1">View Product</a></div><div class="product"><a href="https://www.amazon.com/dp/B07GSZYLGJ?tag=eloabder-20&linkCode=osi&th=1&psc=1"><img src="https://m.media-amazon.com/images/I/41e6dzzvKtL._SL500_.jpg" alt="Product Image"></a><p>HUSSELL Bali Secret Hair Treatment Serum - no Rinse with Argan Macadamia & Avocado Oils - Vitamins A, E, Pro B5 - Conditioner for Women & Men</p><p>$24.75 ($0.62 / Fl Oz)</p><a href="https://www.amazon.com/dp/B07GSZYLGJ?tag=eloabder-20&linkCode=osi&th=1&psc=1">View Product</a></div><div class="product"><a href="https://www.amazon.com/dp/B000P9DS4Q?tag=eloabder-20&linkCode=osi&th=1&psc=1"><img src="https://m.media-amazon.com/images/I/31m7be8mSHL._SL500_.jpg" alt="Product Image"></a><p>John Frieda Anti Frizz, Frizz Ease Extra Strength Hair Serum with Argan Oil, Anti-Humidity Spray for Hair, Nourishing Treatment for Thick, Coarse Hair, 1.69 Oz</p><p>$10.05 ($5.95 / Fl Oz)</p><a href="https://www.amazon.com/dp/B000P9DS4Q?tag=eloabder-20&linkCode=osi&th=1&psc=1">View Product</a></div><div class="product"><a href="https://www.amazon.com/dp/B01456DJ66?tag=eloabder-20&linkCode=osi&th=1&psc=1"><img src="https://m.media-amazon.com/images/I/41hciQXaA0L._SL500_.jpg" alt="Product Image"></a><p>Vitamins Keratin Protein Hair Serum - Anti Frizz Control Hair Oil Repair Treatment - Hair Gloss Shine & Heat Protectant for Frizzy Dry Damaged Hair</p><p>$21.98 ($5.17 / Fl Oz)</p><a href="https://www.amazon.com/dp/B01456DJ66?tag=eloabder-20&linkCode=osi&th=1&psc=1">View Product</a></div>
<div class="product"><a href="https://www.amazon.com/dp/B07VR1NDSQ?tag=eloabder-20&linkCode=osi&th=1&psc=1"><img src="https://m.media-amazon.com/images/I/41z5MLqbvaL._SL500_.jpg" alt="Product Image"></a><p>Olaplex No. 7 Bonding Oil, Concentrated High Shine Oil, Heat Protectant, Visibly Smooths & Softens Hair, Added Color Vibrancy, Up to 72 Hour Frizz Control, For All Hair Types, 1 fl oz</p><p>$30.00 ($29.70 / Fl Oz)</p><a href="https://www.amazon.com/dp/B07VR1NDSQ?tag=eloabder-20&linkCode=osi&th=1&psc=1">View Product</a></div><div class="product"><a href="https://www.amazon.com/dp/B07N7PK9QK?tag=eloabder-20&linkCode=osi&th=1&psc=1"><img src="https://m.media-amazon.com/images/I/416K3ahcJsL._SL500_.jpg" alt="Product Image"></a><p>Mielle Organics Rosemary Mint Scalp & Hair Strengthening Oil for All Hair Types, 2 Ounce</p><p>$9.50 ($4.75 / Fl Oz)</p><a href="https://www.amazon.com/dp/B07N7PK9QK?tag=eloabder-20&linkCode=osi&th=1&psc=1">View Product</a></div><div class="product"><a href="https://www.amazon.com/dp/B0048EZNR4?tag=eloabder-20&linkCode=osi&th=1&psc=1"><img src="https://m.media-amazon.com/images/I/41TwEUHYLCL._SL500_.jpg" alt="Product Image"></a><p>OGX Renewing + Argan Oil of Morocco Penetrating Hair Oil Treatment, Moisturizing & Strengthening Silky Oil for All Hair Types, Paraben-Free, Sulfated-Surfactants Free, 3.3 fl oz</p><p>$7.97 ($2.42 / Fl Oz)</p><a href="https://www.amazon.com/dp/B0048EZNR4?tag=eloabder-20&linkCode=osi&th=1&psc=1">View Product</a></div><div class="product"><a href="https://www.amazon.com/dp/B01MFXDAL8?tag=eloabder-20&linkCode=osi&th=1&psc=1"><img src="https://m.media-amazon.com/images/I/314VC8Iug2L._SL500_.jpg" alt="Product Image"></a><p>OUAI Hair Oil - Hair Heat Protectant Oil for Frizz Control - Adds Hair Shine and Smooths Split Ends - Color Safe Formula - Paraben, Phthalate and Sulfate Free (1.5 oz)</p><p>$30.00 ($20.00 / Fl Oz)</p><a href="https://www.amazon.com/dp/B01MFXDAL8?tag=eloabder-20&linkCode=osi&th=1&psc=1">View Product</a></div><div class="product"><a href="https://www.amazon.com/dp/B005DYJZ7M?tag=eloabder-20&linkCode=osi&th=1&psc=1"><img src="https://m.media-amazon.com/images/I/51NE8LO8FaL._SL500_.jpg" alt="Product Image"></a><p>OGX Extra Strength Argan Oil Hair Treatment, 3.3 fl oz - Deep Moisturizing Serum for Dry, Damaged & Coarse Hair, Paraben & Sulfate-Free</p><p>$7.97 ($2.42 / Fl Oz)</p><a href="https://www.amazon.com/dp/B005DYJZ7M?tag=eloabder-20&linkCode=osi&th=1&psc=1">View Product</a></div><div class="product"><a href="https://www.amazon.com/dp/B000V8MTIC?tag=eloabder-20&linkCode=osi&th=1&psc=1"><img src="https://m.media-amazon.com/images/I/41Y-cvRBYHL._SL500_.jpg" alt="Product Image"></a><p>Wild Growth Hair Oil 4 Oz</p><p>$9.44 ($2.36 / Fl Oz)</p><a href="https://www.amazon.com/dp/B000V8MTIC?tag=eloabder-20&linkCode=osi&th=1&psc=1">View Product</a></div><div class="product"><a href="https://www.amazon.com/dp/B0CNFF26B4?tag=eloabder-20&linkCode=osi&th=1&psc=1"><img src="https://m.media-amazon.com/images/I/61IXl4BycFL._SL500_.jpg" alt="Product Image"></a><p>Nexxus Ultra Lightweight Hair Oil Repair & Nourish for Intense Nourishment with StyleProtect Technology & Rose of Jericho Oil 4 oz</p><p>$13.18 ($3.99 / Fl Oz)</p><a href="https://www.amazon.com/dp/B0CNFF26B4?tag=eloabder-20&linkCode=osi&th=1&psc=1">View Product</a></div><div class="product"><a href="https://www.amazon.com/dp/B0D2RSCZBD?tag=eloabder-20&linkCode=osi&th=1&psc=1"><img src="https://m.media-amazon.com/images/I/41YHvQncEYL._SL500_.jpg" alt="Product Image"></a><p>Botanic Hearth 100% Pure Rosemary Oil For Hair Growth Infused With Biotin | Hair strengthening Treatment | Nourishing & Volumizing | With Jojoba Oil & Castor Oil | Non GMO Verified | 2 fl oz</p><p>$8.49 ($4.24 / Fl Oz)</p><a href="https://www.amazon.com/dp/B0D2RSCZBD?tag=eloabder-20&linkCode=osi&th=1&psc=1">View Product</a></div>
<div class="product"><a href="https://www.amazon.com/dp/B076FHJ3K5?tag=eloabder-20&linkCode=osi&th=1&psc=1"><img src="https://m.media-amazon.com/images/I/31QAqxeYpoL._SL500_.jpg" alt="Product Image"></a><p>Marc Anthony Leave-In Conditioner Spray & Detangler, Grow Long Biotin - Anti-Frizz Deep Conditioner For Split Ends & Breakage - Vitamin E, Caffeine & Ginseng for Curly, Dry & Damaged Hair</p><p>$7.67 ($0.91 / Fl Oz)</p><a href="https://www.amazon.com/dp/B076FHJ3K5?tag=eloabder-20&linkCode=osi&th=1&psc=1">View Product</a></div><div class="product"><a href="https://www.amazon.com/dp/B078PJCVSQ?tag=eloabder-20&linkCode=osi&th=1&psc=1"><img src="https://m.media-amazon.com/images/I/41emTjMLCbL._SL500_.jpg" alt="Product Image"></a><p>Garnier Fructis Sleek & Shine Leave-In Conditioning Cream for Frizzy, Dry Hair, Plant Keratin + Argan Oil, 10.2 Fl Oz, 2 Count (Packaging May Vary)</p><p>$8.69 ($4.34 / Count)</p><a href="https://www.amazon.com/dp/B078PJCVSQ?tag=eloabder-20&linkCode=osi&th=1&psc=1">View Product</a></div><div class="product"><a href="https://www.amazon.com/dp/B075PTHVKN?tag=eloabder-20&linkCode=osi&th=1&psc=1"><img src="https://m.media-amazon.com/images/I/41er29CRVVL._SL500_.jpg" alt="Product Image"></a><p>Mielle Organics Pomegranate & Honey Leave-In Conditioner, Moisturizing Curl Primer and Detangler, Repair Damage and Prevent Frizz, Treatment For Thick Curly Hair Type 4 Hair, 12-Fluid Ounces</p><p>$12.95 ($1.08 / Fl Oz)</p><a href="https://www.amazon.com/dp/B075PTHVKN?tag=eloabder-20&linkCode=osi&th=1&psc=1">View Product</a></div><div class="product"><a href="https://www.amazon.com/dp/B0BPR45NX4?tag=eloabder-20&linkCode=osi&th=1&psc=1"><img src="https://m.media-amazon.com/images/I/41ZvxMh2+ML._SL500_.jpg" alt="Product Image"></a><p>Mielle Organics Rosemary Mint Strengthening Leave-In Conditioner, Supports Hair Strength, Smooth Conditioner for Dry and Crinkled Hair, Weightless Hair Treatment</p><p>$9.97 ($0.83 / Fl Oz)</p><a href="https://www.amazon.com/dp/B0BPR45NX4?tag=eloabder-20&linkCode=osi&th=1&psc=1">View Product</a></div><div class="product"><a href="https://www.amazon.com/dp/B0899C98ZD?tag=eloabder-20&linkCode=osi&th=1&psc=1"><img src="https://m.media-amazon.com/images/I/3140FuOEnHL._SL500_.jpg" alt="Product Image"></a><p>Pureology Color Fanatic Leave-in Conditioner Hair Treatment Detangler Spray | Protects Hair Color From Fading | Heat Protectant | Vegan | 6.7 Fl Oz</p><p>$35.00 ($5.22 / Fl Oz)</p><a href="https://www.amazon.com/dp/B0899C98ZD?tag=eloabder-20&linkCode=osi&th=1&psc=1">View Product</a></div><div class="product"><a href="https://www.amazon.com/dp/B002FJ11UW?tag=eloabder-20&linkCode=osi&th=1&psc=1"><img src="https://m.media-amazon.com/images/I/31-cZPtTWFL._SL500_.jpg" alt="Product Image"></a><p>Tea Tree Hair and Body Moisturizer Leave-In Conditioner, Body Lotion, After-Shave Cream, For All Hair + Skin Types, 10.14 fl. oz.</p><p>$22.00 ($2.17 / Fl Oz)</p><a href="https://www.amazon.com/dp/B002FJ11UW?tag=eloabder-20&linkCode=osi&th=1&psc=1">View Product</a></div><div class="product"><a href="https://www.amazon.com/dp/B07B895KND?tag=eloabder-20&linkCode=osi&th=1&psc=1"><img src="https://m.media-amazon.com/images/I/21VKaJcT2wL._SL500_.jpg" alt="Product Image"></a><p>OUAI Leave In Conditioner & Heat Protectant Spray - Prime Hair for Style, Smooth Flyaways, Add Shine and Use as Detangling Spray - No Parabens, Sulfates or Phthalates (4.7 oz)</p><p>$29.99 ($6.38 / Ounce)</p><a href="https://www.amazon.com/dp/B07B895KND?tag=eloabder-20&linkCode=osi&th=1&psc=1">View Product</a></div><div class="product"><a href="https://www.amazon.com/dp/B09HN5ZF8C?tag=eloabder-20&linkCode=osi&th=1&psc=1"><img src="https://m.media-amazon.com/images/I/31p+j7QXuqL._SL500_.jpg" alt="Product Image"></a><p>L’Oréal Paris Sulfate Free Moisture 21-in-1 Leave-In Conditioner for Dry Hair, EverPure, 6.8 fl oz (Packaging May Vary)</p><p>$9.97 ($1.47 / Fl Oz)</p><a href="https://www.amazon.com/dp/B09HN5ZF8C?tag=eloabder-20&linkCode=osi&th=1&psc=1">View Product</a></div><div class="product"><a href="https://www.amazon.com/dp/B07NQLWYXW?tag=eloabder-20&linkCode=osi&th=1&psc=1"><img src="https://m.media-amazon.com/images/I/61gQFsuQ1DL._SL500_.jpg" alt="Product Image"></a><p>SheaMoisture Jamaican Black Castor Oil Leave In Conditioner For Damaged Hair 100% Pure Jamaican Black Castor Oil To Soften And Detangle Hair 11.5oz</p><p>$10.97 ($0.95 / Ounce)</p><a href="https://www.amazon.com/dp/B07NQLWYXW?tag=eloabder-20&linkCode=osi&th=1&psc=1">View Product</a></div><div class="product"><a href="https://www.amazon.com/dp/B01LTIAUAG?tag=eloabder-20&linkCode=osi&th=1&psc=1"><img src="https://m.media-amazon.com/images/I/414cIBskUjL._SL500_.jpg" alt="Product Image"></a><p>Cantu Leave-In Conditioning Repair Cream with Argan Oil, 16 oz (Packaging May Vary)</p><p>$6.48 ($0.40 / Ounce)</p><a href="https://www.amazon.com/dp/B01LTIAUAG?tag=eloabder-20&linkCode=osi&th=1&psc=1">View Product</a></div>
<div class="product"><a href="https://www.amazon.com/dp/B00ID1A5TO?tag=eloabder-20&linkCode=osi&th=1&psc=1"><img src="https://m.media-amazon.com/images/I/31QKv7QMILL._SL500_.jpg" alt="Product Image"></a><p>L'Oréal Paris Advanced Hairstyle Sleek It Iron Straight Heat Spray, 5.7 Ounce</p><p>$6.97 ($1.22 / Fl Oz)</p><a href="https://www.amazon.com/dp/B00ID1A5TO?tag=eloabder-20&linkCode=osi&th=1&psc=1">View Product</a></div><div class="product"><a href="https://www.amazon.com/dp/B075FBD7CM?tag=eloabder-20&linkCode=osi&th=1&psc=1"><img src="https://m.media-amazon.com/images/I/31DT9mg1TBL._SL500_.jpg" alt="Product Image"></a><p>Moroccanoil Perfect Defense Heat Protectant, 6 Fl. Oz.</p><p>$30.00 ($5.00 / Ounce)</p><a href="https://www.amazon.com/dp/B075FBD7CM?tag=eloabder-20&linkCode=osi&th=1&psc=1">View Product</a></div><div class="product"><a href="https://www.amazon.com/dp/B004452DPM?tag=eloabder-20&linkCode=osi&th=1&psc=1"><img src="https://m.media-amazon.com/images/I/31+Syj8lOHL._SL500_.jpg" alt="Product Image"></a><p>CHI 44 Iron Guard Thermal Protection Spray, Nourishing Formula Helps Resist Heat Damage to Hair & Tame Frizz, 2 Oz</p><p>$6.99 ($3.50 / Fl Oz)</p><a href="https://www.amazon.com/dp/B004452DPM?tag=eloabder-20&linkCode=osi&th=1&psc=1">View Product</a></div><div class="product"><a href="https://www.amazon.com/dp/B0752KMDQB?tag=eloabder-20&linkCode=osi&th=1&psc=1"><img src="https://m.media-amazon.com/images/I/31kygOyDdnL._SL500_.jpg" alt="Product Image"></a><p>Mielle Mongongo Oil Thermal & Heat Protectant Spray, Protects Hair from Heat Damage, Intense Heat Defense, Curl Pattern Protection, Safe for All Hair Types, 4 Ounce</p><p>$9.97 ($2.49 / Fl Oz)</p><a href="https://www.amazon.com/dp/B0752KMDQB?tag=eloabder-20&linkCode=osi&th=1&psc=1">View Product</a></div><div class="product"><a href="https://www.amazon.com/dp/B06XFVBVQ5?tag=eloabder-20&linkCode=osi&th=1&psc=1"><img src="https://m.media-amazon.com/images/I/31kIW3-nG0L._SL500_.jpg" alt="Product Image"></a><p>Eva NYC Mane Magic 10-in-1 Primer, Heat Protectant for Hair, Infused with Sunflower Seed and Argan Oil for Hair, Sulfate, Paraben & Phthalate Free, 5.4 fl oz</p><p>$12.57 ($2.33 / Fl Oz)</p><a href="https://www.amazon.com/dp/B06XFVBVQ5?tag=eloabder-20&linkCode=osi&th=1&psc=1">View Product</a></div><div class="product"><a href="https://www.amazon.com/dp/B08HDS8GW1?tag=eloabder-20&linkCode=osi&th=1&psc=1"><img src="https://m.media-amazon.com/images/I/317MYEuzMbS._SL500_.jpg" alt="Product Image"></a><p>L'Oreal Paris Elvive Dream Lengths Heat Slayer Pre-Iron Spray Leave-In, 4.4 Ounce</p><p>$7.97 ($1.81 / Fl Oz)</p><a href="https://www.amazon.com/dp/B08HDS8GW1?tag=eloabder-20&linkCode=osi&th=1&psc=1">View Product</a></div><div class="product"><a href="https://www.amazon.com/dp/B0CX6M8B71?tag=eloabder-20&linkCode=osi&th=1&psc=1"><img src="https://m.media-amazon.com/images/I/21VMI5jkDHL._SL500_.jpg" alt="Product Image"></a><p>Hairitage Heat Protectant Spray - Up to 450 Degree Protection + Hydrates + Strengthens Hair - For All Hair Types</p><p>$8.94 ($1.49 / Fl Oz)</p><a href="https://www.amazon.com/dp/B0CX6M8B71?tag=eloabder-20&linkCode=osi&th=1&psc=1">View Product</a></div><div class="product"><a href="https://www.amazon.com/dp/B07H3GCMFG?tag=eloabder-20&linkCode=osi&th=1&psc=1"><img src="https://m.media-amazon.com/images/I/41OXeqapQaL._SL500_.jpg" alt="Product Image"></a><p>amika blockade heat defense serum , 1.69 Fl Oz (Pack of 1)</p><p>$28.00 ($16.47 / Ounce)</p><a href="https://www.amazon.com/dp/B07H3GCMFG?tag=eloabder-20&linkCode=osi&th=1&psc=1">View Product</a></div><div class="product"><a href="https://www.amazon.com/dp/B07HCMHVCW?tag=eloabder-20&linkCode=osi&th=1&psc=1"><img src="https://m.media-amazon.com/images/I/315xZEjPlJS._SL500_.jpg" alt="Product Image"></a><p>Drybar Hot Toddy Heat Protectant Mist Blanc Scent - Full Size| Lightweight Heat Protectant for Hair protects from Heat & Styling with Curling, Straightening and Styling Irons</p><p>$29.00 ($6.30 / Ounce)</p><a href="https://www.amazon.com/dp/B07HCMHVCW?tag=eloabder-20&linkCode=osi&th=1&psc=1">View Product</a></div><div class="product"><a href="https://www.amazon.com/dp/B0CN9N41R2?tag=eloabder-20&linkCode=osi&th=1&psc=1"><img src="https://m.media-amazon.com/images/I/61Y+AIRsnNL._SL500_.jpg" alt="Product Image"></a><p>Nexxus Heat Defense Spray Prep & Protect for 450 degree heat protection, with StyleProtect Technology 6 oz</p><p>$13.64 ($2.27 / Fl Oz)</p><a href="https://www.amazon.com/dp/B0CN9N41R2?tag=eloabder-20&linkCode=osi&th=1&psc=1">View Product</a></div>
<div class="product"><a href="https://www.amazon.com/dp/B000YACKO0?tag=eloabder-20&linkCode=osi&th=1&psc=1"><img src="https://m.media-amazon.com/images/I/21G1pDllGdL._SL500_.jpg" alt="Product Image"></a><p>Kenra Professional Volume Spray 25 50% | Super Hold Finishing & Styling Hairspray | Flake-free & Fast-drying | Wind & Humidity Resistance | All Hair Types | 10 oz</p><p>$22.00 ($2.20 / Ounce)</p><a href="https://www.amazon.com/dp/B000YACKO0?tag=eloabder-20&linkCode=osi&th=1&psc=1">View Product</a></div><div class="product"><a href="https://www.amazon.com/dp/B0010OKF7S?tag=eloabder-20&linkCode=osi&th=1&psc=1"><img src="https://m.media-amazon.com/images/I/21jbVg5zztL._SL500_.jpg" alt="Product Image"></a><p>Sebastian Professional Shaper 55%, Medium Hold Hairspray, 10.6 oz</p><p>$29.99 ($2.83 / Ounce)</p><a href="https://www.amazon.com/dp/B0010OKF7S?tag=eloabder-20&linkCode=osi&th=1&psc=1">View Product</a></div><div class="product"><a href="https://www.amazon.com/dp/B0CGRY5YJB?tag=eloabder-20&linkCode=osi&th=1&psc=1"><img src="https://m.media-amazon.com/images/I/61q0MszNOVL._SL500_.jpg" alt="Product Image"></a><p>TRESemmé Anti-Frizz Finishing Spray Keratin Smooth for a Flexible Hold, Weightless, 7 oz</p><p>$6.98 ($1.00 / Fl Oz)</p><a href="https://www.amazon.com/dp/B0CGRY5YJB?tag=eloabder-20&linkCode=osi&th=1&psc=1">View Product</a></div><div class="product"><a href="https://www.amazon.com/dp/B0872ZWJH2?tag=eloabder-20&linkCode=osi&th=1&psc=1"><img src="https://m.media-amazon.com/images/I/31O-aS4LJ+L._SL500_.jpg" alt="Product Image"></a><p>SexyHair Big Spray & Play Volumizing Hairspray, 10 Oz | Hold and Shine | Up to 72 Hour Humidity Resistance | All Hair Types</p><p>$21.94 ($2.19 / Ounce)</p><a href="https://www.amazon.com/dp/B0872ZWJH2?tag=eloabder-20&linkCode=osi&th=1&psc=1">View Product</a></div><div class="product"><a href="https://www.amazon.com/dp/B000GFWIOU?tag=eloabder-20&linkCode=osi&th=1&psc=1"><img src="https://m.media-amazon.com/images/I/31X7tgfzxQL._SL500_.jpg" alt="Product Image"></a><p>Nexxus Flexible Hold Hairspray Comb Thru for a Lightweight, Brushable Hold, with StyleProtect Technology 10 oz</p><p>$15.98 ($1.60 / Ounce)</p><a href="https://www.amazon.com/dp/B000GFWIOU?tag=eloabder-20&linkCode=osi&th=1&psc=1">View Product</a></div><div class="product"><a href="https://www.amazon.com/dp/B002RS6JSA?tag=eloabder-20&linkCode=osi&th=1&psc=1"><img src="https://m.media-amazon.com/images/I/31+Y7rEXSrL._SL500_.jpg" alt="Product Image"></a><p>CHI 44 Iron Guard Thermal Protection Spray, Nourishing Formula Helps Resist Heat Damage to Hair & Tame Frizz, Clear, 8 Oz</p><p>$13.99 ($1.75 / Fl Oz)</p><a href="https://www.amazon.com/dp/B002RS6JSA?tag=eloabder-20&linkCode=osi&th=1&psc=1">View Product</a></div>
<div class="product"><a href="https://www.amazon.com/dp/B08BTGSTB1?tag=eloabder-20&linkCode=osi&th=1&psc=1"><img src="https://m.media-amazon.com/images/I/41lgs8EMZoL._SL500_.jpg" alt="Product Image"></a><p>Dove Dry Shampoo Volume & Fullness 2 Count for Oily Hair for Refreshed Hair 5 oz</p><p>$13.98 ($1.40 / Ounce)</p><a href="https://www.amazon.com/dp/B08BTGSTB1?tag=eloabder-20&linkCode=osi&th=1&psc=1">View Product</a></div><div class="product"><a href="https://www.amazon.com/dp/B07H349CVV?tag=eloabder-20&linkCode=osi&th=1&psc=1"><img src="https://m.media-amazon.com/images/I/41NnJCW9t4L._SL500_.jpg" alt="Product Image"></a><p>amika Perk Up Dry Shampoo, 5.3 oz. (Pack of 1)</p><p>$28.00 ($5.28 / Ounce)</p><a href="https://www.amazon.com/dp/B07H349CVV?tag=eloabder-20&linkCode=osi&th=1&psc=1">View Product</a></div><div class="product"><a href="https://www.amazon.com/dp/B07KYXYFCH?tag=eloabder-20&linkCode=osi&th=1&psc=1"><img src="https://m.media-amazon.com/images/I/51XCqUPQ3kL._SL500_.jpg" alt="Product Image"></a><p>Batiste Dry Shampoo Original, Cherry, Blush, Tropical (4 pack) 6.73 oz</p><p>$18.40 ($0.68 / Fl Oz )</p><a href="https://www.amazon.com/dp/B07KYXYFCH?tag=eloabder-20&linkCode=osi&th=1&psc=1">View Product</a></div><div class="product"><a href="https://www.amazon.com/dp/B00VXO5RPK?tag=eloabder-20&linkCode=osi&th=1&psc=1"><img src="https://m.media-amazon.com/images/I/31PdfHcw8KL._SL500_.jpg" alt="Product Image"></a><p>Moroccanoil Dry Shampoo Light Tones, 5.4 Fl. Oz.</p><p>$26.00 ($3.77 / Fl Oz)</p><a href="https://www.amazon.com/dp/B00VXO5RPK?tag=eloabder-20&linkCode=osi&th=1&psc=1">View Product</a></div><div class="product"><a href="https://www.amazon.com/dp/B0CJMV7HLS?tag=eloabder-20&linkCode=osi&th=1&psc=1"><img src="https://m.media-amazon.com/images/I/31gMgsK04KL._SL500_.jpg" alt="Product Image"></a><p>Batiste Sweat Activated Dry Shampoo, Neutralizes Odor for Up to 24 Hours & Prevents Sweat Buildup in Hair, Waterless Shampoo, 3.81 Oz</p><p>$9.98 ($1.91 / Ounce)</p><a href="https://www.amazon.com/dp/B0CJMV7HLS?tag=eloabder-20&linkCode=osi&th=1&psc=1">View Product</a></div><div class="product"><a href="https://www.amazon.com/dp/B00GMP4ZN0?tag=eloabder-20&linkCode=osi&th=1&psc=1"><img src="https://m.media-amazon.com/images/I/51C9sFpjj0L._SL500_.jpg" alt="Product Image"></a><p>Batiste Shampoo Dry Fresh 6.73 Ounce (199ml) (3 Pack)</p><p>$14.21 ($0.74 / Fl Oz)</p><a href="https://www.amazon.com/dp/B00GMP4ZN0?tag=eloabder-20&linkCode=osi&th=1&psc=1">View Product</a></div><div class="product"><a href="https://www.amazon.com/dp/B008CYGSZC?tag=eloabder-20&linkCode=osi&th=1&psc=1"><img src="https://m.media-amazon.com/images/I/41FmX163QeL._SL500_.jpg" alt="Product Image"></a><p>Batiste 3 Piece Dry Shampoo Set, Original</p><p>$18.21 ($0.90 / Fl Oz)</p><a href="https://www.amazon.com/dp/B008CYGSZC?tag=eloabder-20&linkCode=osi&th=1&psc=1">View Product</a></div><div class="product"><a href="https://www.amazon.com/dp/B08NRH5DNR?tag=eloabder-20&linkCode=osi&th=1&psc=1"><img src="https://m.media-amazon.com/images/I/511UJeCVLLL._SL500_.jpg" alt="Product Image"></a><p>Batiste Dry Shampoo Spray 4 Pack Variety Mix, Original Clean And Classic, and Tropical Fragrance, 2 Each 6.73 oz.</p><p>$18.64 ($0.69 / Fl Oz)</p><a href="https://www.amazon.com/dp/B08NRH5DNR?tag=eloabder-20&linkCode=osi&th=1&psc=1">View Product</a></div><div class="product"><a href="https://www.amazon.com/dp/B01IAFCTT6?tag=eloabder-20&linkCode=osi&th=1&psc=1"><img src="https://m.media-amazon.com/images/I/51Rqh61NzHL._SL500_.jpg" alt="Product Image"></a><p>Batiste Dry Shampoo, Dark & Deep Brown 6.73 oz (Pack of 3)</p><p>$15.88 ($0.79 / Fl Oz)</p><a href="https://www.amazon.com/dp/B01IAFCTT6?tag=eloabder-20&linkCode=osi&th=1&psc=1">View Product</a></div>
<div class="product"><a href="https://www.amazon.com/dp/B000TG63EW?tag=eloabder-20&linkCode=osi&th=1&psc=1"><img src="https://m.media-amazon.com/images/I/41B2S4r1G9L._SL500_.jpg" alt="Product Image"></a><p>Lottabody Coconut Oil and Shea Wrap Me Foaming Curl Mousse , Creates Soft Wraps, Hair Mousse for Curly Hair, Defines Curls, Anti Frizz, 7 Fl Oz</p><p>$3.98 ($0.57 / Fl Oz)</p><a href="https://www.amazon.com/dp/B000TG63EW?tag=eloabder-20&linkCode=osi&th=1&psc=1">View Product</a></div><div class="product"><a href="https://www.amazon.com/dp/B00147QL8S?tag=eloabder-20&linkCode=osi&th=1&psc=1"><img src="https://m.media-amazon.com/images/I/31GMX6DGyRL._SL500_.jpg" alt="Product Image"></a><p>Kenra Professional Volume Mousse Extra 17 | Firm Hold Mousse | All Hair Types | 8 oz</p><p>$21.00 ($2.62 / Ounce)</p><a href="https://www.amazon.com/dp/B00147QL8S?tag=eloabder-20&linkCode=osi&th=1&psc=1">View Product</a></div><div class="product"><a href="https://www.amazon.com/dp/B07NQCBRK3?tag=eloabder-20&linkCode=osi&th=1&psc=1"><img src="https://m.media-amazon.com/images/I/61ITio7v1qL._SL500_.jpg" alt="Product Image"></a><p>SheaMoisture Curl Mousse Coconut and Hibiscus for Frizz Control Styling Mousse with Shea Butter 7.5 oz</p><p>$10.97 ($1.46 / Fl Oz)</p><a href="https://www.amazon.com/dp/B07NQCBRK3?tag=eloabder-20&linkCode=osi&th=1&psc=1">View Product</a></div><div class="product"><a href="https://www.amazon.com/dp/B0009OMNQQ?tag=eloabder-20&linkCode=osi&th=1&psc=1"><img src="https://m.media-amazon.com/images/I/21BMUFOie3L._SL500_.jpg" alt="Product Image"></a><p>Paul Mitchell Extra-Body Sculpting Foam, Thickens + Builds Body, For Fine Hair, 6.7 oz.</p><p>$16.50 ($2.46 / Fl Oz)</p><a href="https://www.amazon.com/dp/B0009OMNQQ?tag=eloabder-20&linkCode=osi&th=1&psc=1">View Product</a></div>

<div class="product"><a href="https://www.amazon.com/dp/B08GSTPT8Y?tag=eloabder-20&linkCode=osi&th=1&psc=1"><img src="https://m.media-amazon.com/images/I/41sX+hKcbML._SL500_.jpg" alt="Product Image"></a><p>AOA Studio Collection makeup Sponge Set Latex Free and High-definition Set of 6 makeup Wonder blender For Powder Cream and Liquid, Super Soft Wonder Beauty Cosmetic</p><p>$9.95 ($1.66 / Count)</p><a href="https://www.amazon.com/dp/B08GSTPT8Y?tag=eloabder-20&linkCode=osi&th=1&psc=1">View Product</a></div><div class="product"><a href="https://www.amazon.com/dp/B0CJFFR574?tag=eloabder-20&linkCode=osi&th=1&psc=1"><img src="https://m.media-amazon.com/images/I/41nkQ05yLcL._SL500_.jpg" alt="Product Image"></a><p>SUNGBOON EDITOR Deep Collagen Overnight Mask 37gx4ea | The real collagen 2,160,000ppb | Facial Hydrogel Masks with low molecular weight collagen for elasticity, firming, and moisturizing</p><p>$19.00 ($4.75 / Count)</p><a href="https://www.amazon.com/dp/B0CJFFR574?tag=eloabder-20&linkCode=osi&th=1&psc=1">View Product</a></div><div class="product"><a href="https://www.amazon.com/dp/B0C4H1GPG1?tag=eloabder-20&linkCode=osi&th=1&psc=1"><img src="https://m.media-amazon.com/images/I/41jyzyKyY2L._SL500_.jpg" alt="Product Image"></a><p>BEAKEY Latex Free Blender Makeup Sponge for Blending, Pink Makeup Sponge Set, Soft Beauty Sponge, for Flawless Application of Liquid, Cream, and Powder Cosmetics, Pink Makeup Gifts</p><p>$6.99 ($1.40 / Count)</p><a href="https://www.amazon.com/dp/B0C4H1GPG1?tag=eloabder-20&linkCode=osi&th=1&psc=1">View Product</a></div><div class="product"><a href="https://www.amazon.com/dp/B0B45LL4DD?tag=eloabder-20&linkCode=osi&th=1&psc=1"><img src="https://m.media-amazon.com/images/I/31ZNIWikbtL._SL500_.jpg" alt="Product Image"></a><p>Beauty of Joseon Revive Eye Serum with Retinal Niacinamide Correction for Puffy Eye Bags Fine Lines Dark Circles Wrinkles, Korean Skin Care 30ml, 1 fl.oz</p><p>$14.93 ($14.93 / Fl Oz)</p><a href="https://www.amazon.com/dp/B0B45LL4DD?tag=eloabder-20&linkCode=osi&th=1&psc=1">View Product</a></div><div class="product"><a href="https://www.amazon.com/dp/B00PBX3L7K?tag=eloabder-20&linkCode=osi&th=1&psc=1"><img src="https://m.media-amazon.com/images/I/31OiAm-FA8L._SL500_.jpg" alt="Product Image"></a><p>COSRX Snail Mucin 96% Power Repairing Essence 3.38 fl.oz 100ml, Hydrating Serum for Face with Snail Secretion Filtrate for Dull Skin & Fine Lines, Korean Skincare</p><p>$14.50 ($4.29 / Fl Oz)</p><a href="https://www.amazon.com/dp/B00PBX3L7K?tag=eloabder-20&linkCode=osi&th=1&psc=1">View Product</a></div><div class="product"><a href="https://www.amazon.com/dp/B00QPNVC0I?tag=eloabder-20&linkCode=osi&th=1&psc=1"><img src="https://m.media-amazon.com/images/I/31wV3gYUEpL._SL500_.jpg" alt="Product Image"></a><p>Real Techniques Miracle Complexion Sponge Set Duo, 2 Makeup Sponges For Liquid & Cream Makeup, Makeup Blender Sponge For Buildable Coverage, Foundation Sponge For Natural, Dewy Base, Latex-Free Foam</p><p>$7.69 ($3.84 / Count)</p><a href="https://www.amazon.com/dp/B00QPNVC0I?tag=eloabder-20&linkCode=osi&th=1&psc=1">View Product</a></div><div class="product"><a href="https://www.amazon.com/dp/B0CZYJYX4Q?tag=eloabder-20&linkCode=osi&th=1&psc=1"><img src="https://m.media-amazon.com/images/I/31hNatkE-9L._SL500_.jpg" alt="Product Image"></a><p>LANEIGE Lip Glowy Balm Mango: Hydrate, Glossy, Lightweight, Moisturize & Tint with Shea Butter</p><p>$19.00 ($54.29 / Ounce)</p><a href="https://www.amazon.com/dp/B0CZYJYX4Q?tag=eloabder-20&linkCode=osi&th=1&psc=1">View Product</a></div><div class="product"><a href="https://www.amazon.com/dp/B0CXQR14J3?tag=eloabder-20&linkCode=osi&th=1&psc=1"><img src="https://m.media-amazon.com/images/I/31RRaB6c+JL._SL500_.jpg" alt="Product Image"></a><p>e.l.f. Power Grip Dewy Setting Spray, Ultra Fine Mist Made With Hyaluronic Acid, Grips Makeup For A Hydrated, Dewy Finish, Vegan & Cruelty-Free</p><p>$10.00 ($3.70 / Fl Oz)</p><a href="https://www.amazon.com/dp/B0CXQR14J3?tag=eloabder-20&linkCode=osi&th=1&psc=1">View Product</a></div><div class="product"><a href="https://www.amazon.com/dp/B0CZF2T7CK?tag=eloabder-20&linkCode=osi&th=1&psc=1"><img src="https://m.media-amazon.com/images/I/41nBLpIw8wL._SL500_.jpg" alt="Product Image"></a><p>L'Oreal Paris Infallible 3-Second Setting Spray Mist, Microfine Mist for up to 36HR Wear, Clear, 1.76 Fl Oz</p><p>$10.98</p><a href="https://www.amazon.com/dp/B0CZF2T7CK?tag=eloabder-20&linkCode=osi&th=1&psc=1">View Product</a></div>
<div class="product"><a href="https://www.amazon.com/dp/B0D3JDYWZ6?tag=eloabder-20&linkCode=osi&th=1&psc=1"><img src="https://m.media-amazon.com/images/I/41c+v1LLXzL._SL500_.jpg" alt="Product Image"></a><p>e.l.f. Soft Glam Foundation, Medium Coverage, Long-Lasting & Buildable Foundation For A Smooth, Satin Finish, Vegan & Cruelty-Free, 31 Medium Neutral</p><p>$7.99</p><a href="https://www.amazon.com/dp/B0D3JDYWZ6?tag=eloabder-20&linkCode=osi&th=1&psc=1">View Product</a></div><div class="product"><a href="https://www.amazon.com/dp/B00PFCSURS?tag=eloabder-20&linkCode=osi&th=1&psc=1"><img src="https://m.media-amazon.com/images/I/41v54YdLHSL._SL500_.jpg" alt="Product Image"></a><p>Maybelline Fit Me Matte + Poreless Liquid Oil-Free Foundation Makeup, Natural Beige, 1 Count (Packaging May Vary)</p><p>$9.99</p><a href="https://www.amazon.com/dp/B00PFCSURS?tag=eloabder-20&linkCode=osi&th=1&psc=1">View Product</a></div><div class="product"><a href="https://www.amazon.com/dp/B07DFK238H?tag=eloabder-20&linkCode=osi&th=1&psc=1"><img src="https://m.media-amazon.com/images/I/31mAhNJ+4hL._SL500_.jpg" alt="Product Image"></a><p>e.l.f. Flawless Finish Foundation, Lightweight & Medium Coverage, Semi-Matte Finish, Light Ivory, 0.68 Fl Oz (20mL)</p><p>$6.00</p><a href="https://www.amazon.com/dp/B07DFK238H?tag=eloabder-20&linkCode=osi&th=1&psc=1">View Product</a></div><div class="product"><a href="https://www.amazon.com/dp/B01ACPW1SG?tag=eloabder-20&linkCode=osi&th=1&psc=1"><img src="https://m.media-amazon.com/images/I/41aIRzbHxNL._SL500_.jpg" alt="Product Image"></a><p>CoverGirl & Olay Simply Ageless 3-in-1 Liquid Foundation, Matte Finish, Hyaluronic & Vitamin C Formula, Cruelty Free, Classic Ivory, 1 Count</p><p>$10.49</p><a href="https://www.amazon.com/dp/B01ACPW1SG?tag=eloabder-20&linkCode=osi&th=1&psc=1">View Product</a></div><div class="product"><a href="https://www.amazon.com/dp/B000IEMGGE?tag=eloabder-20&linkCode=osi&th=1&psc=1"><img src="https://m.media-amazon.com/images/I/41RtSkNmHSL._SL500_.jpg" alt="Product Image"></a><p>LAURA GELLER NEW YORK Award-Winning Baked Balance-n-Brighten Color Correcting Powder Foundation - Fair - Buildable Light to Medium Coverage - Demi-Matte Natural Finish</p><p>$22.13</p><a href="https://www.amazon.com/dp/B000IEMGGE?tag=eloabder-20&linkCode=osi&th=1&psc=1">View Product</a></div><div class="product"><a href="https://www.amazon.com/dp/B0BCH5WVW6?tag=eloabder-20&linkCode=osi&th=1&psc=1"><img src="https://m.media-amazon.com/images/I/31wajekqpGL._SL500_.jpg" alt="Product Image"></a><p>L'Oreal Paris True Match Super-Blendable Foundation, Medium Coverage Liquid Foundation Makeup, N4, Light Medium, 1 Fl Oz</p><p>$9.97</p><a href="https://www.amazon.com/dp/B0BCH5WVW6?tag=eloabder-20&linkCode=osi&th=1&psc=1">View Product</a></div><div class="product"><a href="https://www.amazon.com/dp/B07MWSP8SG?tag=eloabder-20&linkCode=osi&th=1&psc=1"><img src="https://m.media-amazon.com/images/I/31B37fmqI7L._SL500_.jpg" alt="Product Image"></a><p>e.l.f. Flawless Finish Foundation, Improves Uneven Skin Tone, Lightweight, Medium Coverage & Semi-Matte, Vegan & Cruelty-Free, Beige 0.67 Fl Oz</p><p>$6.00</p><a href="https://www.amazon.com/dp/B07MWSP8SG?tag=eloabder-20&linkCode=osi&th=1&psc=1">View Product</a></div><div class="product"><a href="https://www.amazon.com/dp/B091D8BXSQ?tag=eloabder-20&linkCode=osi&th=1&psc=1"><img src="https://m.media-amazon.com/images/I/31ktknDTqTL._SL500_.jpg" alt="Product Image"></a><p>L'Oreal Paris True Match Nude Hyaluronic Tinted Serum Foundation with 1% Hyaluronic acid, Light 2-3, 1 fl. oz.</p><p>$15.18</p><a href="https://www.amazon.com/dp/B091D8BXSQ?tag=eloabder-20&linkCode=osi&th=1&psc=1">View Product</a></div><div class="product"><a href="https://www.amazon.com/dp/B07Z9WBHXK?tag=eloabder-20&linkCode=osi&th=1&psc=1"><img src="https://m.media-amazon.com/images/I/31c2z97BuBL._SL500_.jpg" alt="Product Image"></a><p>L'Oreal Paris Age Perfect Radiant Serum Foundation with SPF 50, Ivory, 1 fl. oz.</p><p>$14.17</p><a href="https://www.amazon.com/dp/B07Z9WBHXK?tag=eloabder-20&linkCode=osi&th=1&psc=1">View Product</a></div><div class="product"><a href="https://www.amazon.com/dp/B09LCGN136?tag=eloabder-20&linkCode=osi&th=1&psc=1"><img src="https://m.media-amazon.com/images/I/4107EiwloYL._SL500_.jpg" alt="Product Image"></a><p>TIRTIR Mask Fit Red Cushion Foundation | Japan's No.1 Choice for Glass skin, Long-Lasting, Lightweight, Buildable Coverage, Semi-Matte (17C Porcelain, 0.63 Fl Oz (Pack of 1))</p><p>$25.00 ($39.68 / Fl Oz)</p><a href="https://www.amazon.com/dp/B09LCGN136?tag=eloabder-20&linkCode=osi&th=1&psc=1">View Product</a></div>
<div class="product"><a href="https://www.amazon.com/dp/B07Q9V4KMJ?tag=eloabder-20&linkCode=osi&th=1&psc=1"><img src="https://m.media-amazon.com/images/I/31pro1JWTCL._SL500_.jpg" alt="Product Image"></a><p>Maybelline Instant Age Rewind Eraser Dark Circles Treatment Multi-Use Concealer, 115, 1 Count (Packaging May Vary)</p><p>$8.42</p><a href="https://www.amazon.com/dp/B07Q9V4KMJ?tag=eloabder-20&linkCode=osi&th=1&psc=1">View Product</a></div><div class="product"><a href="https://www.amazon.com/dp/B07ZR14WBZ?tag=eloabder-20&linkCode=osi&th=1&psc=1"><img src="https://m.media-amazon.com/images/I/313ljymBVaL._SL500_.jpg" alt="Product Image"></a><p>e.l.f. Hydrating Camo Concealer, Lightweight, Full Coverage, Long Lasting, Conceals, Corrects, Covers, Hydrates, Highlights, Light Sand, Satin Finish, 25 Shades, All-Day Wear, 0.20 Fl Oz</p><p>$7.00</p><a href="https://www.amazon.com/dp/B07ZR14WBZ?tag=eloabder-20&linkCode=osi&th=1&psc=1">View Product</a></div><div class="product"><a href="https://www.amazon.com/dp/B0046VJV36?tag=eloabder-20&linkCode=osi&th=1&psc=1"><img src="https://m.media-amazon.com/images/I/31-ZFCLgLcL._SL500_.jpg" alt="Product Image"></a><p>Maybelline New York Fit Me Liquid Concealer Makeup, Natural Coverage, Lightweight, Conceals, Covers Oil-Free, Fair, 1 Count (Packaging May Vary)</p><p>$6.31</p><a href="https://www.amazon.com/dp/B0046VJV36?tag=eloabder-20&linkCode=osi&th=1&psc=1">View Product</a></div><div class="product"><a href="https://www.amazon.com/dp/B07ZR1CQHS?tag=eloabder-20&linkCode=osi&th=1&psc=1"><img src="https://m.media-amazon.com/images/I/31s0zWRX+4L._SL500_.jpg" alt="Product Image"></a><p>e.l.f. 16HR Camo Concealer, Full Coverage, Highly Pigmented Concealer With Matte Finish, Crease-proof, Vegan & Cruelty-Free, Light Ivory, 0.203 Fl Oz</p><p>$7.00</p><a href="https://www.amazon.com/dp/B07ZR1CQHS?tag=eloabder-20&linkCode=osi&th=1&psc=1">View Product</a></div><div class="product"><a href="https://www.amazon.com/dp/B0814SLHQH?tag=eloabder-20&linkCode=osi&th=1&psc=1"><img src="https://m.media-amazon.com/images/I/312GW4aGnRL._SL500_.jpg" alt="Product Image"></a><p>Neutrogena Healthy Skin Radiant Brightening Cream Concealer with Peptides & Vitamin E Antioxidant,Lightweight Perfecting Concealer,Non-Comedogenic,Bisque Light/Medium 02 neutral undertones,0.24 oz</p><p>$5.62</p><a href="https://www.amazon.com/dp/B0814SLHQH?tag=eloabder-20&linkCode=osi&th=1&psc=1">View Product</a></div><div class="product"><a href="https://www.amazon.com/dp/B007MJKHPA?tag=eloabder-20&linkCode=osi&th=1&psc=1"><img src="https://m.media-amazon.com/images/I/31ljSDY5P1L._SL500_.jpg" alt="Product Image"></a><p>L.A. Girl Pro Conceal HD Concealer, Creamy Beige, 0.28 Ounce</p><p>$4.97 ($17.75 / Ounce)</p><a href="https://www.amazon.com/dp/B007MJKHPA?tag=eloabder-20&linkCode=osi&th=1&psc=1">View Product</a></div><div class="product"><a href="https://www.amazon.com/dp/B09HNMRQN2?tag=eloabder-20&linkCode=osi&th=1&psc=1"><img src="https://m.media-amazon.com/images/I/31vIe0FIEML._SL500_.jpg" alt="Product Image"></a><p>NYX PROFESSIONAL MAKEUP Bare With Me Concealer Serum, Up To 24Hr Hydration - Vanilla</p><p>$9.00</p><a href="https://www.amazon.com/dp/B09HNMRQN2?tag=eloabder-20&linkCode=osi&th=1&psc=1">View Product</a></div><div class="product"><a href="https://www.amazon.com/dp/B06XQWS1N9?tag=eloabder-20&linkCode=osi&th=1&psc=1"><img src="https://m.media-amazon.com/images/I/31rKumTg1GL._SL500_.jpg" alt="Product Image"></a><p>COVERGIRL Smoothers Concealer, Medium 715, 0.14 ounce (packaging may vary)</p><p>$7.28</p><a href="https://www.amazon.com/dp/B06XQWS1N9?tag=eloabder-20&linkCode=osi&th=1&psc=1">View Product</a></div><div class="product"><a href="https://www.amazon.com/dp/B07H67H5LH?tag=eloabder-20&linkCode=osi&th=1&psc=1"><img src="https://m.media-amazon.com/images/I/31bWoYCj-nL._SL500_.jpg" alt="Product Image"></a><p>L'Oreal Paris Makeup Infallible Full Wear Waterproof Matte Concealer, Full Coverage, Ivory, 0.33 fl. oz.</p><p>$11.45</p><a href="https://www.amazon.com/dp/B07H67H5LH?tag=eloabder-20&linkCode=osi&th=1&psc=1">View Product</a></div><div class="product"><a href="https://www.amazon.com/dp/B0B51NLJWQ?tag=eloabder-20&linkCode=osi&th=1&psc=1"><img src="https://m.media-amazon.com/images/I/31GXqccxM0L._SL500_.jpg" alt="Product Image"></a><p>Fièra Luxury Concealer with Anti-Aging - All Day Coverage for Dark Circles, Fine Lines, Wrinkles & Spots - Neutral Beige, 0.5 Ounce</p><p>$27.00</p><a href="https://www.amazon.com/dp/B0B51NLJWQ?tag=eloabder-20&linkCode=osi&th=1&psc=1">View Product</a></div>
<div class="product"><a href="https://www.amazon.com/dp/B01IM0LVFC?tag=eloabder-20&linkCode=osi&th=1&psc=1"><img src="https://m.media-amazon.com/images/I/31r47BdfjGL._SL500_.jpg" alt="Product Image"></a><p>e.l.f. Prime & Stay Finishing Powder, Sets Makeup, Controls Shine & Smooths Complexion, Sheer, 0.18 Oz (5g)</p><p>$4.00</p><a href="https://www.amazon.com/dp/B01IM0LVFC?tag=eloabder-20&linkCode=osi&th=1&psc=1">View Product</a></div><div class="product"><a href="https://www.amazon.com/dp/B004GC74GG?tag=eloabder-20&linkCode=osi&th=1&psc=1"><img src="https://m.media-amazon.com/images/I/41kZTeBUCSL._SL500_.jpg" alt="Product Image"></a><p>Revlon Face Powder, ColorStay 16 Hour Face Makeup, Longwear Medium- Full Coverage with Flawless Finish, Shine & Oil Free, 880 Translucent, 0.3 Oz</p><p>$9.62</p><a href="https://www.amazon.com/dp/B004GC74GG?tag=eloabder-20&linkCode=osi&th=1&psc=1">View Product</a></div><div class="product"><a href="https://www.amazon.com/dp/B0CPFY5F7P?tag=eloabder-20&linkCode=osi&th=1&psc=1"><img src="https://m.media-amazon.com/images/I/41rYvHbKJ0L._SL500_.jpg" alt="Product Image"></a><p>e.l.f. Primer-Infused Bronzer, Long-Lasting, Lightweight & Buildable Powder Bronzer, Delivers A Matte Finish, Vegan & Cruelty-Free, Catching Rays</p><p>$7.00</p><a href="https://www.amazon.com/dp/B0CPFY5F7P?tag=eloabder-20&linkCode=osi&th=1&psc=1">View Product</a></div><div class="product"><a href="https://www.amazon.com/dp/B0B2VXZRHH?tag=eloabder-20&linkCode=osi&th=1&psc=1"><img src="https://m.media-amazon.com/images/I/41p6UtnQJWL._SL500_.jpg" alt="Product Image"></a><p>bareMinerals Barepro 16HR Skin-Perfecting Powder Foundation, Matte Pressed Powder Foundation Full Coverage with Plant-Based Squalene, Oil Control, Vegan</p><p>$42.00 ($150.00 / Ounce)</p><a href="https://www.amazon.com/dp/B0B2VXZRHH?tag=eloabder-20&linkCode=osi&th=1&psc=1">View Product</a></div><div class="product"><a href="https://www.amazon.com/dp/B0D4752RVV?tag=eloabder-20&linkCode=osi&th=1&psc=1"><img src="https://m.media-amazon.com/images/I/31WKVfT2bML._SL500_.jpg" alt="Product Image"></a><p>Revolution Beauty, Loose Baking Powder, Makeup Setting Powder, Long Lasting Coverage, Mattifies & Reduces Shine, Rose, 1.13 Oz</p><p>$8.00</p><a href="https://www.amazon.com/dp/B0D4752RVV?tag=eloabder-20&linkCode=osi&th=1&psc=1">View Product</a></div><div class="product"><a href="https://www.amazon.com/dp/B0C9LPPJ26?tag=eloabder-20&linkCode=osi&th=1&psc=1"><img src="https://m.media-amazon.com/images/I/51iWoZ-wkuL._SL500_.jpg" alt="Product Image"></a><p>AZUREBEAUTY 42 Pcs Dip Nails Powder Starter Kit, 32 Hot Pink Blue Purple Color Changing Spring Dipping Powder Liquid Set with Base Coat/Top Coat/Activator for French Manicure Salon DIY.</p><p>$19.99 ($19.99 / Count)</p><a href="https://www.amazon.com/dp/B0C9LPPJ26?tag=eloabder-20&linkCode=osi&th=1&psc=1">View Product</a></div><div class="product"><a href="https://www.amazon.com/dp/B0D2N1SZ9V?tag=eloabder-20&linkCode=osi&th=1&psc=1"><img src="https://m.media-amazon.com/images/I/41Ogu3bO7hL._SL500_.jpg" alt="Product Image"></a><p>Artdone Chrome Nail Powder Magic White Pearl Kit Mirror Effect Silver Metallic Holographic Dip Nail Powder For Resin Craft & Nail Art Decoration Iridescent Aurora Mermaid Pigment</p><p>$3.99 ($28.28 / Ounce)</p><a href="https://www.amazon.com/dp/B0D2N1SZ9V?tag=eloabder-20&linkCode=osi&th=1&psc=1">View Product</a></div><div class="product"><a href="https://www.amazon.com/dp/B0D19YQWSX?tag=eloabder-20&linkCode=osi&th=1&psc=1"><img src="https://m.media-amazon.com/images/I/21GbGbhBFWL._SL500_.jpg" alt="Product Image"></a><p>NYX PROFESSIONAL MAKEUP Brow Powder Louder Eyebrow Pencil, Brow Pencil with Buildable Volume For Up To 12HR Wear, Vegan Formula - Ash Brown</p><p>$6.00</p><a href="https://www.amazon.com/dp/B0D19YQWSX?tag=eloabder-20&linkCode=osi&th=1&psc=1">View Product</a></div><div class="product"><a href="https://www.amazon.com/dp/B00AOU5NVC?tag=eloabder-20&linkCode=osi&th=1&psc=1"><img src="https://m.media-amazon.com/images/I/31eI9oALZzL._SL500_.jpg" alt="Product Image"></a><p>Neutrogena Mineral Sheers Lightweight Loose Powder Makeup Foundation with Vitamins A, C, & E, Sheer to Medium Buildable Coverage, Skin Tone Enhancer, Face Redness Reducer, Nude 40,.19 oz</p><p>$5.72</p><a href="https://www.amazon.com/dp/B00AOU5NVC?tag=eloabder-20&linkCode=osi&th=1&psc=1">View Product</a></div>
<div class="product"><a href="https://www.amazon.com/dp/B07PNCB73M?tag=eloabder-20&linkCode=osi&th=1&psc=1"><img src="https://m.media-amazon.com/images/I/41+KYSFOLML._SL500_.jpg" alt="Product Image"></a><p>Milani Baked Blush - Petal Primavera (0.12 Ounce) Cruelty-Free Powder Blush - Shape, Contour & Highlight Face for a Shimmery or Matte Finish</p><p>$8.97</p><a href="https://www.amazon.com/dp/B07PNCB73M?tag=eloabder-20&linkCode=osi&th=1&psc=1">View Product</a></div><div class="product"><a href="https://www.amazon.com/dp/B0CPFYGNR7?tag=eloabder-20&linkCode=osi&th=1&psc=1"><img src="https://m.media-amazon.com/images/I/31EJvMa7jyL._SL500_.jpg" alt="Product Image"></a><p>e.l.f. Camo Liquid Blush, Long-lasting Liquid Blush For High-pigment Color, Creates A Soft, Dewy Finish, Vegan & Cruelty-free, Dusty Rosé</p><p>$7.00</p><a href="https://www.amazon.com/dp/B0CPFYGNR7?tag=eloabder-20&linkCode=osi&th=1&psc=1">View Product</a></div><div class="product"><a href="https://www.amazon.com/dp/B0CZ5HLDK9?tag=eloabder-20&linkCode=osi&th=1&psc=1"><img src="https://m.media-amazon.com/images/I/41rZu1cS8QL._SL500_.jpg" alt="Product Image"></a><p>NYX PROFESSIONAL MAKEUP Buttermelt Powder Blush, Fade and Transfer-Resistant Blush, Up to 12HR Make Up Wear, Vegan Formula - For The Butta</p><p>$9.97</p><a href="https://www.amazon.com/dp/B0CZ5HLDK9?tag=eloabder-20&linkCode=osi&th=1&psc=1">View Product</a></div><div class="product"><a href="https://www.amazon.com/dp/B06XDNPXD1?tag=eloabder-20&linkCode=osi&th=1&psc=1"><img src="https://m.media-amazon.com/images/I/41IryPTf51L._SL500_.jpg" alt="Product Image"></a><p>Maybelline Fit Me Powder Blush, Lightweight, Smooth, Blendable, Long-lasting All-Day Face Enhancing Makeup Color, Mauve, 1 Count</p><p>$4.62</p><a href="https://www.amazon.com/dp/B06XDNPXD1?tag=eloabder-20&linkCode=osi&th=1&psc=1">View Product</a></div><div class="product"><a href="https://www.amazon.com/dp/B082YPNTZ4?tag=eloabder-20&linkCode=osi&th=1&psc=1"><img src="https://m.media-amazon.com/images/I/41vtXkWXs8L._SL500_.jpg" alt="Product Image"></a><p>wet n wild Color Icon Blush, Effortless Glow & Seamless Blend infused with Luxuriously Smooth Jojoba Oil, Sheer Finish with a Matte Natural Glow, Cruelty-Free & Vegan - Pinch Me Pink</p><p>$3.28</p><a href="https://www.amazon.com/dp/B082YPNTZ4?tag=eloabder-20&linkCode=osi&th=1&psc=1">View Product</a></div><div class="product"><a href="https://www.amazon.com/dp/B0CPFWJJQJ?tag=eloabder-20&linkCode=osi&th=1&psc=1"><img src="https://m.media-amazon.com/images/I/41+GdEwyGqL._SL500_.jpg" alt="Product Image"></a><p>e.l.f. Primer-Infused Matte Blush, Long-Lasting, Lightweight & Buildable Powder Blush, Delivers A Matte Finish, Vegan & Cruelty-Free, Always Crushing</p><p>$7.00</p><a href="https://www.amazon.com/dp/B0CPFWJJQJ?tag=eloabder-20&linkCode=osi&th=1&psc=1">View Product</a></div><div class="product"><a href="https://www.amazon.com/dp/B0B64GX5LN?tag=eloabder-20&linkCode=osi&th=1&psc=1"><img src="https://m.media-amazon.com/images/I/31aZBeyUSsL._SL500_.jpg" alt="Product Image"></a><p>LAURA GELLER NEW YORK Serum Blush Tint, Lightweight Liquid Blush for Cheeks, Weightless Watercolor Sheer Finish, Practical Pink</p><p>$15.74</p><a href="https://www.amazon.com/dp/B0B64GX5LN?tag=eloabder-20&linkCode=osi&th=1&psc=1">View Product</a></div><div class="product"><a href="https://www.amazon.com/dp/B0BHFBBH25?tag=eloabder-20&linkCode=osi&th=1&psc=1"><img src="https://m.media-amazon.com/images/I/31uqOuPPf5L._SL500_.jpg" alt="Product Image"></a><p>SHEGLAM Color Bloom Liquid Blush Makeup for Cheeks Matte Finish - Love Cake</p><p>$6.99</p><a href="https://www.amazon.com/dp/B0BHFBBH25?tag=eloabder-20&linkCode=osi&th=1&psc=1">View Product</a></div><div class="product"><a href="https://www.amazon.com/dp/B00J56D0G6?tag=eloabder-20&linkCode=osi&th=1&psc=1"><img src="https://m.media-amazon.com/images/I/31MVN0QAhfL._SL500_.jpg" alt="Product Image"></a><p>e.l.f. Cosmetics Powder Blush Palette, Four Blush Shades for Beautiful, Long-Lasting Pigment, Light</p><p>$6.00</p><a href="https://www.amazon.com/dp/B00J56D0G6?tag=eloabder-20&linkCode=osi&th=1&psc=1">View Product</a></div><div class="product"><a href="https://www.amazon.com/dp/B07J47FHR1?tag=eloabder-20&linkCode=osi&th=1&psc=1"><img src="https://m.media-amazon.com/images/I/41Xyor9x2SL._SL500_.jpg" alt="Product Image"></a><p>Nars Blush in ORGASM Full Size 0.16 oz. / 4.8 g in Retail Box New Edition</p><p>$22.00</p><a href="https://www.amazon.com/dp/B07J47FHR1?tag=eloabder-20&linkCode=osi&th=1&psc=1">View Product</a></div>
<div class="product"><a href="https://www.amazon.com/dp/B018B8Q5Z6?tag=eloabder-20&linkCode=osi&th=1&psc=1"><img src="https://m.media-amazon.com/images/I/41D9ZHQRaSL._SL500_.jpg" alt="Product Image"></a><p>Physicians Formula Murumuru Butter Bronzer, Moisturizing, Nourishing Murumuru Butter Blend for Silky All-Day Luminous Glow, Dermatologist Tested, Hypoallergenic, Vegan & Cruelty-Free -Bronzer</p><p>$12.15</p><a href="https://www.amazon.com/dp/B018B8Q5Z6?tag=eloabder-20&linkCode=osi&th=1&psc=1">View Product</a></div><div class="product"><a href="https://www.amazon.com/dp/B001B0H82Q?tag=eloabder-20&linkCode=osi&th=1&psc=1"><img src="https://m.media-amazon.com/images/I/41I3B-YoLkL._SL500_.jpg" alt="Product Image"></a><p>Rimmel London Natural - 022 Sun Bronze - Bronzer, Matte Finish, 0.49oz</p><p>$4.49</p><a href="https://www.amazon.com/dp/B001B0H82Q?tag=eloabder-20&linkCode=osi&th=1&psc=1">View Product</a></div><div class="product"><a href="https://www.amazon.com/dp/B0BM5HX7DN?tag=eloabder-20&linkCode=osi&th=1&psc=1"><img src="https://m.media-amazon.com/images/I/41DwoHQgzsL._SL500_.jpg" alt="Product Image"></a><p>Benefit Hoola Matte Bronzer Mini 0.08 Ounce</p><p>$17.85</p><a href="https://www.amazon.com/dp/B0BM5HX7DN?tag=eloabder-20&linkCode=osi&th=1&psc=1">View Product</a></div><div class="product"><a href="https://www.amazon.com/dp/B07M7NGVW7?tag=eloabder-20&linkCode=osi&th=1&psc=1"><img src="https://m.media-amazon.com/images/I/51dvod9PjTL._SL500_.jpg" alt="Product Image"></a><p>wet n wild Color Icon Bronzer What Shady Beaches</p><p>$2.96</p><a href="https://www.amazon.com/dp/B07M7NGVW7?tag=eloabder-20&linkCode=osi&th=1&psc=1">View Product</a></div><div class="product"><a href="https://www.amazon.com/dp/B07ZR187P5?tag=eloabder-20&linkCode=osi&th=1&psc=1"><img src="https://m.media-amazon.com/images/I/410nkMFZLYL._SL500_.jpg" alt="Product Image"></a><p>e.l.f. Primer-infused Bronzer, Long-Wear, Matte, Bold, Lightweight, Blends Easily, Contours Cheeks, Forever Sun Kissed, All-Day Wear, 0.35 Oz</p><p>$7.00 ($20.00 / Ounce)</p><a href="https://www.amazon.com/dp/B07ZR187P5?tag=eloabder-20&linkCode=osi&th=1&psc=1">View Product</a></div><div class="product"><a href="https://www.amazon.com/dp/B0CPFVTY7M?tag=eloabder-20&linkCode=osi&th=1&psc=1"><img src="https://m.media-amazon.com/images/I/41rO68Q0mlL._SL500_.jpg" alt="Product Image"></a><p>e.l.f. Primer-Infused Bronzer, Long-Lasting, Lightweight & Buildable Powder Bronzer, Delivers A Matte Finish, Vegan & Cruelty-Free, Fresh Tan</p><p>$7.00</p><a href="https://www.amazon.com/dp/B0CPFVTY7M?tag=eloabder-20&linkCode=osi&th=1&psc=1">View Product</a></div><div class="product"><a href="https://www.amazon.com/dp/B00518N3VE?tag=eloabder-20&linkCode=osi&th=1&psc=1"><img src="https://m.media-amazon.com/images/I/41SzIseWK6L._SL500_.jpg" alt="Product Image"></a><p>Milani Baked Bronzer - Glow, Cruelty-Free Shimmer Bronzing Powder to Use For Contour Makeup, Highlighters Makeup, Bronzer Makeup, 0.25 Ounce</p><p>$9.97 ($39.88 / Ounce)</p><a href="https://www.amazon.com/dp/B00518N3VE?tag=eloabder-20&linkCode=osi&th=1&psc=1">View Product</a></div><div class="product"><a href="https://www.amazon.com/dp/B006WZ9O72?tag=eloabder-20&linkCode=osi&th=1&psc=1"><img src="https://m.media-amazon.com/images/I/51rDNo9JnqL._SL500_.jpg" alt="Product Image"></a><p>Physicians Formula Bronze Booster Glow-Boosting Season-to-Season, Customizable Seasonal Glow Glow, Lasting Tan Boost, Hypoallergenic Powder, Cruelty-Free & Hypoallergenic- Light-to-Medium</p><p>$12.98</p><a href="https://www.amazon.com/dp/B006WZ9O72?tag=eloabder-20&linkCode=osi&th=1&psc=1">View Product</a></div><div class="product"><a href="https://www.amazon.com/dp/B0CNTYPSSZ?tag=eloabder-20&linkCode=osi&th=1&psc=1"><img src="https://m.media-amazon.com/images/I/416D4Z7hQ8L._SL500_.jpg" alt="Product Image"></a><p>Milani Cheek Kiss Cream Bronzer-110 Hey Honey</p><p>$9.97</p><a href="https://www.amazon.com/dp/B0CNTYPSSZ?tag=eloabder-20&linkCode=osi&th=1&psc=1">View Product</a></div><div class="product"><a href="https://www.amazon.com/dp/B0CVNKP1FM?tag=eloabder-20&linkCode=osi&th=1&psc=1"><img src="https://m.media-amazon.com/images/I/41v4UlIsUOL._SL500_.jpg" alt="Product Image"></a><p>NYX PROFESSIONAL MAKEUP Matte Buttermelt Bronzer, Longwear Face Makeup with Up to 12 Hours of Wear, Vegan Formula - Butta Than U</p><p>$7.70</p><a href="https://www.amazon.com/dp/B0CVNKP1FM?tag=eloabder-20&linkCode=osi&th=1&psc=1">View Product</a></div>
<div class="product"><a href="https://www.amazon.com/dp/B09288DSSX?tag=eloabder-20&linkCode=osi&th=1&psc=1"><img src="https://m.media-amazon.com/images/I/417z6evbmhL._SL500_.jpg" alt="Product Image"></a><p>KYDA Face Highlighter Palette, High Glossy Face Illuminator Palette, Narutal Glow Finish, Pearl Shimmer Smooth Baked Powder, Lasting Sparkling Highlighter Makeup-SUN GLOW</p><p>$9.99</p><a href="https://www.amazon.com/dp/B09288DSSX?tag=eloabder-20&linkCode=osi&th=1&psc=1">View Product</a></div><div class="product"><a href="https://www.amazon.com/dp/B0C41PSDZF?tag=eloabder-20&linkCode=osi&th=1&psc=1"><img src="https://m.media-amazon.com/images/I/41FLNU-tL-L._SL500_.jpg" alt="Product Image"></a><p>NYX PROFESSIONAL MAKEUP, Jumbo Multi-Use Face Highlighter Stick - Vanilla Ice Cream</p><p>$6.00</p><a href="https://www.amazon.com/dp/B0C41PSDZF?tag=eloabder-20&linkCode=osi&th=1&psc=1">View Product</a></div><div class="product"><a href="https://www.amazon.com/dp/B082YPL2SV?tag=eloabder-20&linkCode=osi&th=1&psc=1"><img src="https://m.media-amazon.com/images/I/51Y+MCkwArL._SL500_.jpg" alt="Product Image"></a><p>Wet n Wild MegaGlo Blushlighter, Blendable Blush & Highlighter Set, Shimmery Metallic Finish, Highlight Bling</p><p>$5.47</p><a href="https://www.amazon.com/dp/B082YPL2SV?tag=eloabder-20&linkCode=osi&th=1&psc=1">View Product</a></div><div class="product"><a href="https://www.amazon.com/dp/B07QPY11KY?tag=eloabder-20&linkCode=osi&th=1&psc=1"><img src="https://m.media-amazon.com/images/I/312T7p8cW6L._SL500_.jpg" alt="Product Image"></a><p>Revolution Beauty, Reloaded Pressed Powder Highlighter, Intensely Pigmented for a High Impact Dewy Finish, Dare To Divulge, 0.22 Oz.</p><p>$6.98</p><a href="https://www.amazon.com/dp/B07QPY11KY?tag=eloabder-20&linkCode=osi&th=1&psc=1">View Product</a></div><div class="product"><a href="https://www.amazon.com/dp/B0C6V67KJW?tag=eloabder-20&linkCode=osi&th=1&psc=1"><img src="https://m.media-amazon.com/images/I/31Yh8b8JEjL._SL500_.jpg" alt="Product Image"></a><p>e.l.f. Halo Glow Highlight Beauty Wand, Liquid Highlighter Wand For Luminous, Glowing Skin, Buildable Formula, Vegan & Cruelty-free,Champagne Campaign</p><p>$9.00</p><a href="https://www.amazon.com/dp/B0C6V67KJW?tag=eloabder-20&linkCode=osi&th=1&psc=1">View Product</a></div><div class="product"><a href="https://www.amazon.com/dp/B073WMG59J?tag=eloabder-20&linkCode=osi&th=1&psc=1"><img src="https://m.media-amazon.com/images/I/51fz8bpJNNL._SL500_.jpg" alt="Product Image"></a><p>wet n wild MegaGlo Highlighting Powder, Highlighter Makeup, Shimmer Glow, Pink Rose Gold Blossom Glow</p><p>$5.47</p><a href="https://www.amazon.com/dp/B073WMG59J?tag=eloabder-20&linkCode=osi&th=1&psc=1">View Product</a></div><div class="product"><a href="https://www.amazon.com/dp/B074PTZCNW?tag=eloabder-20&linkCode=osi&th=1&psc=1"><img src="https://m.media-amazon.com/images/I/31btEAGukiL._SL500_.jpg" alt="Product Image"></a><p>L'Oreal Paris Makeup True Match Lumi Glotion, Natural Glow Enhancer, Illuminator Highlighter Skin Tint, for an All Day Radiant Glow, Light, 1.35 Ounces</p><p>$12.74</p><a href="https://www.amazon.com/dp/B074PTZCNW?tag=eloabder-20&linkCode=osi&th=1&psc=1">View Product</a></div><div class="product"><a href="https://www.amazon.com/dp/B0BD9HYBKD?tag=eloabder-20&linkCode=osi&th=1&psc=1"><img src="https://m.media-amazon.com/images/I/319tXl8nMUL._SL500_.jpg" alt="Product Image"></a><p>LAURA GELLER NEW YORK Baked Natural Glow Highlighter Radiance Enhancing Makeup, French Vanilla</p><p>$18.99</p><a href="https://www.amazon.com/dp/B0BD9HYBKD?tag=eloabder-20&linkCode=osi&th=1&psc=1">View Product</a></div><div class="product"><a href="https://www.amazon.com/dp/B075K784FK?tag=eloabder-20&linkCode=osi&th=1&psc=1"><img src="https://m.media-amazon.com/images/I/51q6Nf009iL._SL500_.jpg" alt="Product Image"></a><p>Physicians Formula Murumuru Butter Highlighter Makeup Face Powder Make Up, Pearl, Dermatologist Approved</p><p>$10.00</p><a href="https://www.amazon.com/dp/B075K784FK?tag=eloabder-20&linkCode=osi&th=1&psc=1">View Product</a></div><div class="product"><a href="https://www.amazon.com/dp/B083574V27?tag=eloabder-20&linkCode=osi&th=1&psc=1"><img src="https://m.media-amazon.com/images/I/41fyFVpDrXL._SL500_.jpg" alt="Product Image"></a><p>Milani Baked Highlighter (Dolce Perla) - Cruelty-Free Powder Highlighter, Highlight Face for a Shimmery or Matte Finish</p><p>$10.97 ($39.18 / Ounce)</p><a href="https://www.amazon.com/dp/B083574V27?tag=eloabder-20&linkCode=osi&th=1&psc=1">View Product</a></div>
<div class="product"><a href="https://www.amazon.com/dp/B09XMYFTB7?tag=eloabder-20&linkCode=osi&th=1&psc=1"><img src="https://m.media-amazon.com/images/I/31t+Ua+JWSL._SL500_.jpg" alt="Product Image"></a><p>e.l.f. Power Grip Primer, Gel-Based & Hydrating Face Primer For Smoothing Skin & Gripping Makeup, Moisturizes & Primes, 0.811 Fl Oz (24 ml)</p><p>$9.98</p><a href="https://www.amazon.com/dp/B09XMYFTB7?tag=eloabder-20&linkCode=osi&th=1&psc=1">View Product</a></div><div class="product"><a href="https://www.amazon.com/dp/B07BHB7QBN?tag=eloabder-20&linkCode=osi&th=1&psc=1"><img src="https://m.media-amazon.com/images/I/31kMxA9EhWL._SL500_.jpg" alt="Product Image"></a><p>Maybelline New York Facestudio Master Prime Primer Makeup, Blur + Pore Minimize, 1 fl. oz.</p><p>$8.99</p><a href="https://www.amazon.com/dp/B07BHB7QBN?tag=eloabder-20&linkCode=osi&th=1&psc=1">View Product</a></div><div class="product"><a href="https://www.amazon.com/dp/B00JZ4V6V4?tag=eloabder-20&linkCode=osi&th=1&psc=1"><img src="https://m.media-amazon.com/images/I/31jO7qDk9zL._SL500_.jpg" alt="Product Image"></a><p>e.l.f. Poreless Face Primer, Restoring Makeup Primer For A Flawless, Smooth Canvas, Infused With Tea Tree & Vitamin A, Vegan & Cruelty-Free, 0.47 Fl Oz</p><p>$7.83</p><a href="https://www.amazon.com/dp/B00JZ4V6V4?tag=eloabder-20&linkCode=osi&th=1&psc=1">View Product</a></div><div class="product"><a href="https://www.amazon.com/dp/B0BQQS5GBQ?tag=eloabder-20&linkCode=osi&th=1&psc=1"><img src="https://m.media-amazon.com/images/I/31TLdF8cy8L._SL500_.jpg" alt="Product Image"></a><p>e.l.f. Power Grip Primer + 4% Niacinamide, Gel-Based & Hydrating Face Primer, Evens Skin & Brightens, Grips Makeup, Vegan & Cruelty-Free, 0.8 Fl Oz</p><p>$10.00</p><a href="https://www.amazon.com/dp/B0BQQS5GBQ?tag=eloabder-20&linkCode=osi&th=1&psc=1">View Product</a></div><div class="product"><a href="https://www.amazon.com/dp/B07NSH2B4D?tag=eloabder-20&linkCode=osi&th=1&psc=1"><img src="https://m.media-amazon.com/images/I/31gmpEmsBmL._SL500_.jpg" alt="Product Image"></a><p>e.l.f. Poreless Putty Primer, Silky, Skin-Perfecting, Lightweight, Long Lasting, Smooths, Hydrates, Minimizes Pores, Flawless Base & Finish, All-Day Wear, Ideal for All Skin Types, 0.74 Fl Oz</p><p>$10.00</p><a href="https://www.amazon.com/dp/B07NSH2B4D?tag=eloabder-20&linkCode=osi&th=1&psc=1">View Product</a></div><div class="product"><a href="https://www.amazon.com/dp/B09WYT4QTJ?tag=eloabder-20&linkCode=osi&th=1&psc=1"><img src="https://m.media-amazon.com/images/I/214qTbvzjrL._SL500_.jpg" alt="Product Image"></a><p>Smashbox The Original Photo Finish Smooth & Blur Oil-Free Makeup Primer - Infused with Vitamin A & E, Reduces The Appearance of Fine Lines and Pores - Travel Size, 0.34 fl oz</p><p>$16.00 ($47.06 / Ounce)</p><a href="https://www.amazon.com/dp/B09WYT4QTJ?tag=eloabder-20&linkCode=osi&th=1&psc=1">View Product</a></div><div class="product"><a href="https://www.amazon.com/dp/B07PQN4XZ1?tag=eloabder-20&linkCode=osi&th=1&psc=1"><img src="https://m.media-amazon.com/images/I/31BdxqUi-iL._SL500_.jpg" alt="Product Image"></a><p>Milk Makeup Hydro Grip Primer - 0.33 fl oz - Hydrates & Grips Makeup for Up to 12 Hours - Prevents Caking - All Skin Types - Fragrance-Free - Vegan, Cruelty Free</p><p>$20.00 ($60.61 / Fl Oz)</p><a href="https://www.amazon.com/dp/B07PQN4XZ1?tag=eloabder-20&linkCode=osi&th=1&psc=1">View Product</a></div><div class="product"><a href="https://www.amazon.com/dp/B00HVI8WYU?tag=eloabder-20&linkCode=osi&th=1&psc=1"><img src="https://m.media-amazon.com/images/I/31educzzSsL._SL500_.jpg" alt="Product Image"></a><p>e.l.f. Hydrating Face Primer, Makeup Primer For Flawless, Smooth Skin & Long-Lasting Makeup, Fills In Pores & Fine Lines, Vegan & Cruelty-free, Small</p><p>$8.00</p><a href="https://www.amazon.com/dp/B00HVI8WYU?tag=eloabder-20&linkCode=osi&th=1&psc=1">View Product</a></div><div class="product"><a href="https://www.amazon.com/dp/B07BHBDN3Y?tag=eloabder-20&linkCode=osi&th=1&psc=1"><img src="https://m.media-amazon.com/images/I/3173qcBCyFL._SL500_.jpg" alt="Product Image"></a><p>Maybelline New York Facestudio Master Prime Primer Makeup, Blur+ Defend, 1 fl. oz.</p><p>$9.77</p><a href="https://www.amazon.com/dp/B07BHBDN3Y?tag=eloabder-20&linkCode=osi&th=1&psc=1">View Product</a></div><div class="product"><a href="https://www.amazon.com/dp/B00I9X3UKM?tag=eloabder-20&linkCode=osi&th=1&psc=1"><img src="https://m.media-amazon.com/images/I/31Bx9WdmmdL._SL500_.jpg" alt="Product Image"></a><p>Rimmel London Stay Matte - 003 - Primer, Ultra-Lightweight, Controls Shine, Doesn’t Feel Greasy, 1oz</p><p>$5.97</p><a href="https://www.amazon.com/dp/B00I9X3UKM?tag=eloabder-20&linkCode=osi&th=1&psc=1">View Product</a></div>
<div class="product"><a href="https://www.amazon.com/dp/B008C131AK?tag=eloabder-20&linkCode=osi&th=1&psc=1"><img src="https://m.media-amazon.com/images/I/41EVShOq3PL._SL500_.jpg" alt="Product Image"></a><p>Maybelline Dream Fresh Skin Hydrating BB cream, 8-in-1 Skin Perfecting Beauty Balm with Broad Spectrum SPF 30, Sheer Tint Coverage, Oil-Free, Medium, 1 Fl Oz</p><p>$7.99</p><a href="https://www.amazon.com/dp/B008C131AK?tag=eloabder-20&linkCode=osi&th=1&psc=1">View Product</a></div><div class="product"><a href="https://www.amazon.com/dp/B0084A5PWQ?tag=eloabder-20&linkCode=osi&th=1&psc=1"><img src="https://m.media-amazon.com/images/I/31RjcO5JPeL._SL500_.jpg" alt="Product Image"></a><p>L'Oréal Paris Makeup Magic Skin Beautifier BB Cream Tinted Moisturizer, Medium, 1 fl oz, 1 Count</p><p>$9.98</p><a href="https://www.amazon.com/dp/B0084A5PWQ?tag=eloabder-20&linkCode=osi&th=1&psc=1">View Product</a></div><div class="product"><a href="https://www.amazon.com/dp/B002B9DWBC?tag=eloabder-20&linkCode=osi&th=1&psc=1"><img src="https://m.media-amazon.com/images/I/41ZejVfTaoL._SL500_.jpg" alt="Product Image"></a><p>MISSHA M Perfect BB Cream No.21 Light Beige for Bright Skin SPF 42 PA +++ 1.69 Fl Oz - Tinted Moisturizer for face with SPF</p><p>$9.90</p><a href="https://www.amazon.com/dp/B002B9DWBC?tag=eloabder-20&linkCode=osi&th=1&psc=1">View Product</a></div><div class="product"><a href="https://www.amazon.com/dp/B00KJ82CN6?tag=eloabder-20&linkCode=osi&th=1&psc=1"><img src="https://m.media-amazon.com/images/I/41VM3jcO3oS._SL500_.jpg" alt="Product Image"></a><p>Maybelline Dream Pure Skin Clearing BB Cream, 8-in-1 Skin Perfecting Beauty Balm With 2% Salicylic Acid, Sheer Tint Coverage, Oil-Free, Light/Medium, 1 Count</p><p>$7.99</p><a href="https://www.amazon.com/dp/B00KJ82CN6?tag=eloabder-20&linkCode=osi&th=1&psc=1">View Product</a></div><div class="product"><a href="https://www.amazon.com/dp/B000V33OGS?tag=eloabder-20&linkCode=osi&th=1&psc=1"><img src="https://m.media-amazon.com/images/I/41I8dzKEI+L._SL500_.jpg" alt="Product Image"></a><p>COVERGIRL Smoothers Lightweight BB Cream, Fair to Light 805, 1.35 oz (Packaging May Vary) Lightweight Hydrating 10-In-1 Skin Enhancer with SPF 21 UV Protection</p><p>$6.97</p><a href="https://www.amazon.com/dp/B000V33OGS?tag=eloabder-20&linkCode=osi&th=1&psc=1">View Product</a></div><div class="product"><a href="https://www.amazon.com/dp/B01E527F38?tag=eloabder-20&linkCode=osi&th=1&psc=1"><img src="https://m.media-amazon.com/images/I/31jXYhER5QL._SL500_.jpg" alt="Product Image"></a><p>COVERGIRL - Clean Matte BB Cream, Oil-Free, Long-Lasting, Sensitive Skin, Lightweight, 100% Cruelty-Free</p><p>$7.99</p><a href="https://www.amazon.com/dp/B01E527F38?tag=eloabder-20&linkCode=osi&th=1&psc=1">View Product</a></div><div class="product"><a href="https://www.amazon.com/dp/B07WTX6SKL?tag=eloabder-20&linkCode=osi&th=1&psc=1"><img src="https://m.media-amazon.com/images/I/41mtjVTdh3L._SL500_.jpg" alt="Product Image"></a><p>MISSHA M Perfect Cover BB Cream No.13 Bright Beige for Fair Skin SPF 42 PA +++ 1.69 Fl Oz - Tinted Moisturizer for face with SPF</p><p>$9.70 ($5.74 / Fl Oz)</p><a href="https://www.amazon.com/dp/B07WTX6SKL?tag=eloabder-20&linkCode=osi&th=1&psc=1">View Product</a></div><div class="product"><a href="https://www.amazon.com/dp/B09BYL7M3G?tag=eloabder-20&linkCode=osi&th=1&psc=1"><img src="https://m.media-amazon.com/images/I/41t-BZ1FdOL._SL500_.jpg" alt="Product Image"></a><p>purlisse Ageless Glow Serum BB Cream SPF 40 : Clean & Cruelty-Free, Full & Flawless Coverage, Hydrates with Collagen | Light 1.4oz</p><p>$39.00 ($37.50 / Fl Oz)</p><a href="https://www.amazon.com/dp/B09BYL7M3G?tag=eloabder-20&linkCode=osi&th=1&psc=1">View Product</a></div><div class="product"><a href="https://www.amazon.com/dp/B08JCK7LSN?tag=eloabder-20&linkCode=osi&th=1&psc=1"><img src="https://m.media-amazon.com/images/I/31KzNyZ7WBL._SL500_.jpg" alt="Product Image"></a><p>PURITO Cica Clearing BB Cream #21 Light Beige 1 fl.oz / 30ml, Vegan bb cream, tinted</p><p>$12.00</p><a href="https://www.amazon.com/dp/B08JCK7LSN?tag=eloabder-20&linkCode=osi&th=1&psc=1">View Product</a></div><div class="product"><a href="https://www.amazon.com/dp/B01M9FG3PS?tag=eloabder-20&linkCode=osi&th=1&psc=1"><img src="https://m.media-amazon.com/images/I/41i-ftNWghL._SL500_.jpg" alt="Product Image"></a><p>pūrlisse Perfect Glow BB Cream SPF 30: Clean & Cruelty-Free, Medium Flawless Coverage, Hydrates with Jasmine | Light 1.4oz</p><p>$36.00 ($26.47 / Fl Oz)</p><a href="https://www.amazon.com/dp/B01M9FG3PS?tag=eloabder-20&linkCode=osi&th=1&psc=1">View Product</a></div>
<div class="product"><a href="https://www.amazon.com/dp/B00RZ4R0ZM?tag=eloabder-20&linkCode=osi&th=1&psc=1"><img src="https://m.media-amazon.com/images/I/41h3Z7gUh4L._SL500_.jpg" alt="Product Image"></a><p>IT Cosmetics Your Skin But Better CC+ Cream, Light (W) - Color Correcting Cream, Full-Coverage Foundation, Hydrating Serum & SPF 50+ Sunscreen - Natural Finish - 1.08 fl oz</p><p>$47.00 ($43.52 / Fl Oz)</p><a href="https://www.amazon.com/dp/B00RZ4R0ZM?tag=eloabder-20&linkCode=osi&th=1&psc=1">View Product</a></div><div class="product"><a href="https://www.amazon.com/dp/B09TSSR6TQ?tag=eloabder-20&linkCode=osi&th=1&psc=1"><img src="https://m.media-amazon.com/images/I/41YfZQIZVHL._SL500_.jpg" alt="Product Image"></a><p>Erborian Color Correcting CC Cream with cica, Tan (Dore) - Lightweight Multi-Purpose Foundation with Illuminating Finish Soothes & Hydrates - SPF Korean Skincare Skin Perfector - 1.5 Oz</p><p>$46.00 ($30.67 / Ounce)</p><a href="https://www.amazon.com/dp/B09TSSR6TQ?tag=eloabder-20&linkCode=osi&th=1&psc=1">View Product</a></div><div class="product"><a href="https://www.amazon.com/dp/B0CG67918Y?tag=eloabder-20&linkCode=osi&th=1&psc=1"><img src="https://m.media-amazon.com/images/I/31ZBRrlGQeL._SL500_.jpg" alt="Product Image"></a><p>Color Correcting CC Cream with SPF 25, Coverage Lightweight Foundation, Hydrating Serum, Even Skin Tone Makeup and Skin Care, Boost Radiance, Refine Skin Texture, Avoid Sun Damage (LightLight, 1PCS)</p><p>$9.99</p><a href="https://www.amazon.com/dp/B0CG67918Y?tag=eloabder-20&linkCode=osi&th=1&psc=1">View Product</a></div><div class="product"><a href="https://www.amazon.com/dp/B07GV322NS?tag=eloabder-20&linkCode=osi&th=1&psc=1"><img src="https://m.media-amazon.com/images/I/318Xp-z4BzL._SL500_.jpg" alt="Product Image"></a><p>IT Cosmetics Your Skin But Better CC+ Cream Illumination - Color Correcting Cream, Full-Coverage Foundation, Hydrating Serum & SPF 50+ Sunscreen Radiant Finish 1.08 fl oz</p><p>$47.00 ($43.52 / Fl Oz)</p><a href="https://www.amazon.com/dp/B07GV322NS?tag=eloabder-20&linkCode=osi&th=1&psc=1">View Product</a></div><div class="product"><a href="https://www.amazon.com/dp/B08TQMG68Q?tag=eloabder-20&linkCode=osi&th=1&psc=1"><img src="https://m.media-amazon.com/images/I/31WzGFVeXLL._SL500_.jpg" alt="Product Image"></a><p>e.l.f. Camo CC Cream, Color Correcting Medium-To-Full Coverage Foundation with SPF 30, Light 240 W, 1.05 Oz (30g)</p><p>$14.29</p><a href="https://www.amazon.com/dp/B08TQMG68Q?tag=eloabder-20&linkCode=osi&th=1&psc=1">View Product</a></div><div class="product"><a href="https://www.amazon.com/dp/B00HUA6LCO?tag=eloabder-20&linkCode=osi&th=1&psc=1"><img src="https://m.media-amazon.com/images/I/31tzzIuzR3L._SL500_.jpg" alt="Product Image"></a><p>Physicians Formula Super CC+ Cream Color-Correction + Care Cream Full Coverage Light Foundation, Anti Aging Hydrating Serum, For Uneven Skin Tone, Dermatologist Approved</p><p>$12.30</p><a href="https://www.amazon.com/dp/B00HUA6LCO?tag=eloabder-20&linkCode=osi&th=1&psc=1">View Product</a></div><div class="product"><a href="https://www.amazon.com/dp/B00E4OQ63I?tag=eloabder-20&linkCode=osi&th=1&psc=1"><img src="https://m.media-amazon.com/images/I/31C4yvovnxL._SL500_.jpg" alt="Product Image"></a><p>Lumene Color Correcting CC Cream - Lightweight Foundation with Medium Coverage - Redness Reducing Face Makeup for a Glowing Complexion - Vegan Formula + Suitable for All Skin Types - Medium (1 fl oz)</p><p>$17.40 ($17.40 / Fl Oz)</p><a href="https://www.amazon.com/dp/B00E4OQ63I?tag=eloabder-20&linkCode=osi&th=1&psc=1">View Product</a></div><div class="product"><a href="https://www.amazon.com/dp/B09TSRF2Q8?tag=eloabder-20&linkCode=osi&th=1&psc=1"><img src="https://m.media-amazon.com/images/I/41lZpQCt9HL._SL500_.jpg" alt="Product Image"></a><p>Erborian Color Correcting CC Cream with Centella Asiatica, Red Correct - Light Multi-Purpose Facial Concealer with Illuminating Finish Soothes & Hydrates - SPF Korean Skincare Skin Perfector - 0.5 Oz</p><p>$25.00 ($50.00 / Ounce)</p><a href="https://www.amazon.com/dp/B09TSRF2Q8?tag=eloabder-20&linkCode=osi&th=1&psc=1">View Product</a></div><div class="product"><a href="https://www.amazon.com/dp/B00U3203IY?tag=eloabder-20&linkCode=osi&th=1&psc=1"><img src="https://m.media-amazon.com/images/I/31BL0K5i4vL._SL500_.jpg" alt="Product Image"></a><p>IT Cosmetics Your Skin But Better CC+ Cream Travel Size, Light (W) - Color Correcting Cream, Full-Coverage Foundation, Hydrating Serum & SPF 50+ Sunscreen - Natural Finish - 0.406 fl oz</p><p>$22.00 ($55.00 / Fl Oz)</p><a href="https://www.amazon.com/dp/B00U3203IY?tag=eloabder-20&linkCode=osi&th=1&psc=1">View Product</a></div>
<div class="product"><a href="https://www.amazon.com/dp/B0CG68RTBB?tag=eloabder-20&linkCode=osi&th=1&psc=1"><img src="https://m.media-amazon.com/images/I/51d8MhcTFdL._SL500_.jpg" alt="Product Image"></a><p>Contour Stick, Highlighter Stick, Blush Stick 3Pcs Cream Contour Kit with Contour Brush, Create Face Contour, Non-greasy, Waterproof Long-lasting Effect, Highlighter Makeup Stick for Beginner Medium</p><p>$6.64 ($1.72 / Ounce)</p><a href="https://www.amazon.com/dp/B0CG68RTBB?tag=eloabder-20&linkCode=osi&th=1&psc=1">View Product</a></div><div class="product"><a href="https://www.amazon.com/dp/B0B7713RZQ?tag=eloabder-20&linkCode=osi&th=1&psc=1"><img src="https://m.media-amazon.com/images/I/51pLW0sMwGL._SL500_.jpg" alt="Product Image"></a><p>4 Colors Cream Contour Sticks Makeup Kit, Primer Face Highlighter Contouring for Beginners, Highlight and Contour Kit, Cream Concealer Makeup Blur Stick, Primer Face Corrector 1#,3#</p><p>$9.98</p><a href="https://www.amazon.com/dp/B0B7713RZQ?tag=eloabder-20&linkCode=osi&th=1&psc=1">View Product</a></div><div class="product"><a href="https://www.amazon.com/dp/B014PVXY5W?tag=eloabder-20&linkCode=osi&th=1&psc=1"><img src="https://m.media-amazon.com/images/I/41Qf+n9Gn-L._SL500_.jpg" alt="Product Image"></a><p>Aesthetica Cosmetics Cream Contour and Highlighting Makeup Kit - Contouring Foundation/Concealer Palette - Vegan & Cruelty Free - Step-by-Step Instructions Included</p><p>$29.97 ($47.57 / Ounce)</p><a href="https://www.amazon.com/dp/B014PVXY5W?tag=eloabder-20&linkCode=osi&th=1&psc=1">View Product</a></div><div class="product"><a href="https://www.amazon.com/dp/B0CSCYCQTP?tag=eloabder-20&linkCode=osi&th=1&psc=1"><img src="https://m.media-amazon.com/images/I/41g9O0LMEpL._SL500_.jpg" alt="Product Image"></a><p>Umadit Contour Stick, Blush Stick, Highlighter Stick, Bronzer Stick, 3 Pcs Cream Contour Kit with Brush for a Flawless Look, Contour Stick Makeup Non-Greasy Waterproof, Long-lasting Fair-Medium</p><p>$14.99</p><a href="https://www.amazon.com/dp/B0CSCYCQTP?tag=eloabder-20&linkCode=osi&th=1&psc=1">View Product</a></div><div class="product"><a href="https://www.amazon.com/dp/B0C6MYW7FC?tag=eloabder-20&linkCode=osi&th=1&psc=1"><img src="https://m.media-amazon.com/images/I/51CRa+rR5yL._SL500_.jpg" alt="Product Image"></a><p>3Pcs Cream Contour Stick Makeup Kit,Shades with Highlighter Stick,Blush Stick and Bronzer Contour Stick for Sculpt the Cheeks,Long Lasting,Waterproof,Matte & Dewy Finish,LIGHT MEDIUM (#02,05,06)</p><p>$12.99</p><a href="https://www.amazon.com/dp/B0C6MYW7FC?tag=eloabder-20&linkCode=osi&th=1&psc=1">View Product</a></div><div class="product"><a href="https://www.amazon.com/dp/B074G44PVR?tag=eloabder-20&linkCode=osi&th=1&psc=1"><img src="https://m.media-amazon.com/images/I/41dMa+Rs2NL._SL500_.jpg" alt="Product Image"></a><p>W7 Lift & Sculpt Cream Contour Kit - Concealing, Highlighting & Contouring Makeup Palette - Step-by-Step Instructions Included</p><p>$6.29 ($8.99 / Ounce)</p><a href="https://www.amazon.com/dp/B074G44PVR?tag=eloabder-20&linkCode=osi&th=1&psc=1">View Product</a></div><div class="product"><a href="https://www.amazon.com/dp/B0045J2GKY?tag=eloabder-20&linkCode=osi&th=1&psc=1"><img src="https://m.media-amazon.com/images/I/31m4Yh07iZL._SL500_.jpg" alt="Product Image"></a><p>Smashbox Step-By-Step Contour, Highlighter, & Bronzer Face Palette with Angled Brush, Light/Medium</p><p>$40.00 ($100.00 / Ounce)</p><a href="https://www.amazon.com/dp/B0045J2GKY?tag=eloabder-20&linkCode=osi&th=1&psc=1">View Product</a></div><div class="product"><a href="https://www.amazon.com/dp/B0169YYBYQ?tag=eloabder-20&linkCode=osi&th=1&psc=1"><img src="https://m.media-amazon.com/images/I/31BGUv-HtUL._SL500_.jpg" alt="Product Image"></a><p>Maybelline Facestudio Master Contour Face Contouring Kit, Light to Medium, 1 Count</p><p>$9.98 ($28.51 / Ounce)</p><a href="https://www.amazon.com/dp/B0169YYBYQ?tag=eloabder-20&linkCode=osi&th=1&psc=1">View Product</a></div><div class="product"><a href="https://www.amazon.com/dp/B00HG1JMB4?tag=eloabder-20&linkCode=osi&th=1&psc=1"><img src="https://m.media-amazon.com/images/I/31wv1eTLSgL._SL500_.jpg" alt="Product Image"></a><p>Anastasia Beverly Hills Contour Powder Kit - Light to Medium Women 0.66 oz</p><p>$40.00 ($60.61 / Ounce)</p><a href="https://www.amazon.com/dp/B00HG1JMB4?tag=eloabder-20&linkCode=osi&th=1&psc=1">View Product</a></div><div class="product"><a href="https://www.amazon.com/dp/B0CZLKZ5MV?tag=eloabder-20&linkCode=osi&th=1&psc=1"><img src="https://m.media-amazon.com/images/I/41bkKtdgzlL._SL500_.jpg" alt="Product Image"></a><p>3Pcs Cream Contour Stick Makeup Kit, Shades with Highlighter Stick, Blush Stick and Bronzer Contour Stick for Sculpt the Cheeks, Long Lasting, Waterproof, Matte & Dewy Finish (LIGHT MEDIUM)</p><p>$9.99</p><a href="https://www.amazon.com/dp/B0CZLKZ5MV?tag=eloabder-20&linkCode=osi&th=1&psc=1">View Product</a></div>
<div class="product"><a href="https://www.amazon.com/dp/B00WZQTCS8?tag=eloabder-20&linkCode=osi&th=1&psc=1"><img src="https://m.media-amazon.com/images/I/41iVoW5QboL._SL500_.jpg" alt="Product Image"></a><p>NYX PROFESSIONAL MAKEUP Micro Brow Pencil, Eyebrow Pencil - Espresso</p><p>$7.33</p><a href="https://www.amazon.com/dp/B00WZQTCS8?tag=eloabder-20&linkCode=osi&th=1&psc=1">View Product</a></div><div class="product"><a href="https://www.amazon.com/dp/B01643FI0I?tag=eloabder-20&linkCode=osi&th=1&psc=1"><img src="https://m.media-amazon.com/images/I/21w1DpgxRoL._SL500_.jpg" alt="Product Image"></a><p>L'Oreal Paris Makeup Brow Stylist Definer Waterproof Eyebrow Pencil, Ultra-Fine Mechanical Pencil, Draws Tiny Brow Hairs and Fills in Sparse Areas and Gaps, Dark Brunette, 0.003 Ounce (Pack of 1)</p><p>$8.98</p><a href="https://www.amazon.com/dp/B01643FI0I?tag=eloabder-20&linkCode=osi&th=1&psc=1">View Product</a></div><div class="product"><a href="https://www.amazon.com/dp/B074VD4X7W?tag=eloabder-20&linkCode=osi&th=1&psc=1"><img src="https://m.media-amazon.com/images/I/41eK8J1W2rL._SL500_.jpg" alt="Product Image"></a><p>Maybelline Total Temptation Eyebrow Definer Pencil, Soft Brown, 1 Count</p><p>$8.99</p><a href="https://www.amazon.com/dp/B074VD4X7W?tag=eloabder-20&linkCode=osi&th=1&psc=1">View Product</a></div><div class="product"><a href="https://www.amazon.com/dp/B0797NNXS7?tag=eloabder-20&linkCode=osi&th=1&psc=1"><img src="https://m.media-amazon.com/images/I/31M1oepnAnL._SL500_.jpg" alt="Product Image"></a><p>wet n wild Ultimate Eyebrow Retractable Definer Pencil, Dark Brown, Dual-Sided, Fine Tip, Shapes, Defines, Fills Brows Makeup</p><p>$3.26</p><a href="https://www.amazon.com/dp/B0797NNXS7?tag=eloabder-20&linkCode=osi&th=1&psc=1">View Product</a></div><div class="product"><a href="https://www.amazon.com/dp/B0B52KG7YP?tag=eloabder-20&linkCode=osi&th=1&psc=1"><img src="https://m.media-amazon.com/images/I/31Mi4FEPxYL._SL500_.jpg" alt="Product Image"></a><p>e.l.f. Instant Lift Brow Pencil, Dual-Ended Precision Brow Pencils For Shaping & Defining Eyebrows, Vegan & Cruelty-Free, Neutral Brown, 2-Pack</p><p>$5.00</p><a href="https://www.amazon.com/dp/B0B52KG7YP?tag=eloabder-20&linkCode=osi&th=1&psc=1">View Product</a></div><div class="product"><a href="https://www.amazon.com/dp/B0CPFY8K8W?tag=eloabder-20&linkCode=osi&th=1&psc=1"><img src="https://m.media-amazon.com/images/I/21SmXiqZZYL._SL500_.jpg" alt="Product Image"></a><p>e.l.f. Instant Lift Waterproof Brow Pencil, Long-Lasting Eyebrow Pencil For Grooming & Shaping Brows, Vegan & Cruelty-free, Deep Brown</p><p>$4.00</p><a href="https://www.amazon.com/dp/B0CPFY8K8W?tag=eloabder-20&linkCode=osi&th=1&psc=1">View Product</a></div><div class="product"><a href="https://www.amazon.com/dp/B0779TDXZD?tag=eloabder-20&linkCode=osi&th=1&psc=1"><img src="https://m.media-amazon.com/images/I/31lQjBd5GoL._SL500_.jpg" alt="Product Image"></a><p>COVERGIRL - Easy Breezy Brow Micro-Fine + Define Pencil, Micro-fine tip, no sharpening required, Built-in spoolie-brush, 100% Cruelty-Free</p><p>$6.98</p><a href="https://www.amazon.com/dp/B0779TDXZD?tag=eloabder-20&linkCode=osi&th=1&psc=1">View Product</a></div><div class="product"><a href="https://www.amazon.com/dp/B001ESKLZQ?tag=eloabder-20&linkCode=osi&th=1&psc=1"><img src="https://m.media-amazon.com/images/I/31bw47frHzS._SL500_.jpg" alt="Product Image"></a><p>COVERGIRL - Easy Breezy Brow Fill + Define Brow Pencil, Sharpener Included, Long-Lasting, Deeply Pigmented, Blendable Formula, 100% Cruelty-Free</p><p>$4.47</p><a href="https://www.amazon.com/dp/B001ESKLZQ?tag=eloabder-20&linkCode=osi&th=1&psc=1">View Product</a></div><div class="product"><a href="https://www.amazon.com/dp/B0BZB5S5VZ?tag=eloabder-20&linkCode=osi&th=1&psc=1"><img src="https://m.media-amazon.com/images/I/21yggYcUn7L._SL500_.jpg" alt="Product Image"></a><p>Maybelline Express Brow Ultra Slim Eyebrow Makeup, Brow Pencil with Precision Tip and Spoolie for Defined Eyebrows, Ash Brown, 1 Count</p><p>$7.99</p><a href="https://www.amazon.com/dp/B0BZB5S5VZ?tag=eloabder-20&linkCode=osi&th=1&psc=1">View Product</a></div><div class="product"><a href="https://www.amazon.com/dp/B0D12PWNK6?tag=eloabder-20&linkCode=osi&th=1&psc=1"><img src="https://m.media-amazon.com/images/I/51u7eOlEtFL._SL500_.jpg" alt="Product Image"></a><p>iMethod Microblading Eyebrow Pen - Eyebrow Pencil Magical 2-in-1 Dual-Ended Eye Brow Pencils for Women with 4-Fork-Tip & Precise Brush-Tip Create Natural Hair-Like Brows, Last All-Day, Dark Brown</p><p>$14.97 ($14.97 / Count)</p><a href="https://www.amazon.com/dp/B0D12PWNK6?tag=eloabder-20&linkCode=osi&th=1&psc=1">View Product</a></div>
<div class="product"><a href="https://www.amazon.com/dp/B08M58SWB1?tag=eloabder-20&linkCode=osi&th=1&psc=1"><img src="https://m.media-amazon.com/images/I/310xAdliG2L._SL500_.jpg" alt="Product Image"></a><p>NYX PROFESSIONAL MAKEUP The Brow Glue, Extreme Hold Eyebrow Gel - Clear</p><p>$9.97</p><a href="https://www.amazon.com/dp/B08M58SWB1?tag=eloabder-20&linkCode=osi&th=1&psc=1">View Product</a></div><div class="product"><a href="https://www.amazon.com/dp/B0CXZHMR7J?tag=eloabder-20&linkCode=osi&th=1&psc=1"><img src="https://m.media-amazon.com/images/I/31Yeo2ybK3L._SL500_.jpg" alt="Product Image"></a><p>L'Oreal Paris Infallible Up To 24H Wear Brow Lamination, Water-Resistant Longwear Eyebrow Gel Make Up, Clear/Transparent, 0.16 Fl Oz</p><p>$10.98</p><a href="https://www.amazon.com/dp/B0CXZHMR7J?tag=eloabder-20&linkCode=osi&th=1&psc=1">View Product</a></div><div class="product"><a href="https://www.amazon.com/dp/B00INCDKDQ?tag=eloabder-20&linkCode=osi&th=1&psc=1"><img src="https://m.media-amazon.com/images/I/31av5tR14oL._SL500_.jpg" alt="Product Image"></a><p>NYX PROFESSIONAL MAKEUP Control Freak Eyebrow Gel - Clear</p><p>$5.25</p><a href="https://www.amazon.com/dp/B00INCDKDQ?tag=eloabder-20&linkCode=osi&th=1&psc=1">View Product</a></div><div class="product"><a href="https://www.amazon.com/dp/B0815D98F3?tag=eloabder-20&linkCode=osi&th=1&psc=1"><img src="https://m.media-amazon.com/images/I/21QZMOUJnZL._SL500_.jpg" alt="Product Image"></a><p>e.l.f. Wow Brow Gel, Volumizing, Buildable, Wax-Gel Hybrid, Creates Full, Voluminous-Looking Brows, Locks Brow Hairs In Place, Neutral Brown, Fiber-Infused, 0.12 Oz</p><p>$5.00</p><a href="https://www.amazon.com/dp/B0815D98F3?tag=eloabder-20&linkCode=osi&th=1&psc=1">View Product</a></div><div class="product"><a href="https://www.amazon.com/dp/B0CZ9RC3LP?tag=eloabder-20&linkCode=osi&th=1&psc=1"><img src="https://m.media-amazon.com/images/I/31iejSSA86L._SL500_.jpg" alt="Product Image"></a><p>Maybelline Super Lock Brow Glue Eyebrow Gel, Lightweight Brow Gel For Up To 24HR Hold, Clear, 1 Count</p><p>$8.98</p><a href="https://www.amazon.com/dp/B0CZ9RC3LP?tag=eloabder-20&linkCode=osi&th=1&psc=1">View Product</a></div><div class="product"><a href="https://www.amazon.com/dp/B07GYBFBLY?tag=eloabder-20&linkCode=osi&th=1&psc=1"><img src="https://m.media-amazon.com/images/I/41kXdvFl3lL._SL500_.jpg" alt="Product Image"></a><p>L'Oreal Paris Unbelieva-Brow Longwear Waterproof Tinted Brow Gel, Smudge-resistant, Transfer- Proof, Quick Drying, Easy and quick application with precise brush, Blonde, 0.15 fl. oz.</p><p>$14.99</p><a href="https://www.amazon.com/dp/B07GYBFBLY?tag=eloabder-20&linkCode=osi&th=1&psc=1">View Product</a></div><div class="product"><a href="https://www.amazon.com/dp/B0BSP2J3BH?tag=eloabder-20&linkCode=osi&th=1&psc=1"><img src="https://m.media-amazon.com/images/I/316Jdh8JQ8L._SL500_.jpg" alt="Product Image"></a><p>e.l.f. Clear Lash & Brow Mascara 2-Pack, Conditioning Clear Brow & Lash Gel For Grooming, Defining & Separating, Long-Lasting, Vegan & Cruelty-Free</p><p>$5.00</p><a href="https://www.amazon.com/dp/B0BSP2J3BH?tag=eloabder-20&linkCode=osi&th=1&psc=1">View Product</a></div><div class="product"><a href="https://www.amazon.com/dp/B0D3FGY5D6?tag=eloabder-20&linkCode=osi&th=1&psc=1"><img src="https://m.media-amazon.com/images/I/31aAxHQKwVL._SL500_.jpg" alt="Product Image"></a><p>e.l.f. Brow Laminating Gel, Strong-Hold, Clear-Drying & Water-Resistant Brow Gel Creates Laminated Brows, Comb & Sculpt Brows, Vegan & Cruelty-free</p><p>$8.00</p><a href="https://www.amazon.com/dp/B0D3FGY5D6?tag=eloabder-20&linkCode=osi&th=1&psc=1">View Product</a></div><div class="product"><a href="https://www.amazon.com/dp/B00GI21NZA?tag=eloabder-20&linkCode=osi&th=1&psc=1"><img src="https://m.media-amazon.com/images/I/31w5F4g8lsL._SL500_.jpg" alt="Product Image"></a><p>Anastasia Beverly Hills - Clear Brow Gel</p><p>$22.00 ($22.00 / Count)</p><a href="https://www.amazon.com/dp/B00GI21NZA?tag=eloabder-20&linkCode=osi&th=1&psc=1">View Product</a></div>
<div class="product"><a href="https://www.amazon.com/dp/B001AAVC7Y?tag=eloabder-20&linkCode=osi&th=1&psc=1"><img src="https://m.media-amazon.com/images/I/51pWQb458XL._SL500_.jpg" alt="Product Image"></a><p>Palladio Brow Powder for Eyebrows, Soft and Natural Eyebrow Powder with Jojoba Oil & Shea Butter, Helps Enhance & Define Brows, Compact Size for Purse or Travel, Includes Applicator Brush, Taupe</p><p>$8.99</p><a href="https://www.amazon.com/dp/B001AAVC7Y?tag=eloabder-20&linkCode=osi&th=1&psc=1">View Product</a></div><div class="product"><a href="https://www.amazon.com/dp/B082YQ4QXJ?tag=eloabder-20&linkCode=osi&th=1&psc=1"><img src="https://m.media-amazon.com/images/I/41eSAKmXl+L._SL500_.jpg" alt="Product Image"></a><p>wet n wild Ultimate Eyebrow Makeup Kit, Eyebrow Powder Dark Brown, Brow Hair Removal Tweezers, Wax, Brush</p><p>$4.47</p><a href="https://www.amazon.com/dp/B082YQ4QXJ?tag=eloabder-20&linkCode=osi&th=1&psc=1">View Product</a></div><div class="product"><a href="https://www.amazon.com/dp/B06XRTKFLK?tag=eloabder-20&linkCode=osi&th=1&psc=1"><img src="https://m.media-amazon.com/images/I/41XwKxED0-L._SL500_.jpg" alt="Product Image"></a><p>COVERGIRL - Easy Breezy Brow Powder Kit, three shades brow definer, professional double-ended angled brush, effortless, 100% Cruelty-Free</p><p>$8.83</p><a href="https://www.amazon.com/dp/B06XRTKFLK?tag=eloabder-20&linkCode=osi&th=1&psc=1">View Product</a></div><div class="product"><a href="https://www.amazon.com/dp/B00L1JKKMC?tag=eloabder-20&linkCode=osi&th=1&psc=1"><img src="https://m.media-amazon.com/images/I/31bkV3lHN+L._SL500_.jpg" alt="Product Image"></a><p>Anastasia Beverly Hills - Brow Powder Duo - Soft Brown</p><p>$23.00</p><a href="https://www.amazon.com/dp/B00L1JKKMC?tag=eloabder-20&linkCode=osi&th=1&psc=1">View Product</a></div><div class="product"><a href="https://www.amazon.com/dp/B00MGK9Q5M?tag=eloabder-20&linkCode=osi&th=1&psc=1"><img src="https://m.media-amazon.com/images/I/415oCHJxIQL._SL500_.jpg" alt="Product Image"></a><p>Rimmel Brow This Way Sculpting Kit, Medium Brown, Powder 0.04 Ounce, Wax 0.03 Ounce</p><p>$6.99</p><a href="https://www.amazon.com/dp/B00MGK9Q5M?tag=eloabder-20&linkCode=osi&th=1&psc=1">View Product</a></div><div class="product"><a href="https://www.amazon.com/dp/B0051UM9VC?tag=eloabder-20&linkCode=osi&th=1&psc=1"><img src="https://m.media-amazon.com/images/I/41Y-UExgalL._SL500_.jpg" alt="Product Image"></a><p>Billion Dollar BrowBillion Dollar Brows - Eyebrow Powder - Blonde Powder, Blonde,</p><p>$10.99</p><a href="https://www.amazon.com/dp/B0051UM9VC?tag=eloabder-20&linkCode=osi&th=1&psc=1">View Product</a></div><div class="product"><a href="https://www.amazon.com/dp/B08KJBZTJG?tag=eloabder-20&linkCode=osi&th=1&psc=1"><img src="https://m.media-amazon.com/images/I/41MbUKhqKML._SL500_.jpg" alt="Product Image"></a><p>Eyebrow powder three-color eyebrow palette beauty contour eyebrow pencil professional eye makeup eyebrow filler1</p><p>$5.16 ($24.57 / Ounce)</p><a href="https://www.amazon.com/dp/B08KJBZTJG?tag=eloabder-20&linkCode=osi&th=1&psc=1">View Product</a></div><div class="product"><a href="https://www.amazon.com/dp/B0C5N2BWM2?tag=eloabder-20&linkCode=osi&th=1&psc=1"><img src="https://m.media-amazon.com/images/I/41JRf57GnvL._SL500_.jpg" alt="Product Image"></a><p>Eyebrow Powder Makeup Kit-3 Colors Eye Brow Powder Palette Long-Lasting Waterproof, Dark/light Brown Brow Filler, Fill & Sculpt Full Eyebrows for Women, With Mirror, Brow Brush & Razor-Set 02</p><p>$7.99 ($38.05 / Ounce)</p><a href="https://www.amazon.com/dp/B0C5N2BWM2?tag=eloabder-20&linkCode=osi&th=1&psc=1">View Product</a></div><div class="product"><a href="https://www.amazon.com/dp/B00M42I62G?tag=eloabder-20&linkCode=osi&th=1&psc=1"><img src="https://m.media-amazon.com/images/I/51Se54PcS2L._SL500_.jpg" alt="Product Image"></a><p>Marie-José & Co Medium Brown Eyebrow Powder - Perfect eyebrows, powder smooth!</p><p>$17.95</p><a href="https://www.amazon.com/dp/B00M42I62G?tag=eloabder-20&linkCode=osi&th=1&psc=1">View Product</a></div>
<div class="product"><a href="https://www.amazon.com/dp/B085WR3YDT?tag=eloabder-20&linkCode=osi&th=1&psc=1"><img src="https://m.media-amazon.com/images/I/41cuO8PyoTL._SL500_.jpg" alt="Product Image"></a><p>wet n wild Color Icon Cream Eyeshadow Multi-Stick, Moisturizing, Nourishing Velvety Cream-to-Powder Buildable & Blendable Formula, Cruelty-Free & Vegan - Champagne Room</p><p>$3.28</p><a href="https://www.amazon.com/dp/B085WR3YDT?tag=eloabder-20&linkCode=osi&th=1&psc=1">View Product</a></div><div class="product"><a href="https://www.amazon.com/dp/B01IW02HX2?tag=eloabder-20&linkCode=osi&th=1&psc=1"><img src="https://m.media-amazon.com/images/I/510F-WOAL4L._SL500_.jpg" alt="Product Image"></a><p>NYX PROFESSIONAL MAKEUP Ultimate Shadow Palette, Eyeshadow Palette - Warm Neutrals</p><p>$9.99</p><a href="https://www.amazon.com/dp/B01IW02HX2?tag=eloabder-20&linkCode=osi&th=1&psc=1">View Product</a></div><div class="product"><a href="https://www.amazon.com/dp/B092JQ23N5?tag=eloabder-20&linkCode=osi&th=1&psc=1"><img src="https://m.media-amazon.com/images/I/51OUufwItlL._SL500_.jpg" alt="Product Image"></a><p>URBAN DECAY 24/7 Longwear Eyeshadow Single (Sin - Champagne Shimmer), High-Pigment Eye Shadow Compact, Smooth & Blendable Colors, Crease-free, Vegan - 0.06 oz</p><p>$22.00</p><a href="https://www.amazon.com/dp/B092JQ23N5?tag=eloabder-20&linkCode=osi&th=1&psc=1">View Product</a></div><div class="product"><a href="https://www.amazon.com/dp/B00L5SMFJU?tag=eloabder-20&linkCode=osi&th=1&psc=1"><img src="https://m.media-amazon.com/images/I/41-WaM3A3tL._SL500_.jpg" alt="Product Image"></a><p>Covergirl Eye Enhancers Eye Shadow Palette, Natural Nudes, 0.19 Ounce</p><p>$5.48</p><a href="https://www.amazon.com/dp/B00L5SMFJU?tag=eloabder-20&linkCode=osi&th=1&psc=1">View Product</a></div><div class="product"><a href="https://www.amazon.com/dp/B01LW1983J?tag=eloabder-20&linkCode=osi&th=1&psc=1"><img src="https://m.media-amazon.com/images/I/51EsPf59XBL._SL500_.jpg" alt="Product Image"></a><p>Julep Eyeshadow 101 Crème to Powder Waterproof Eyeshadow Stick, Champagne Shimmer</p><p>$18.00</p><a href="https://www.amazon.com/dp/B01LW1983J?tag=eloabder-20&linkCode=osi&th=1&psc=1">View Product</a></div><div class="product"><a href="https://www.amazon.com/dp/B0D3FGFBGQ?tag=eloabder-20&linkCode=osi&th=1&psc=1"><img src="https://m.media-amazon.com/images/I/31HD2nUWJSL._SL500_.jpg" alt="Product Image"></a><p>e.l.f. Lock It Down Eyeshadow Primer, Smooth, Creamy Primer For Long-Lasting Eyeshadow, Intensifies Liquid & Powder Color, Vegan & Cruelty-free</p><p>$7.00</p><a href="https://www.amazon.com/dp/B0D3FGFBGQ?tag=eloabder-20&linkCode=osi&th=1&psc=1">View Product</a></div><div class="product"><a href="https://www.amazon.com/dp/B00UKP1M2K?tag=eloabder-20&linkCode=osi&th=1&psc=1"><img src="https://m.media-amazon.com/images/I/41hSsvPHKxL._SL500_.jpg" alt="Product Image"></a><p>Maybelline The Blushed Nudes Eyeshadow Palette Makeup, 12 Pigmented Matte & Shimmer Shades, Blendable Powder, 1 Count</p><p>$9.32</p><a href="https://www.amazon.com/dp/B00UKP1M2K?tag=eloabder-20&linkCode=osi&th=1&psc=1">View Product</a></div><div class="product"><a href="https://www.amazon.com/dp/B07MQJRK7N?tag=eloabder-20&linkCode=osi&th=1&psc=1"><img src="https://m.media-amazon.com/images/I/41yzRaUSPiL._SL500_.jpg" alt="Product Image"></a><p>Highly Pigmented Eye Makeup Palette, Matte Shimmer Metallic Eyeshadow Pallet Long Lasting Blendable Natural Colors Make Up Eye Shadows Cosmetics Gift Kit</p><p>$7.39</p><a href="https://www.amazon.com/dp/B07MQJRK7N?tag=eloabder-20&linkCode=osi&th=1&psc=1">View Product</a></div><div class="product"><a href="https://www.amazon.com/dp/B08RS6WNX7?tag=eloabder-20&linkCode=osi&th=1&psc=1"><img src="https://m.media-amazon.com/images/I/51qCii788PL._SL500_.jpg" alt="Product Image"></a><p>wet n wild Color Icon 5-Pan Palette Brown Walking On Eggshells</p><p>$3.19</p><a href="https://www.amazon.com/dp/B08RS6WNX7?tag=eloabder-20&linkCode=osi&th=1&psc=1">View Product</a></div><div class="product"><a href="https://www.amazon.com/dp/B073ZBGLJF?tag=eloabder-20&linkCode=osi&th=1&psc=1"><img src="https://m.media-amazon.com/images/I/41go9Ug8AOL._SL500_.jpg" alt="Product Image"></a><p>BestLand 2 Pack 12 Colors Makeup Nude Colors Eyeshadow Palette Natural Nude Matte Shimmer Glitter Pigment Eye Shadow Pallete Set Waterproof Smokey Professional Beauty Makeup Kit (2 PCS)</p><p>$9.99</p><a href="https://www.amazon.com/dp/B073ZBGLJF?tag=eloabder-20&linkCode=osi&th=1&psc=1">View Product</a></div>
<div class="product"><a href="https://www.amazon.com/dp/B095PSJ7QV?tag=eloabder-20&linkCode=osi&th=1&psc=1"><img src="https://m.media-amazon.com/images/I/41KLL00KKZL._SL500_.jpg" alt="Product Image"></a><p>URBAN DECAY Naked3 Mini Eyeshadow Palette - Pigmented Eye Makeup Palette For On the Go - Ultra Blendable - Up to 12 Hour Wear</p><p>$35.00</p><a href="https://www.amazon.com/dp/B095PSJ7QV?tag=eloabder-20&linkCode=osi&th=1&psc=1">View Product</a></div><div class="product"><a href="https://www.amazon.com/dp/B07DZZG8X4?tag=eloabder-20&linkCode=osi&th=1&psc=1"><img src="https://m.media-amazon.com/images/I/41Rbe3ixSHL._SL500_.jpg" alt="Product Image"></a><p>Rimmel London Magnif'Eyes Eyeshadow Palette, 12 Shades, Blendable Formula, Versatile, 007, Crimson, 0.5oz</p><p>$3.70</p><a href="https://www.amazon.com/dp/B07DZZG8X4?tag=eloabder-20&linkCode=osi&th=1&psc=1">View Product</a></div><div class="product"><a href="https://www.amazon.com/dp/B00HIFA24O?tag=eloabder-20&linkCode=osi&th=1&psc=1"><img src="https://m.media-amazon.com/images/I/41pHzrdjcPL._SL500_.jpg" alt="Product Image"></a><p>URBAN DECAY Naked 3, Soft Pink Neutral Eyeshadow Palette, Matte, Pearl, Metallic, Shimmer Finish, 12 Mauve Brown & Nude Eye Shadows, Natural Soft Glam Smokey Eye Makeup, Vegan, Cruelty-free</p><p>$59.00</p><a href="https://www.amazon.com/dp/B00HIFA24O?tag=eloabder-20&linkCode=osi&th=1&psc=1">View Product</a></div><div class="product"><a href="https://www.amazon.com/dp/B0CP49R493?tag=eloabder-20&linkCode=osi&th=1&psc=1"><img src="https://m.media-amazon.com/images/I/41mV4uKx5HL._SL500_.jpg" alt="Product Image"></a><p>FLYEEO Neutral Brown Eye Shadow palette- Rose Gold Dark Brown Eyeshadow Palette Colorful 9 Colors, Matte Shimmer Highly Pigmented Nude Eyeshadow Palette Makeup Naturing-Looking Long Lasting</p><p>$5.88</p><a href="https://www.amazon.com/dp/B0CP49R493?tag=eloabder-20&linkCode=osi&th=1&psc=1">View Product</a></div><div class="product"><a href="https://www.amazon.com/dp/B0CYX9V642?tag=eloabder-20&linkCode=osi&th=1&psc=1"><img src="https://m.media-amazon.com/images/I/51jaIKsO-uL._SL500_.jpg" alt="Product Image"></a><p>imakeupnow 45 Shades Eye Shadow Makeup Palette Set Colorful Bright, High Pigmented Eyeshadow Pallets, Matte Shimmer Glitter for Halloween</p><p>$7.59</p><a href="https://www.amazon.com/dp/B0CYX9V642?tag=eloabder-20&linkCode=osi&th=1&psc=1">View Product</a></div>
<div class="product"><a href="https://www.amazon.com/dp/B0C9TXLWLY?tag=eloabder-20&linkCode=osi&th=1&psc=1"><img src="https://m.media-amazon.com/images/I/31-5KVw5KDL._SL500_.jpg" alt="Product Image"></a><p>PRIME PROMETICS PrimeEyes Glide Eyeliner for Mature Women – Water-Resistant, Long-Stay and Mess-Proof – Gel Cream Texture, Discreet Sharpener and Effective Smudger (Black)</p><p>$28.00 ($28.00 / Count)</p><a href="https://www.amazon.com/dp/B0C9TXLWLY?tag=eloabder-20&linkCode=osi&th=1&psc=1">View Product</a></div><div class="product"><a href="https://www.amazon.com/dp/B07MWSXPT1?tag=eloabder-20&linkCode=osi&th=1&psc=1"><img src="https://m.media-amazon.com/images/I/315xthaPi6L._SL500_.jpg" alt="Product Image"></a><p>e.l.f. No Budge Retractable Eyeliner, Creamy, Ultra-Pigmented & Waterproof, Creates Bold & Defined Lines, Vegan & Cruelty-Free, Black 0.006 Oz</p><p>$4.00</p><a href="https://www.amazon.com/dp/B07MWSXPT1?tag=eloabder-20&linkCode=osi&th=1&psc=1">View Product</a></div><div class="product"><a href="https://www.amazon.com/dp/B07W8JJ61X?tag=eloabder-20&linkCode=osi&th=1&psc=1"><img src="https://m.media-amazon.com/images/I/31wj5vRROwL._SL500_.jpg" alt="Product Image"></a><p>Maybelline Hyper Easy Liquid Pen No-Skip Eyeliner, Satin Finish, Waterproof Formula, Pitch Black, 0.018 Fl Oz</p><p>$8.38</p><a href="https://www.amazon.com/dp/B07W8JJ61X?tag=eloabder-20&linkCode=osi&th=1&psc=1">View Product</a></div><div class="product"><a href="https://www.amazon.com/dp/B01J1A3TFW?tag=eloabder-20&linkCode=osi&th=1&psc=1"><img src="https://m.media-amazon.com/images/I/51z42sdOArL._SL500_.jpg" alt="Product Image"></a><p>Revlon Pencil Eyeliner, ColorStay Eye Makeup with Built-in Sharpener, Waterproof, Smudge-proof, Longwearing with Ultra-Fine Tip, 201 Black, 2 count (Pack of 1)</p><p>$11.38</p><a href="https://www.amazon.com/dp/B01J1A3TFW?tag=eloabder-20&linkCode=osi&th=1&psc=1">View Product</a></div><div class="product"><a href="https://www.amazon.com/dp/B074Y8LM6T?tag=eloabder-20&linkCode=osi&th=1&psc=1"><img src="https://m.media-amazon.com/images/I/316blXt1KxL._SL500_.jpg" alt="Product Image"></a><p>NYX PROFESSIONAL MAKEUP Epic Ink Liner, Waterproof Liquid Eyeliner - Black, Vegan Formula</p><p>$7.50</p><a href="https://www.amazon.com/dp/B074Y8LM6T?tag=eloabder-20&linkCode=osi&th=1&psc=1">View Product</a></div><div class="product"><a href="https://www.amazon.com/dp/B005G9E9FW?tag=eloabder-20&linkCode=osi&th=1&psc=1"><img src="https://m.media-amazon.com/images/I/51poZdEojrL._SL500_.jpg" alt="Product Image"></a><p>NYX PROFESSIONAL MAKEUP Vivid Rich Mechanical Eye Pencil, Vivid Rich Mechanical, Creamy Retractable Eyeliner - Smokin Topaz, Brown Eyeliner</p><p>$6.00</p><a href="https://www.amazon.com/dp/B005G9E9FW?tag=eloabder-20&linkCode=osi&th=1&psc=1">View Product</a></div><div class="product"><a href="https://www.amazon.com/dp/B082YQ8TXR?tag=eloabder-20&linkCode=osi&th=1&psc=1"><img src="https://m.media-amazon.com/images/I/31Et4E-arpL._SL500_.jpg" alt="Product Image"></a><p>wet n wild Mega Last Breakup Proof Liquid Eyeliner - Quick Drying, Smudge-Resistant, 16-Hour Wear - Cruelty-Free & Vegan - Black</p><p>$5.47</p><a href="https://www.amazon.com/dp/B082YQ8TXR?tag=eloabder-20&linkCode=osi&th=1&psc=1">View Product</a></div><div class="product"><a href="https://www.amazon.com/dp/B07NX61ZHN?tag=eloabder-20&linkCode=osi&th=1&psc=1"><img src="https://m.media-amazon.com/images/I/31kQNTwJazL._SL500_.jpg" alt="Product Image"></a><p>Rimmel London exaggerate auto waterproof eye definer in blackest black, 2 Count</p><p>$6.97</p><a href="https://www.amazon.com/dp/B07NX61ZHN?tag=eloabder-20&linkCode=osi&th=1&psc=1">View Product</a></div><div class="product"><a href="https://www.amazon.com/dp/B082YPRCMM?tag=eloabder-20&linkCode=osi&th=1&psc=1"><img src="https://m.media-amazon.com/images/I/317ubI9GTBL._SL500_.jpg" alt="Product Image"></a><p>wet n wild Mega Last Breakup Proof Eyeliner, Quick Drying, Waterproof, 16-Hour Wear - Cruelty-Free & Vegan - Blackest Black</p><p>$2.28</p><a href="https://www.amazon.com/dp/B082YPRCMM?tag=eloabder-20&linkCode=osi&th=1&psc=1">View Product</a></div><div class="product"><a href="https://www.amazon.com/dp/B07GX832KD?tag=eloabder-20&linkCode=osi&th=1&psc=1"><img src="https://m.media-amazon.com/images/I/315wR2F58-L._SL500_.jpg" alt="Product Image"></a><p>Maybelline TattooStudio Long-Lasting Sharpenable Eyeliner Pencil, Glide on Smooth Gel Pigments with 36 Hour Wear, Waterproof, Deep Onyx, 1 Count</p><p>$6.42</p><a href="https://www.amazon.com/dp/B07GX832KD?tag=eloabder-20&linkCode=osi&th=1&psc=1">View Product</a></div>
<div class="product"><a href="https://www.amazon.com/dp/B0BG7MWNNN?tag=eloabder-20&linkCode=osi&th=1&psc=1"><img src="https://m.media-amazon.com/images/I/41E8W4N+FkL._SL500_.jpg" alt="Product Image"></a><p>Prime Prometics PrimeLash Mascara for Older Women – Volumizing, Incredible Length in 2 Coats – Long-Stay, Zero Clumps, Hypoallergenic (Brown)</p><p>$28.00</p><a href="https://www.amazon.com/dp/B0BG7MWNNN?tag=eloabder-20&linkCode=osi&th=1&psc=1">View Product</a></div><div class="product"><a href="https://www.amazon.com/dp/B00T0C9XRK?tag=eloabder-20&linkCode=osi&th=1&psc=1"><img src="https://m.media-amazon.com/images/I/41IP2ZEXFNL._SL500_.jpg" alt="Product Image"></a><p>essence | Lash Princess False Lash Effect Mascara | Volumizing & Lengthening | Cruelty Free & Paraben Free</p><p>$4.99 ($12.17 / Fl Oz )</p><a href="https://www.amazon.com/dp/B00T0C9XRK?tag=eloabder-20&linkCode=osi&th=1&psc=1">View Product</a></div><div class="product"><a href="https://www.amazon.com/dp/B08H3JPH74?tag=eloabder-20&linkCode=osi&th=1&psc=1"><img src="https://m.media-amazon.com/images/I/31hf532TEHL._SL500_.jpg" alt="Product Image"></a><p>Maybelline Lash Sensational Sky High Washable Mascara Makeup, Volumizing, Lengthening, Defining, Curling, Multiplying, Buildable Formula, Blackest Black, 1 Count</p><p>$9.98</p><a href="https://www.amazon.com/dp/B08H3JPH74?tag=eloabder-20&linkCode=osi&th=1&psc=1">View Product</a></div><div class="product"><a href="https://www.amazon.com/dp/B01DPA6OHO?tag=eloabder-20&linkCode=osi&th=1&psc=1"><img src="https://m.media-amazon.com/images/I/31xGLWu4IKL._SL500_.jpg" alt="Product Image"></a><p>L'Oreal Paris Makeup Voluminous Lash Boosting Conditioning Primer Mascara, White Primer, 0.24 fl; oz.</p><p>$8.88</p><a href="https://www.amazon.com/dp/B01DPA6OHO?tag=eloabder-20&linkCode=osi&th=1&psc=1">View Product</a></div><div class="product"><a href="https://www.amazon.com/dp/B06XF2TR11?tag=eloabder-20&linkCode=osi&th=1&psc=1"><img src="https://m.media-amazon.com/images/I/31B6RR270IL._SL500_.jpg" alt="Product Image"></a><p>L'Oreal Paris Voluminous Makeup Lash Paradise Mascara, Voluptuous Volume, Intense Length, Feathery Soft Full Lashes, No Flaking, No Smudging, No Clumping, Blackest Black, 1 Count</p><p>$9.97</p><a href="https://www.amazon.com/dp/B06XF2TR11?tag=eloabder-20&linkCode=osi&th=1&psc=1">View Product</a></div><div class="product"><a href="https://www.amazon.com/dp/B004BCTFVS?tag=eloabder-20&linkCode=osi&th=1&psc=1"><img src="https://m.media-amazon.com/images/I/31-ICBRxi9L._SL500_.jpg" alt="Product Image"></a><p>L'Oreal Paris Makeup Voluminous Original Volume Building Mascara, Blackest Black, 0.28 fl; Oz, 1 Count</p><p>$8.95</p><a href="https://www.amazon.com/dp/B004BCTFVS?tag=eloabder-20&linkCode=osi&th=1&psc=1">View Product</a></div><div class="product"><a href="https://www.amazon.com/dp/B004BD107O?tag=eloabder-20&linkCode=osi&th=1&psc=1"><img src="https://m.media-amazon.com/images/I/31OWqsdljyL._SL500_.jpg" alt="Product Image"></a><p>L'Oreal Paris Makeup Telescopic Original Lengthening Mascara, Blackest Black, 0.27 Fl Oz (1 Count)</p><p>$10.99</p><a href="https://www.amazon.com/dp/B004BD107O?tag=eloabder-20&linkCode=osi&th=1&psc=1">View Product</a></div><div class="product"><a href="https://www.amazon.com/dp/B00PFCT2R0?tag=eloabder-20&linkCode=osi&th=1&psc=1"><img src="https://m.media-amazon.com/images/I/31RyE6ZtDIL._SL500_.jpg" alt="Product Image"></a><p>Maybelline Lash Sensational Washable Mascara, Lengthening and Volumizing for a Full Fan Effect, Blackest Black, 1 Count</p><p>$8.91</p><a href="https://www.amazon.com/dp/B00PFCT2R0?tag=eloabder-20&linkCode=osi&th=1&psc=1">View Product</a></div><div class="product"><a href="https://www.amazon.com/dp/B08TPCHYLW?tag=eloabder-20&linkCode=osi&th=1&psc=1"><img src="https://m.media-amazon.com/images/I/31EWIaihEwL._SL500_.jpg" alt="Product Image"></a><p>Lancôme Lash Idôle Lash-Lifting & Volumizing Mascara - Black Mascara for Instant Volume, Length & Lift - Smudge Proof & Up To 24H Wear - Black</p><p>$30.00 ($111.11 / Fl Oz)</p><a href="https://www.amazon.com/dp/B08TPCHYLW?tag=eloabder-20&linkCode=osi&th=1&psc=1">View Product</a></div><div class="product"><a href="https://www.amazon.com/dp/B079X4DB3J?tag=eloabder-20&linkCode=osi&th=1&psc=1"><img src="https://m.media-amazon.com/images/I/31jCqqzhgIL._SL500_.jpg" alt="Product Image"></a><p>essence | Volume Booster Lash Primer Mascara | Infused with Mango Butter and Acai Oil for Nurtured Lashes | Conditioning Mascara Primer | White | Vegan | Paraben & Cruelty Free (Pack of 1)</p><p>$4.99</p><a href="https://www.amazon.com/dp/B079X4DB3J?tag=eloabder-20&linkCode=osi&th=1&psc=1">View Product</a></div>
<div class="product"><a href="https://www.amazon.com/dp/B079B8BFR3?tag=eloabder-20&linkCode=osi&th=1&psc=1"><img src="https://m.media-amazon.com/images/I/41DSmndr3KL._SL500_.jpg" alt="Product Image"></a><p>KISS Looks So Natural, False Eyelashes, Shy', 12 mm, Includes 5 Pairs Of Lashes, Contact Lens Friendly, Easy to Apply, Reusable Strip Lashes, Glue On</p><p>$7.09</p><a href="https://www.amazon.com/dp/B079B8BFR3?tag=eloabder-20&linkCode=osi&th=1&psc=1">View Product</a></div><div class="product"><a href="https://www.amazon.com/dp/B09MQCDVM7?tag=eloabder-20&linkCode=osi&th=1&psc=1"><img src="https://m.media-amazon.com/images/I/510lQqrrVtL._SL500_.jpg" alt="Product Image"></a><p>False Eyelashes 14mm Faux 3D Mink Lashes Natural Look Fluffy Cat Eye Wispy Lashes Pack by Kiromiro, 14 Pairs</p><p>$8.89</p><a href="https://www.amazon.com/dp/B09MQCDVM7?tag=eloabder-20&linkCode=osi&th=1&psc=1">View Product</a></div><div class="product"><a href="https://www.amazon.com/dp/B0C5QK1QHP?tag=eloabder-20&linkCode=osi&th=1&psc=1"><img src="https://m.media-amazon.com/images/I/51eSQ4cj35L._SL500_.jpg" alt="Product Image"></a><p>Veleasha Lashes 5D Faux Mink Lashes 100% Handmade Luxurious Fake Eyelashes Lightweight Fluffy False Eyelashes 5 Pairs Pack (G2)</p><p>$6.98 ($1.40 / Count)</p><a href="https://www.amazon.com/dp/B0C5QK1QHP?tag=eloabder-20&linkCode=osi&th=1&psc=1">View Product</a></div><div class="product"><a href="https://www.amazon.com/dp/B00DS4EIEE?tag=eloabder-20&linkCode=osi&th=1&psc=1"><img src="https://m.media-amazon.com/images/I/415k4JSKxOL._SL500_.jpg" alt="Product Image"></a><p>KISS So Wispy, False Eyelashes, Style #11', 12 mm, Includes 5 Pairs Of Lashes, Contact Lens Friendly, Easy to Apply, Reusable Strip Lashes, Glue On, Mulitpack</p><p>$8.97 ($1.79 / Count)</p><a href="https://www.amazon.com/dp/B00DS4EIEE?tag=eloabder-20&linkCode=osi&th=1&psc=1">View Product</a></div><div class="product"><a href="https://www.amazon.com/dp/B08R6PR7ND?tag=eloabder-20&linkCode=osi&th=1&psc=1"><img src="https://m.media-amazon.com/images/I/41r4c3ZiCWL._SL500_.jpg" alt="Product Image"></a><p>KISS My Lash But Better, False Eyelashes, All Mine', 10 mm, Includes 1 Pair Of Lashes, Contact Lens Friendly, Easy to Apply, Reusable Strip Lashes, Glue-On</p><p>$3.97</p><a href="https://www.amazon.com/dp/B08R6PR7ND?tag=eloabder-20&linkCode=osi&th=1&psc=1">View Product</a></div><div class="product"><a href="https://www.amazon.com/dp/B0B1LRRTCH?tag=eloabder-20&linkCode=osi&th=1&psc=1"><img src="https://m.media-amazon.com/images/I/41gc2Df+nAL._SL500_.jpg" alt="Product Image"></a><p>GMAGICTOBO False Eyelashes Natural Half Lashes Short Wispy Clear Band Lashes Pack Cat Eye 3D Faux Mink Lashes Fake Eyelashes 7 Pairs Multipack</p><p>$8.59 ($1.23 / Count)</p><a href="https://www.amazon.com/dp/B0B1LRRTCH?tag=eloabder-20&linkCode=osi&th=1&psc=1">View Product</a></div><div class="product"><a href="https://www.amazon.com/dp/B0BX3YHN14?tag=eloabder-20&linkCode=osi&th=1&psc=1"><img src="https://m.media-amazon.com/images/I/51YYa1vTElL._SL500_.jpg" alt="Product Image"></a><p>KISS imPRESS Falsies False Eyelashes, Lash Clusters, Voluminous', 14 mm, Includes 20 Clusters, 1 applicator, Contact Lens Friendly, Easy to Apply, Reusable Strip Lashes</p><p>$12.72</p><a href="https://www.amazon.com/dp/B0BX3YHN14?tag=eloabder-20&linkCode=osi&th=1&psc=1">View Product</a></div><div class="product"><a href="https://www.amazon.com/dp/B00YYHHI1E?tag=eloabder-20&linkCode=osi&th=1&psc=1"><img src="https://m.media-amazon.com/images/I/419bv9iNI9L._SL500_.jpg" alt="Product Image"></a><p>Ardell False Eyelashes Demi Wispies Black, 1 pack (6 pairs per pack)</p><p>$9.74 ($1.95 / Count)</p><a href="https://www.amazon.com/dp/B00YYHHI1E?tag=eloabder-20&linkCode=osi&th=1&psc=1">View Product</a></div><div class="product"><a href="https://www.amazon.com/dp/B0CG5SY8J1?tag=eloabder-20&linkCode=osi&th=1&psc=1"><img src="https://m.media-amazon.com/images/I/41SWlZB3plL._SL500_.jpg" alt="Product Image"></a><p>Natural Lashes Natural Eyelashes Short Eyelashes Natural Look False Eyelashes Wispy Eye Lashes 10mm Small Lashes Fake Lashes K50</p><p>$7.93 ($1.13 / Count)</p><a href="https://www.amazon.com/dp/B0CG5SY8J1?tag=eloabder-20&linkCode=osi&th=1&psc=1">View Product</a></div><div class="product"><a href="https://www.amazon.com/dp/B08SPVMDTV?tag=eloabder-20&linkCode=osi&th=1&psc=1"><img src="https://m.media-amazon.com/images/I/41Q6wh0HacL._SL500_.jpg" alt="Product Image"></a><p>KISS Falscara Multipack False Eyelashes, Lash Clusters, Natural Wispy Wisps', 10mm-12mm-14mm, Includes 24 Assorted Lengths Wisps, Contact Lens Friendly, Easy to Apply, Reusable Strip Lashes</p><p>$6.47 ($0.27 / Count)</p><a href="https://www.amazon.com/dp/B08SPVMDTV?tag=eloabder-20&linkCode=osi&th=1&psc=1">View Product</a></div>
<div class="product"><a href="https://www.amazon.com/dp/B01BMMOAFU?tag=eloabder-20&linkCode=osi&th=1&psc=1"><img src="https://m.media-amazon.com/images/I/41RH+KsNzoS._SL500_.jpg" alt="Product Image"></a><p>KISS Strip Lash Adhesive, Lash Glue, 24hr Strip Eyelash Adhesive, Clear, Includes Lash Adhesive, Long Lasting Wear, Can Be Used with Strip Lashes and Lash Clusters</p><p>$3.97 ($23.35 / Ounce)</p><a href="https://www.amazon.com/dp/B01BMMOAFU?tag=eloabder-20&linkCode=osi&th=1&psc=1">View Product</a></div><div class="product"><a href="https://www.amazon.com/dp/B0BFRB2LNS?tag=eloabder-20&linkCode=osi&th=1&psc=1"><img src="https://m.media-amazon.com/images/I/41uxD-vIXQL._SL500_.jpg" alt="Product Image"></a><p>Cluster Lash Bond and Seal, Lash Cluster Glue for Individual Eyelash Extensions Strong Hold Individual Lash Glue Individual Eyelashes Glue Mascara for Personal Makeup Use at Home(5ml)</p><p>$8.99 ($52.88 / Fl Oz)</p><a href="https://www.amazon.com/dp/B0BFRB2LNS?tag=eloabder-20&linkCode=osi&th=1&psc=1">View Product</a></div><div class="product"><a href="https://www.amazon.com/dp/B006UZMXZY?tag=eloabder-20&linkCode=osi&th=1&psc=1"><img src="https://m.media-amazon.com/images/I/41YrQ9QUhlL._SL500_.jpg" alt="Product Image"></a><p>DUO Brush-On Lash Adhesive with Vitamins A, C & E, Clear, 0.18 oz, 1-Pack</p><p>$4.92 ($27.33 / Ounce)</p><a href="https://www.amazon.com/dp/B006UZMXZY?tag=eloabder-20&linkCode=osi&th=1&psc=1">View Product</a></div><div class="product"><a href="https://www.amazon.com/dp/B0BVLL8ZQF?tag=eloabder-20&linkCode=osi&th=1&psc=1"><img src="https://m.media-amazon.com/images/I/41OSC3l2NuL._SL500_.jpg" alt="Product Image"></a><p>Lash Glue Bond and Seal Long Lasting Strong Hold Waterproof 2 in 1 Cluster Eyelash Glue for DIY Lash Extensions by Mavphnee</p><p>$7.99 ($23.50 / Fl Oz)</p><a href="https://www.amazon.com/dp/B0BVLL8ZQF?tag=eloabder-20&linkCode=osi&th=1&psc=1">View Product</a></div><div class="product"><a href="https://www.amazon.com/dp/B01N143CA0?tag=eloabder-20&linkCode=osi&th=1&psc=1"><img src="https://m.media-amazon.com/images/I/31DwI2yjwYL._SL500_.jpg" alt="Product Image"></a><p>Extra Strong Eyelash Extension Glue Stacy Lash (0.17fl.oz / 5ml) / 0.5-1 Sec Dry/Retention – 8 Weeks/Black Adhesive/Professional Supplies</p><p>$21.49 ($126.41 / Fl Oz)</p><a href="https://www.amazon.com/dp/B01N143CA0?tag=eloabder-20&linkCode=osi&th=1&psc=1">View Product</a></div><div class="product"><a href="https://www.amazon.com/dp/B00RH8XUZK?tag=eloabder-20&linkCode=osi&th=1&psc=1"><img src="https://m.media-amazon.com/images/I/41ywEIr4LGL._SL500_.jpg" alt="Product Image"></a><p>i-Envy by KISS Super Strong Hold Eyelash Adhesive, Brush on, Waterproof Long-Lasting Strip Lash Glue, Natural-Looking Allergy & Latex Free with Brush Applicator (Clear)</p><p>$5.09</p><a href="https://www.amazon.com/dp/B00RH8XUZK?tag=eloabder-20&linkCode=osi&th=1&psc=1">View Product</a></div><div class="product"><a href="https://www.amazon.com/dp/B0B138BNSQ?tag=eloabder-20&linkCode=osi&th=1&psc=1"><img src="https://m.media-amazon.com/images/I/41y28D4CT2L._SL500_.jpg" alt="Product Image"></a><p>AOA Studio Eyelash Lash Glue Enhancers 4pcs Strip Lash Adhesive Strong Hold Water Proof Formula No Irritation Latex Free Long Lasing Quick Dry Eyelash adhesive 0.17oz Each (4 Pack) (Clear)</p><p>$8.95 ($2.24 / Count)</p><a href="https://www.amazon.com/dp/B0B138BNSQ?tag=eloabder-20&linkCode=osi&th=1&psc=1">View Product</a></div><div class="product"><a href="https://www.amazon.com/dp/B0CGKV8WRR?tag=eloabder-20&linkCode=osi&th=1&psc=1"><img src="https://m.media-amazon.com/images/I/31KsdJxWyQL._SL500_.jpg" alt="Product Image"></a><p>FlutterHabit Made for This Adhesive Lash Glue for Eyelash Extensions - Your Ultimate All-Day Hold Lash Cluster Glue for Effortless, Stunning, and Long-Lasting Eyelashes - All-in-one Lash Glue</p><p>$17.99</p><a href="https://www.amazon.com/dp/B0CGKV8WRR?tag=eloabder-20&linkCode=osi&th=1&psc=1">View Product</a></div><div class="product"><a href="https://www.amazon.com/dp/B09HK77CF1?tag=eloabder-20&linkCode=osi&th=1&psc=1"><img src="https://m.media-amazon.com/images/I/41md8lf4CYL._SL500_.jpg" alt="Product Image"></a><p>Lilac St - Pro Lash Glue - Long Lasting & Fast Drying Lash Application - Mini Mascara Wand Applicator - Latex Free - Vegan & Cruelty Free - Black</p><p>$19.00 ($111.76 / Ounce)</p><a href="https://www.amazon.com/dp/B09HK77CF1?tag=eloabder-20&linkCode=osi&th=1&psc=1">View Product</a></div><div class="product"><a href="https://www.amazon.com/dp/B07BGT18DP?tag=eloabder-20&linkCode=osi&th=1&psc=1"><img src="https://m.media-amazon.com/images/I/41FjwdBfRYL._SL500_.jpg" alt="Product Image"></a><p>Extra Strong Evolution Eyelash Extension Glue Stacy Lash (0.17fl.oz/5ml)/1-2 Sec Dry/Retention – 8 Weeks/Professional Supplies/Black Adhesive</p><p>$21.99 ($129.35 / Fl Oz)</p><a href="https://www.amazon.com/dp/B07BGT18DP?tag=eloabder-20&linkCode=osi&th=1&psc=1">View Product</a></div>
<div class="product"><a href="https://www.amazon.com/dp/B09T8DQ1SG?tag=eloabder-20&linkCode=osi&th=1&psc=1"><img src="https://m.media-amazon.com/images/I/41gpuwrIhOL._SL500_.jpg" alt="Product Image"></a><p>Maybelline Super Stay Vinyl Ink Longwear No-Budge Liquid Lipcolor Makeup, Highly Pigmented Color and Instant Shine, Royal, Deep Wine Red Lipstick, 0.14 fl oz, 1 Count</p><p>$9.98</p><a href="https://www.amazon.com/dp/B09T8DQ1SG?tag=eloabder-20&linkCode=osi&th=1&psc=1">View Product</a></div><div class="product"><a href="https://www.amazon.com/dp/B08H4FSGDX?tag=eloabder-20&linkCode=osi&th=1&psc=1"><img src="https://m.media-amazon.com/images/I/31OAiyoloML._SL500_.jpg" alt="Product Image"></a><p>Maybelline Super Stay Matte Ink Liquid Lipstick Makeup, Long Lasting High Impact Color, Up to 16H Wear, Exhilarator, Ruby Red, 1 Count</p><p>$9.18</p><a href="https://www.amazon.com/dp/B08H4FSGDX?tag=eloabder-20&linkCode=osi&th=1&psc=1">View Product</a></div><div class="product"><a href="https://www.amazon.com/dp/B07XTTDTWR?tag=eloabder-20&linkCode=osi&th=1&psc=1"><img src="https://m.media-amazon.com/images/I/31M4QldCq3L._SL500_.jpg" alt="Product Image"></a><p>REVLON Lipstick, Super Lustrous Lipstick, Creamy Formula For Soft, Fuller-Looking Lips, Moisturized Feel in Nudes & Browns, Bare It All (755) 0.15 oz</p><p>$6.48</p><a href="https://www.amazon.com/dp/B07XTTDTWR?tag=eloabder-20&linkCode=osi&th=1&psc=1">View Product</a></div><div class="product"><a href="https://www.amazon.com/dp/B079KFP7NT?tag=eloabder-20&linkCode=osi&th=1&psc=1"><img src="https://m.media-amazon.com/images/I/41Ih8G0FSmL._SL500_.jpg" alt="Product Image"></a><p>wet n wild Silk Finish Lipstick, Hydrating Rich Buildable Lip Color, Formulated with Vitamins A,E, & Macadamia for Ultimate Hydration, Cruelty-Free & Vegan - Raging Red</p><p>$1.29</p><a href="https://www.amazon.com/dp/B079KFP7NT?tag=eloabder-20&linkCode=osi&th=1&psc=1">View Product</a></div><div class="product"><a href="https://www.amazon.com/dp/B002F3R44K?tag=eloabder-20&linkCode=osi&th=1&psc=1"><img src="https://m.media-amazon.com/images/I/41-gXIE96GL._SL500_.jpg" alt="Product Image"></a><p>Revlon Lipstick, Super Lustrous Lipstick, Creamy Formula For Soft, Fuller-Looking Lips, Moisturized Feel in Pinks, Pink In The Afternoon (415) 0.15 oz</p><p>$6.48</p><a href="https://www.amazon.com/dp/B002F3R44K?tag=eloabder-20&linkCode=osi&th=1&psc=1">View Product</a></div><div class="product"><a href="https://www.amazon.com/dp/B001LFER98?tag=eloabder-20&linkCode=osi&th=1&psc=1"><img src="https://m.media-amazon.com/images/I/41wezVKuIoL._SL500_.jpg" alt="Product Image"></a><p>REVLON Lipstick, Super Lustrous Lipstick, Creamy Formula For Soft, Fuller-Looking Lips, Moisturized Feel in Reds & Corals, Peach Me (628) 0.15 oz</p><p>$4.99</p><a href="https://www.amazon.com/dp/B001LFER98?tag=eloabder-20&linkCode=osi&th=1&psc=1">View Product</a></div><div class="product"><a href="https://www.amazon.com/dp/B0046VESH0?tag=eloabder-20&linkCode=osi&th=1&psc=1"><img src="https://m.media-amazon.com/images/I/31yAUm+1KhL._SL500_.jpg" alt="Product Image"></a><p>MAYBELLINE Super Stay 24, 2-Step Liquid Lipstick Makeup, Long Lasting Highly Pigmented Color with Moisturizing Balm, Blush On, Pink, 1 Count</p><p>$8.98</p><a href="https://www.amazon.com/dp/B0046VESH0?tag=eloabder-20&linkCode=osi&th=1&psc=1">View Product</a></div>
<div class="product"><a href="https://www.amazon.com/dp/B09SP2XHKT?tag=eloabder-20&linkCode=osi&th=1&psc=1"><img src="https://m.media-amazon.com/images/I/31KGrScgA8L._SL500_.jpg" alt="Product Image"></a><p>NYX PROFESSIONAL MAKEUP Butter Gloss, Non-Sticky Lip Gloss - Sugar Glass (Clear)</p><p>$5.97</p><a href="https://www.amazon.com/dp/B09SP2XHKT?tag=eloabder-20&linkCode=osi&th=1&psc=1">View Product</a></div><div class="product"><a href="https://www.amazon.com/dp/B08GSTZ7ZW?tag=eloabder-20&linkCode=osi&th=1&psc=1"><img src="https://m.media-amazon.com/images/I/41nPuTtXVgL._SL500_.jpg" alt="Product Image"></a><p>Ruby Kisses Broadway Vita-Lip Clear Lip Gloss - Moisturizing, Hydrating, Nourishing with Mint, Rosehip, Coconut, Mango, Argan, Honey & Shea</p><p>$7.99 ($2.12 / Ounce)</p><a href="https://www.amazon.com/dp/B08GSTZ7ZW?tag=eloabder-20&linkCode=osi&th=1&psc=1">View Product</a></div><div class="product"><a href="https://www.amazon.com/dp/B015RPE14S?tag=eloabder-20&linkCode=osi&th=1&psc=1"><img src="https://m.media-amazon.com/images/I/31FRC3fz7EL._SL500_.jpg" alt="Product Image"></a><p>L.A. Colors High Shine Shea Butter Lip Gloss, Clear, 0.14 Ounce</p><p>$1.98</p><a href="https://www.amazon.com/dp/B015RPE14S?tag=eloabder-20&linkCode=osi&th=1&psc=1">View Product</a></div><div class="product"><a href="https://www.amazon.com/dp/B00Q26VWZI?tag=eloabder-20&linkCode=osi&th=1&psc=1"><img src="https://m.media-amazon.com/images/I/31Bqig96T0L._SL500_.jpg" alt="Product Image"></a><p>Rimmel Stay Glossy Lip Gloss - Non-Sticky and Lightweight Formula for Lip Color and Shine - 130 Blushing Belgraves, .18oz</p><p>$3.97</p><a href="https://www.amazon.com/dp/B00Q26VWZI?tag=eloabder-20&linkCode=osi&th=1&psc=1">View Product</a></div><div class="product"><a href="https://www.amazon.com/dp/B081C6PXZJ?tag=eloabder-20&linkCode=osi&th=1&psc=1"><img src="https://m.media-amazon.com/images/I/51+emO79aqL._SL500_.jpg" alt="Product Image"></a><p>NICKA K NEW YORK VARIETY SET OF 5 NK Hydrating Lip Gel - Vitamin E (Clear, Rosehip Oil, Bubble Gum, Cherry, Strawberry)</p><p>$5.41</p><a href="https://www.amazon.com/dp/B081C6PXZJ?tag=eloabder-20&linkCode=osi&th=1&psc=1">View Product</a></div><div class="product"><a href="https://www.amazon.com/dp/B085S94V2K?tag=eloabder-20&linkCode=osi&th=1&psc=1"><img src="https://m.media-amazon.com/images/I/41fsuEw2mbL._SL500_.jpg" alt="Product Image"></a><p>Maybelline Lifter Gloss, Hydrating Lip Gloss with Hyaluronic Acid, Moon, Nude Pink, 0.18 Ounce</p><p>$7.71</p><a href="https://www.amazon.com/dp/B085S94V2K?tag=eloabder-20&linkCode=osi&th=1&psc=1">View Product</a></div><div class="product"><a href="https://www.amazon.com/dp/B01N1ZC8JZ?tag=eloabder-20&linkCode=osi&th=1&psc=1"><img src="https://m.media-amazon.com/images/I/41fsaqWz6SL._SL500_.jpg" alt="Product Image"></a><p>Broadway Vita-Lip Clear Lip Gloss 0.47oz/14ml (5PCS Mint & Coconut & Rosehip & Mango Butter & Argan Oil) (5 PCS SET)</p><p>$5.99</p><a href="https://www.amazon.com/dp/B01N1ZC8JZ?tag=eloabder-20&linkCode=osi&th=1&psc=1">View Product</a></div><div class="product"><a href="https://www.amazon.com/dp/B07DY2QRF6?tag=eloabder-20&linkCode=osi&th=1&psc=1"><img src="https://m.media-amazon.com/images/I/31qXrVfhvCL._SL500_.jpg" alt="Product Image"></a><p>LANEIGE Lip Glowy Balm Berry: Hydrate, Glossy, Lightweight, Moisturize & Tint with Shea Butter</p><p>$19.00 ($54.29 / Ounce)</p><a href="https://www.amazon.com/dp/B07DY2QRF6?tag=eloabder-20&linkCode=osi&th=1&psc=1">View Product</a></div><div class="product"><a href="https://www.amazon.com/dp/B0BSR85M24?tag=eloabder-20&linkCode=osi&th=1&psc=1"><img src="https://m.media-amazon.com/images/I/31eKHNoE3KL._SL500_.jpg" alt="Product Image"></a><p>e.l.f. Lip Lacquer, Nourishing, Non-Sticky Ultra-Shine Lip Gloss With Sheer Color, Infused With Vitamins A & E, Vegan & Cruelty-Free, Whisper Pink</p><p>$3.00</p><a href="https://www.amazon.com/dp/B0BSR85M24?tag=eloabder-20&linkCode=osi&th=1&psc=1">View Product</a></div><div class="product"><a href="https://www.amazon.com/dp/B09DMGWJKY?tag=eloabder-20&linkCode=osi&th=1&psc=1"><img src="https://m.media-amazon.com/images/I/41nIFmIKHRL._SL500_.jpg" alt="Product Image"></a><p>Broadway Vita-Lip Clear Lip Gloss Moisturizing Hydrating Nourishing Long Lasting High Shine Glossy Lip Care Gloss 0.47oz/14ml (10 PCS SET)</p><p>$9.99</p><a href="https://www.amazon.com/dp/B09DMGWJKY?tag=eloabder-20&linkCode=osi&th=1&psc=1">View Product</a></div>
<div class="product"><a href="https://www.amazon.com/dp/B079ZX2QBD?tag=eloabder-20&linkCode=osi&th=1&psc=1"><img src="https://m.media-amazon.com/images/I/41b133H9ouL._SL500_.jpg" alt="Product Image"></a><p>NYX PROFESSIONAL MAKEUP Slim Lip Pencil, Long-Lasting Creamy Lip Liner - Espresso</p><p>$3.99</p><a href="https://www.amazon.com/dp/B079ZX2QBD?tag=eloabder-20&linkCode=osi&th=1&psc=1">View Product</a></div><div class="product"><a href="https://www.amazon.com/dp/B01LTI19EM?tag=eloabder-20&linkCode=osi&th=1&psc=1"><img src="https://m.media-amazon.com/images/I/31dqwnDSWYL._SL500_.jpg" alt="Product Image"></a><p>Revlon Lip Liner, Colorstay Lip Makeup with Built-in-Sharpener, Longwear Rich Lip Colors, Smooth Application, 630 Nude, 0.01 oz</p><p>$6.94</p><a href="https://www.amazon.com/dp/B01LTI19EM?tag=eloabder-20&linkCode=osi&th=1&psc=1">View Product</a></div><div class="product"><a href="https://www.amazon.com/dp/B07PKW2MKF?tag=eloabder-20&linkCode=osi&th=1&psc=1"><img src="https://m.media-amazon.com/images/I/41Z7GVpsqBL._SL500_.jpg" alt="Product Image"></a><p>wet n wild Lip Liner Perfect Pout Matte Retractable Gel Lip Liner Pencil, Purple Lay Down the Mauves</p><p>$3.29</p><a href="https://www.amazon.com/dp/B07PKW2MKF?tag=eloabder-20&linkCode=osi&th=1&psc=1">View Product</a></div><div class="product"><a href="https://www.amazon.com/dp/B0CMYQBRTW?tag=eloabder-20&linkCode=osi&th=1&psc=1"><img src="https://m.media-amazon.com/images/I/21uY0T3ER3L._SL500_.jpg" alt="Product Image"></a><p>e.l.f. Cream Glide Lip Liner, Highly-Pigmented Pencil For Shaping & Sculpting Lips, Semi-Matte Finish, Vegan & Cruelty-Free, Truth or Bare</p><p>$2.00</p><a href="https://www.amazon.com/dp/B0CMYQBRTW?tag=eloabder-20&linkCode=osi&th=1&psc=1">View Product</a></div><div class="product"><a href="https://www.amazon.com/dp/B01LZ2A9H5?tag=eloabder-20&linkCode=osi&th=1&psc=1"><img src="https://m.media-amazon.com/images/I/317eibjWZ1L._SL500_.jpg" alt="Product Image"></a><p>Maybelline Color Sensational Shaping Lip Liner with Self-Sharpening Tip, Magnetic Mauve, Mauve Pink, 1 Count</p><p>$6.98</p><a href="https://www.amazon.com/dp/B01LZ2A9H5?tag=eloabder-20&linkCode=osi&th=1&psc=1">View Product</a></div><div class="product"><a href="https://www.amazon.com/dp/B0CZBMYB36?tag=eloabder-20&linkCode=osi&th=1&psc=1"><img src="https://m.media-amazon.com/images/I/313kn3zESlL._SL500_.jpg" alt="Product Image"></a><p>MAYBELLINE Lifter Liner Lip Liner Pencil with Hyaluronic Acid, On It, 1 Count</p><p>$7.98</p><a href="https://www.amazon.com/dp/B0CZBMYB36?tag=eloabder-20&linkCode=osi&th=1&psc=1">View Product</a></div><div class="product"><a href="https://www.amazon.com/dp/B013VWRYXE?tag=eloabder-20&linkCode=osi&th=1&psc=1"><img src="https://m.media-amazon.com/images/I/51DYeydMNqL._SL500_.jpg" alt="Product Image"></a><p>12pc Italia Deluxe Ultra Fine Lip Liner set of 12 color</p><p>$9.85</p><a href="https://www.amazon.com/dp/B013VWRYXE?tag=eloabder-20&linkCode=osi&th=1&psc=1">View Product</a></div><div class="product"><a href="https://www.amazon.com/dp/B08CFSS35N?tag=eloabder-20&linkCode=osi&th=1&psc=1"><img src="https://m.media-amazon.com/images/I/212BftJ6SzL._SL500_.jpg" alt="Product Image"></a><p>Rimmel Lasting Finish 8HR Soft Lip Liner Pencil - Vibrant, Blendable Formula to Lock Lipstick in Place for 8 Hours - 705 Cappuccino, .04oz</p><p>$5.99</p><a href="https://www.amazon.com/dp/B08CFSS35N?tag=eloabder-20&linkCode=osi&th=1&psc=1">View Product</a></div><div class="product"><a href="https://www.amazon.com/dp/B0BVPNQW1C?tag=eloabder-20&linkCode=osi&th=1&psc=1"><img src="https://m.media-amazon.com/images/I/31a29qwVsOL._SL500_.jpg" alt="Product Image"></a><p>Sacheu Lip Liner Stay-N - Peel Off Lip Liner Tattoo, Peel Off Lip Stain, Long Lasting Lip Stain Peel Off, Infused with Hyaluronic Acid & Vitamin E, For All Skin Types, p-INKED</p><p>$12.00</p><a href="https://www.amazon.com/dp/B0BVPNQW1C?tag=eloabder-20&linkCode=osi&th=1&psc=1">View Product</a></div><div class="product"><a href="https://www.amazon.com/dp/B005G9LPDQ?tag=eloabder-20&linkCode=osi&th=1&psc=1"><img src="https://m.media-amazon.com/images/I/31S6bAW3pDL._SL500_.jpg" alt="Product Image"></a><p>NYX PROFESSIONAL MAKEUP Mechanical Lip Liner Pencil, Nude Pink</p><p>$4.99</p><a href="https://www.amazon.com/dp/B005G9LPDQ?tag=eloabder-20&linkCode=osi&th=1&psc=1">View Product</a></div>
<div class="product"><a href="https://www.amazon.com/dp/B0C7W6GW8P?tag=eloabder-20&linkCode=osi&th=1&psc=1"><img src="https://m.media-amazon.com/images/I/31Z6RdO3GRL._SL500_.jpg" alt="Product Image"></a><p>e.l.f. Squeeze Me Lip Balm, Moisturizing Lip Balm For A Sheer Tint Of Color, Infused With Hyaluronic Acid, Vegan & Cruelty-free, Strawberry</p><p>$4.00</p><a href="https://www.amazon.com/dp/B0C7W6GW8P?tag=eloabder-20&linkCode=osi&th=1&psc=1">View Product</a></div><div class="product"><a href="https://www.amazon.com/dp/B001R1UD3K?tag=eloabder-20&linkCode=osi&th=1&psc=1"><img src="https://m.media-amazon.com/images/I/41QzfNZqHrL._SL500_.jpg" alt="Product Image"></a><p>Carmex Original Flavor Moisturizing Lip Balm Tube Value Pack,0.35 Ounce (3 Count)</p><p>$2.94</p><a href="https://www.amazon.com/dp/B001R1UD3K?tag=eloabder-20&linkCode=osi&th=1&psc=1">View Product</a></div><div class="product"><a href="https://www.amazon.com/dp/B07QYWXCCT?tag=eloabder-20&linkCode=osi&th=1&psc=1"><img src="https://m.media-amazon.com/images/I/51T+6mCUskL._SL500_.jpg" alt="Product Image"></a><p>Jack Black Intense Therapy Lip Balm, 0.25-Oz., Pack of 3 – Natural Mint & Shea Butter, SPF 25 Sun Protection, Lip Moisturizer, Hydrating Lip Balm with SPF, Long Lasting Treatment</p><p>$24.00 ($32.00 / Ounce)</p><a href="https://www.amazon.com/dp/B07QYWXCCT?tag=eloabder-20&linkCode=osi&th=1&psc=1">View Product</a></div><div class="product"><a href="https://www.amazon.com/dp/B0044B4HSM?tag=eloabder-20&linkCode=osi&th=1&psc=1"><img src="https://m.media-amazon.com/images/I/51-qb5fLclL._SL500_.jpg" alt="Product Image"></a><p>Blistex Medicated Lip Balm, 0.15 Ounce, 3 Count (Pack of 1) Prevent Dryness & Chapping, SPF 15 Sun Protection, Seals in Moisture, Hydrating Lip Balm, Easy Glide Formula for Full Coverage</p><p>$3.94</p><a href="https://www.amazon.com/dp/B0044B4HSM?tag=eloabder-20&linkCode=osi&th=1&psc=1">View Product</a></div><div class="product"><a href="https://www.amazon.com/dp/B0C1TFHMCT?tag=eloabder-20&linkCode=osi&th=1&psc=1"><img src="https://m.media-amazon.com/images/I/51aYODckhsL._SL500_.jpg" alt="Product Image"></a><p>Vaseline Lip Therapy Care Original, Fast-Acting Nourishment, Ideal for Chapped, Dry, Cracked, or Damaged Lips, Lip Balm, 0.16 Ounce (Pack of 4)</p><p>$5.00</p><a href="https://www.amazon.com/dp/B0C1TFHMCT?tag=eloabder-20&linkCode=osi&th=1&psc=1">View Product</a></div><div class="product"><a href="https://www.amazon.com/dp/B0CZXG68J4?tag=eloabder-20&linkCode=osi&th=1&psc=1"><img src="https://m.media-amazon.com/images/I/41Xkis0092L._SL500_.jpg" alt="Product Image"></a><p>CNP Honey Lip Butter (0.5 fl.oz / 15ml) - Propolis Lipcerin™, Hydrating Overnight Manuka Lip Balm & Mask, 12hrs Long-lasting Moisture, Gentle Exfoliation, Hygienic Twist Dispenser, Korean Skin Care</p><p>$13.64 ($27.28 / Fl Oz)</p><a href="https://www.amazon.com/dp/B0CZXG68J4?tag=eloabder-20&linkCode=osi&th=1&psc=1">View Product</a></div><div class="product"><a href="https://www.amazon.com/dp/B07MSG1HPK?tag=eloabder-20&linkCode=osi&th=1&psc=1"><img src="https://m.media-amazon.com/images/I/21RmonQcC5L._SL500_.jpg" alt="Product Image"></a><p>La Roche-Posay Cicaplast Lip Balm B5 | Hydrating Lip Balm with Shea Butter | Lip Treatment for Dry Cracked Lips | Moisturizing and Repairing Lip Balm | Fragrance Free</p><p>$9.99</p><a href="https://www.amazon.com/dp/B07MSG1HPK?tag=eloabder-20&linkCode=osi&th=1&psc=1">View Product</a></div>
<div class="product"><a href="https://www.amazon.com/dp/B099RYFLSW?tag=eloabder-20&linkCode=osi&th=1&psc=1"><img src="https://m.media-amazon.com/images/I/31IMjST8noL._SL500_.jpg" alt="Product Image"></a><p>ETUDE Dear Darling Water Tint Cherry Ade (21AD) | Vivid Color Lip Stain with Moisturizing Weightless & Non-sticky Finish Lip Stain | Smudge-proof & Lightweight Lip Tint | K-beauty</p><p>$6.67 ($20.84 / Fl Oz)</p><a href="https://www.amazon.com/dp/B099RYFLSW?tag=eloabder-20&linkCode=osi&th=1&psc=1">View Product</a></div><div class="product"><a href="https://www.amazon.com/dp/B0C7Q4Q9SX?tag=eloabder-20&linkCode=osi&th=1&psc=1"><img src="https://m.media-amazon.com/images/I/51SO2tY6q-L._SL500_.jpg" alt="Product Image"></a><p>6 Colors Lip Tint Stain Set, Korean Lip Gloss Plumping Mini Liquid Lipstick, Multi-use Lip and Cheek Tint,Waterproof&Long Lasting,Natural Lip Stain Non-Sticky,Vivid Color (Avocado)</p><p>$7.99 ($4.00 / Fl Oz)</p><a href="https://www.amazon.com/dp/B0C7Q4Q9SX?tag=eloabder-20&linkCode=osi&th=1&psc=1">View Product</a></div><div class="product"><a href="https://www.amazon.com/dp/B0B56TC2G5?tag=eloabder-20&linkCode=osi&th=1&psc=1"><img src="https://m.media-amazon.com/images/I/31wrei57oIL._SL500_.jpg" alt="Product Image"></a><p>essence | What a Tint! Lip & Cheek Tint | Long-Lasting Liquid Blush & Lip Stain | Non-Sticky & Kiss-Proof | Vegan & Cruelty Free</p><p>$4.99 ($31.19 / Fl Oz)</p><a href="https://www.amazon.com/dp/B0B56TC2G5?tag=eloabder-20&linkCode=osi&th=1&psc=1">View Product</a></div><div class="product"><a href="https://www.amazon.com/dp/B0163BMUFM?tag=eloabder-20&linkCode=osi&th=1&psc=1"><img src="https://m.media-amazon.com/images/I/41p6DP49DfL._SL500_.jpg" alt="Product Image"></a><p>Burt's Bees Lip Tint Balm with Long Lasting 2 in 1 Duo Tinted Balm Formula, Color Infused with Deeply Hydrating Shea Butter for a Natural Looking Buildable Finish, Fiery Red Dahlia (2-Pack)</p><p>$9.20</p><a href="https://www.amazon.com/dp/B0163BMUFM?tag=eloabder-20&linkCode=osi&th=1&psc=1">View Product</a></div><div class="product"><a href="https://www.amazon.com/dp/B07NTPQRL5?tag=eloabder-20&linkCode=osi&th=1&psc=1"><img src="https://m.media-amazon.com/images/I/21-ZJZEUADL._SL500_.jpg" alt="Product Image"></a><p>Honest Beauty Tinted Lip Balm | Antioxidant-rich Acai Extracts + Avocado Oil | EWG Certified, Vegan, Cruelty Free | Summer Melon</p><p>$7.80</p><a href="https://www.amazon.com/dp/B07NTPQRL5?tag=eloabder-20&linkCode=osi&th=1&psc=1">View Product</a></div><div class="product"><a href="https://www.amazon.com/dp/B0CMJXGCFQ?tag=eloabder-20&linkCode=osi&th=1&psc=1"><img src="https://m.media-amazon.com/images/I/31c6yEqB00L._SL500_.jpg" alt="Product Image"></a><p>e.l.f. Glow Reviver Lip Oil, Nourishing Tinted Lip Oil For A High-shine Finish, Infused With Jojoba Oil, Vegan & Cruelty-free, Jam Session</p><p>$8.00</p><a href="https://www.amazon.com/dp/B0CMJXGCFQ?tag=eloabder-20&linkCode=osi&th=1&psc=1">View Product</a></div><div class="product"><a href="https://www.amazon.com/dp/B0B9YHX8DX?tag=eloabder-20&linkCode=osi&th=1&psc=1"><img src="https://m.media-amazon.com/images/I/31A-yoM7ZqL._SL500_.jpg" alt="Product Image"></a><p>Wonderskin Wonder Blading Lip Stain Peel Off Masque - Long Lasting, Waterproof and Transfer Proof Nude Lip Tint, Matte Finish Peel Off Lip Stain (Whimsical Masque)</p><p>$22.00</p><a href="https://www.amazon.com/dp/B0B9YHX8DX?tag=eloabder-20&linkCode=osi&th=1&psc=1">View Product</a></div><div class="product"><a href="https://www.amazon.com/dp/B0C3CWWMJM?tag=eloabder-20&linkCode=osi&th=1&psc=1"><img src="https://m.media-amazon.com/images/I/51evW1YGQdL._SL500_.jpg" alt="Product Image"></a><p>Eakroo 6 Colors Lip Tint Stain Mini Liquid Lipstick, Korean Lip Gloss Moisturizing Natural, Multi-Use Lip and Cheek Tint, Non-Stick Cup, Lightweight, High Pigment, Long-Lasting, Vivid Color</p><p>$7.99 ($2.89 / Fl Oz)</p><a href="https://www.amazon.com/dp/B0C3CWWMJM?tag=eloabder-20&linkCode=osi&th=1&psc=1">View Product</a></div><div class="product"><a href="https://www.amazon.com/dp/B09LB91W1H?tag=eloabder-20&linkCode=osi&th=1&psc=1"><img src="https://m.media-amazon.com/images/I/21UsOgVkNxL._SL500_.jpg" alt="Product Image"></a><p>CoverGirl Clean Fresh Tinted Lip Balm, Vegan Formula, Hydrating, Natural Finish, Cruelty Free, Bliss You Berry, 1 Count</p><p>$5.88 ($42.00 / Ounce)</p><a href="https://www.amazon.com/dp/B09LB91W1H?tag=eloabder-20&linkCode=osi&th=1&psc=1">View Product</a></div>
<div class="product"><a href="https://www.amazon.com/dp/B0B4F8FP1V?tag=eloabder-20&linkCode=osi&th=1&psc=1"><img src="https://m.media-amazon.com/images/I/31zD0oZazrL._SL500_.jpg" alt="Product Image"></a><p>e.l.f. Cosmetics Glossy Lip Stain, Lightweight, Long-Wear Lip Stain For A Sheer Pop Of Color & Subtle Gloss Effect, Berry Queen</p><p>$6.00</p><a href="https://www.amazon.com/dp/B0B4F8FP1V?tag=eloabder-20&linkCode=osi&th=1&psc=1">View Product</a></div><div class="product"><a href="https://www.amazon.com/dp/B0B9YH9PZK?tag=eloabder-20&linkCode=osi&th=1&psc=1"><img src="https://m.media-amazon.com/images/I/31irqkpVbvL._SL500_.jpg" alt="Product Image"></a><p>Wonderskin Wonder Blading Lip Stain Peel Off Masque - Long Lasting, Waterproof and Transfer Proof Pink Lip Tint, Matte Finish Peel Off Lip Stain (First Kiss Masque)</p><p>$22.00</p><a href="https://www.amazon.com/dp/B0B9YH9PZK?tag=eloabder-20&linkCode=osi&th=1&psc=1">View Product</a></div><div class="product"><a href="https://www.amazon.com/dp/B0CLYN8F9L?tag=eloabder-20&linkCode=osi&th=1&psc=1"><img src="https://m.media-amazon.com/images/I/218WFwKw6qL._SL500_.jpg" alt="Product Image"></a><p>COVERGIRL Outlast, 05 All-Star, Lipstain, Smooth Application, Precise Pen-Like Tip, Transfer-Proof, Satin Stained Finish, Vegan Formula, 0.06oz</p><p>$8.98</p><a href="https://www.amazon.com/dp/B0CLYN8F9L?tag=eloabder-20&linkCode=osi&th=1&psc=1">View Product</a></div><div class="product"><a href="https://www.amazon.com/dp/B0CLDDVBF4?tag=eloabder-20&linkCode=osi&th=1&psc=1"><img src="https://m.media-amazon.com/images/I/318rUce3+fL._SL500_.jpg" alt="Product Image"></a><p>Sacheu Lip Liner Stay-N - Peel Off Lip Liner Tattoo, Peel Off Lip Stain, Long Lasting Lip Stain Peel Off, Infused with Hyaluronic Acid & Vitamin E, For All Skin Types, HEY-zel</p><p>$12.00 ($100.00 / Fl Oz)</p><a href="https://www.amazon.com/dp/B0CLDDVBF4?tag=eloabder-20&linkCode=osi&th=1&psc=1">View Product</a></div><div class="product"><a href="https://www.amazon.com/dp/B001CWGFYU?tag=eloabder-20&linkCode=osi&th=1&psc=1"><img src="https://m.media-amazon.com/images/I/41wMMGxFtlL._SL500_.jpg" alt="Product Image"></a><p>Palladio Lip Stain, Hydrating and Waterproof Formula, Matte Color Look, Longlasting All Day Wear Lip Color, Smudge Proof Natural Finish, Precise Chisel Tip Marker, Nude</p><p>$8.99</p><a href="https://www.amazon.com/dp/B001CWGFYU?tag=eloabder-20&linkCode=osi&th=1&psc=1">View Product</a></div><div class="product"><a href="https://www.amazon.com/dp/B0CHJ8YL6G?tag=eloabder-20&linkCode=osi&th=1&psc=1"><img src="https://m.media-amazon.com/images/I/41amIuqcaJL._SL500_.jpg" alt="Product Image"></a><p>Cilrofelr Peel Off Lip Liner Stain, Long Wear Tattoo Lip Liner with Tweezer, Peel Off Lip Stain with Matte Finish, Long Lasting, Waterproof, Transfer-proof, Highly Pigmented Color (Mauve)</p><p>$14.99 ($187.38 / Fl Oz)</p><a href="https://www.amazon.com/dp/B0CHJ8YL6G?tag=eloabder-20&linkCode=osi&th=1&psc=1">View Product</a></div><div class="product"><a href="https://www.amazon.com/dp/B0CNCSLDBB?tag=eloabder-20&linkCode=osi&th=1&psc=1"><img src="https://m.media-amazon.com/images/I/31EPLmbi1eL._SL500_.jpg" alt="Product Image"></a><p>ETUDE Fixing Tint #05 Midnight Mauve (23AD) | Long Lasting High Pigmented Liquid Lipstick | Waterproof Lightweight Matte Finish Lip Stain | Full Coverage</p><p>$12.00</p><a href="https://www.amazon.com/dp/B0CNCSLDBB?tag=eloabder-20&linkCode=osi&th=1&psc=1">View Product</a></div><div class="product"><a href="https://www.amazon.com/dp/B0CKF2WFNQ?tag=eloabder-20&linkCode=osi&th=1&psc=1"><img src="https://m.media-amazon.com/images/I/41GyA+oYguL._SL500_.jpg" alt="Product Image"></a><p>NOONI Korean Lip Oil - Applefig | Lip Stain, Gift, Long-Lasting, Moisturizing, Plumping, Revitalizing for Dry Lips, Waterproof, No Peel Off, Korean Lip Tint, Magenta Purple, 0.12 Fl Oz</p><p>$12.00 ($100.00 / Fl Oz)</p><a href="https://www.amazon.com/dp/B0CKF2WFNQ?tag=eloabder-20&linkCode=osi&th=1&psc=1">View Product</a></div>
<div class="product"><a href="https://www.amazon.com/dp/B01NAI251H?tag=eloabder-20&linkCode=osi&th=1&psc=1"><img src="https://m.media-amazon.com/images/I/51gC3z3vEIL._SL500_.jpg" alt="Product Image"></a><p>Handmade Heroes 100% Natural Lip Scrub, Vegan Conditioning Coconut Exfoliator - Gentle Exfoliant, Sugar Polish and Scrubber for Chapped Dry Lips, 1oz (Coconut Sorbet)</p><p>$6.99</p><a href="https://www.amazon.com/dp/B01NAI251H?tag=eloabder-20&linkCode=osi&th=1&psc=1">View Product</a></div><div class="product"><a href="https://www.amazon.com/dp/B0C7WQ3Z6H?tag=eloabder-20&linkCode=osi&th=1&psc=1"><img src="https://m.media-amazon.com/images/I/318wm99nh1L._SL500_.jpg" alt="Product Image"></a><p>e.l.f. Lip Exfoliator, Moisturizing Scented Lip Scrub For Exfoliating & Smoothing Lips, Infused With Jojoba Oil, Vegan & Cruelty-free, Strawberry</p><p>$5.00 ($50.00 / Ounce)</p><a href="https://www.amazon.com/dp/B0C7WQ3Z6H?tag=eloabder-20&linkCode=osi&th=1&psc=1">View Product</a></div><div class="product"><a href="https://www.amazon.com/dp/B0759HSBQC?tag=eloabder-20&linkCode=osi&th=1&psc=1"><img src="https://m.media-amazon.com/images/I/3165YiRlcNL._SL500_.jpg" alt="Product Image"></a><p>Revlon Lip Scrub Balm, Kiss Sugar Scrub Exfoliator, Lip Makeup with 24 Hour Long Lasting Hydration, Sugar Mint, 0.09 oz</p><p>$5.48</p><a href="https://www.amazon.com/dp/B0759HSBQC?tag=eloabder-20&linkCode=osi&th=1&psc=1">View Product</a></div><div class="product"><a href="https://www.amazon.com/dp/B0B15MRHM4?tag=eloabder-20&linkCode=osi&th=1&psc=1"><img src="https://m.media-amazon.com/images/I/414XRjPg6AL._SL500_.jpg" alt="Product Image"></a><p>Brooklyn Botany Lip Scrub Exfoliator 1 oz – Lip Moisturizer for Dry Lips and Chapped Lips – Gentle Lip Exfoliator for Smooth and Brighter Lips – Vanilla Flavor</p><p>$7.99</p><a href="https://www.amazon.com/dp/B0B15MRHM4?tag=eloabder-20&linkCode=osi&th=1&psc=1">View Product</a></div><div class="product"><a href="https://www.amazon.com/dp/B0CNQ72M6B?tag=eloabder-20&linkCode=osi&th=1&psc=1"><img src="https://m.media-amazon.com/images/I/310xvYvYEkL._SL500_.jpg" alt="Product Image"></a><p>W7 Sweet Dreams Lip Scrub & Overnight Lip Mask Duo - 2Pcs Set - Strawberry Flavour - Exfoliate, Condition, Soothe & Hydrate</p><p>$9.95 ($4.98 / Count)</p><a href="https://www.amazon.com/dp/B0CNQ72M6B?tag=eloabder-20&linkCode=osi&th=1&psc=1">View Product</a></div><div class="product"><a href="https://www.amazon.com/dp/B09FYYRJ4Y?tag=eloabder-20&linkCode=osi&th=1&psc=1"><img src="https://m.media-amazon.com/images/I/41HDVJYOBRL._SL500_.jpg" alt="Product Image"></a><p>Lip Scrub Treatment, Lip Scrubs Exfoliating Moisturizer Sugar Lip Surb Cruelty-Free for Repairing Dry & Chapped & Peeling and Cracked Lips, the Best Gift for Lip Care in Autumn and Winter(Orange)</p><p>$2.99 ($1.04 / Ounce)</p><a href="https://www.amazon.com/dp/B09FYYRJ4Y?tag=eloabder-20&linkCode=osi&th=1&psc=1">View Product</a></div><div class="product"><a href="https://www.amazon.com/dp/B083588MZP?tag=eloabder-20&linkCode=osi&th=1&psc=1"><img src="https://m.media-amazon.com/images/I/31qe+dPu0WL._SL500_.jpg" alt="Product Image"></a><p>Milani Rose Sugar Lip Scrub - Lip Exfoliator to Help With Lip Care and Lip Repair</p><p>$7.04 ($7.04 / Count)</p><a href="https://www.amazon.com/dp/B083588MZP?tag=eloabder-20&linkCode=osi&th=1&psc=1">View Product</a></div><div class="product"><a href="https://www.amazon.com/dp/B085NDWSZW?tag=eloabder-20&linkCode=osi&th=1&psc=1"><img src="https://m.media-amazon.com/images/I/31QVvbj+z9L._SL500_.jpg" alt="Product Image"></a><p>3 Pcs Lip Scrub Brush,Lip Scrubber Exfoliator,Silicone Lip Brush Tool Double-Sided Mini Exfoliating Brush For Men Women Lip Lightening For Dark Lips Exfoliator Scrub Brush</p><p>$3.47 ($1.16 / Count)</p><a href="https://www.amazon.com/dp/B085NDWSZW?tag=eloabder-20&linkCode=osi&th=1&psc=1">View Product</a></div><div class="product"><a href="https://www.amazon.com/dp/B0CMQ6YN87?tag=eloabder-20&linkCode=osi&th=1&psc=1"><img src="https://m.media-amazon.com/images/I/41KZ7zmBA8L._SL500_.jpg" alt="Product Image"></a><p>EJW Nourishing Lip Scrub - Infused with Coconut Oil, Olive Fruit Oil, and Jojoba Seed Oil, 1.05oz - Exfoliate, Hydrate, and Glow for Chapped Dry, Dark Lips</p><p>$7.27</p><a href="https://www.amazon.com/dp/B0CMQ6YN87?tag=eloabder-20&linkCode=osi&th=1&psc=1">View Product</a></div>
<div class="product"><a href="https://www.amazon.com/dp/B01LYWTZT2?tag=eloabder-20&linkCode=osi&th=1&psc=1"><img src="https://m.media-amazon.com/images/I/315xsyPtBfL._SL500_.jpg" alt="Product Image"></a><p>Too Faced Lip Injection Travel Size Extreme Lip Plumper, Original, 0.1 Fl Oz</p><p>$16.00 ($160.00 / Fl Oz)</p><a href="https://www.amazon.com/dp/B01LYWTZT2?tag=eloabder-20&linkCode=osi&th=1&psc=1">View Product</a></div><div class="product"><a href="https://www.amazon.com/dp/B094LT5LM4?tag=eloabder-20&linkCode=osi&th=1&psc=1"><img src="https://m.media-amazon.com/images/I/1174dCa9FqS._SL500_.jpg" alt="Product Image"></a><p>City Beauty City Lips Plumping Lip Gloss - Ultra High-Shine Gloss for Fuller, Healthier, Younger-Looking Lips | Hydrating & Smoothing Lip Treatment Lip Plumper with Hyaluronic Acid & Oligopeptides</p><p>$35.00 ($218.75 / Fl Oz)</p><a href="https://www.amazon.com/dp/B094LT5LM4?tag=eloabder-20&linkCode=osi&th=1&psc=1">View Product</a></div><div class="product"><a href="https://www.amazon.com/dp/B08XZQ4YQ2?tag=eloabder-20&linkCode=osi&th=1&psc=1"><img src="https://m.media-amazon.com/images/I/41cN7l9csUL._SL500_.jpg" alt="Product Image"></a><p>essence | What the Fake! Plumping Lip Filler | Lip Gloss for Full, Voluminous Lips | Translucent Pearly Finish | Vegan & Cruelty Free, Gluten Free, Paraben Free</p><p>$4.99 ($35.64 / Fl Oz )</p><a href="https://www.amazon.com/dp/B08XZQ4YQ2?tag=eloabder-20&linkCode=osi&th=1&psc=1">View Product</a></div><div class="product"><a href="https://www.amazon.com/dp/B0CR7GSPFP?tag=eloabder-20&linkCode=osi&th=1&psc=1"><img src="https://m.media-amazon.com/images/I/41y+VaB2iDL._SL500_.jpg" alt="Product Image"></a><p>NYX PROFESSIONAL MAKEUP Duck Plump High Pigment Plumping Lip Gloss with Spicy Ginger, Vegan Lip Makeup - Cherry Spice (Transparent Red)</p><p>$9.75</p><a href="https://www.amazon.com/dp/B0CR7GSPFP?tag=eloabder-20&linkCode=osi&th=1&psc=1">View Product</a></div><div class="product"><a href="https://www.amazon.com/dp/B0CPYMLVJJ?tag=eloabder-20&linkCode=osi&th=1&psc=1"><img src="https://m.media-amazon.com/images/I/31qGoOFwP7L._SL500_.jpg" alt="Product Image"></a><p>e.l.f. Pout Clout Lip Plumping Pen, Nourishing Lip Balm For Sheer Color & Shine, Plumps & Moisturizes, Vegan & Cruelty-Free, In The Clear</p><p>$8.00</p><a href="https://www.amazon.com/dp/B0CPYMLVJJ?tag=eloabder-20&linkCode=osi&th=1&psc=1">View Product</a></div><div class="product"><a href="https://www.amazon.com/dp/B086QRYHYT?tag=eloabder-20&linkCode=osi&th=1&psc=1"><img src="https://m.media-amazon.com/images/I/41IVWGl-frL._SL500_.jpg" alt="Product Image"></a><p>KISSIO Lip Plumper,Natural Lip Plumper for Day Use,Lip Plumping Gloss Make Lips Fuller and Moisturizing 5.5ml</p><p>$9.89</p><a href="https://www.amazon.com/dp/B086QRYHYT?tag=eloabder-20&linkCode=osi&th=1&psc=1">View Product</a></div><div class="product"><a href="https://www.amazon.com/dp/B074G382ZR?tag=eloabder-20&linkCode=osi&th=1&psc=1"><img src="https://m.media-amazon.com/images/I/31h-Mpx5OOL._SL500_.jpg" alt="Product Image"></a><p>e.l.f. Lip Plumping Gloss, Hydrating, Nourishing, Invigorating, High-Shine, Plumps, Volumizes, Cools, Soothes, Shimmer, Pink Cosmo 8 Ounce 0.09 Fl Oz</p><p>$7.00</p><a href="https://www.amazon.com/dp/B074G382ZR?tag=eloabder-20&linkCode=osi&th=1&psc=1">View Product</a></div><div class="product"><a href="https://www.amazon.com/dp/B08RRY5PF2?tag=eloabder-20&linkCode=osi&th=1&psc=1"><img src="https://m.media-amazon.com/images/I/41HjvvFXBpL._SL500_.jpg" alt="Product Image"></a><p>Physicians Formula Mineral Wear Diamond Lip Plumper Gloss, Dermatologist Tested, Light Pink Princess Cut</p><p>$7.28</p><a href="https://www.amazon.com/dp/B08RRY5PF2?tag=eloabder-20&linkCode=osi&th=1&psc=1">View Product</a></div>
<div class="product"><a href="https://www.amazon.com/dp/B017PCGAXQ?tag=eloabder-20&linkCode=osi&th=1&psc=1"><img src="https://m.media-amazon.com/images/I/31-daQlUgGL._SL500_.jpg" alt="Product Image"></a><p>Garnier Micellar Water For Waterproof Makeup, Hydrating Facial Cleanser & Makeup Remover, Suitable for Sensitive Skin, Vegan, Cruelty Free, 13.5 Fl Oz (400mL), 1 Count</p><p>$8.97 ($0.66 / Fl Oz)</p><a href="https://www.amazon.com/dp/B017PCGAXQ?tag=eloabder-20&linkCode=osi&th=1&psc=1">View Product</a></div><div class="product"><a href="https://www.amazon.com/dp/B017PCGABI?tag=eloabder-20&linkCode=osi&th=1&psc=1"><img src="https://m.media-amazon.com/images/I/3106WC85aAL._SL500_.jpg" alt="Product Image"></a><p>Garnier Micellar Water, Hydrating Facial Cleanser & Makeup Remover, Suitable for Sensitive Skin, Vegan, Cruelty Free, 13.5 Fl Oz (400mL), 1 Count</p><p>$8.97 ($0.66 / Fl Oz)</p><a href="https://www.amazon.com/dp/B017PCGABI?tag=eloabder-20&linkCode=osi&th=1&psc=1">View Product</a></div><div class="product"><a href="https://www.amazon.com/dp/B00U2VQZDS?tag=eloabder-20&linkCode=osi&th=1&psc=1"><img src="https://m.media-amazon.com/images/I/41VzZfHAKpL._SL500_.jpg" alt="Product Image"></a><p>Neutrogena Makeup Remover Wipes, Ultra-Soft Cleansing Facial Towelettes for Waterproof Makeup, Alcohol-Free, Plant-Based, Twin Pack, 25 Count (Pack of 2)</p><p>$8.97 ($0.18 / Count)</p><a href="https://www.amazon.com/dp/B00U2VQZDS?tag=eloabder-20&linkCode=osi&th=1&psc=1">View Product</a></div><div class="product"><a href="https://www.amazon.com/dp/B07T9JV956?tag=eloabder-20&linkCode=osi&th=1&psc=1"><img src="https://m.media-amazon.com/images/I/310x+0QrxsL._SL500_.jpg" alt="Product Image"></a><p>Neutrogena Gentle Oil-Free Eye Makeup Remover & Cleanser for Sensitive Eyes, Non-Greasy Makeup Remover, Removes Waterproof Mascara, Dermatologist & Ophthalmologist Tested, 8.0 fl. oz</p><p>$9.39 ($1.17 / Fl Oz)</p><a href="https://www.amazon.com/dp/B07T9JV956?tag=eloabder-20&linkCode=osi&th=1&psc=1">View Product</a></div><div class="product"><a href="https://www.amazon.com/dp/B01M31HY3S?tag=eloabder-20&linkCode=osi&th=1&psc=1"><img src="https://m.media-amazon.com/images/I/319i79e7f4L._SL500_.jpg" alt="Product Image"></a><p>Cetaphil Gentle Waterproof Makeup Remover, Mother's Day Gifts, Oil-Free Formula Suitable for Sensitive Skin, 6.0 Fluid Ounce</p><p>$9.87 ($1.64 / Fl Oz)</p><a href="https://www.amazon.com/dp/B01M31HY3S?tag=eloabder-20&linkCode=osi&th=1&psc=1">View Product</a></div><div class="product"><a href="https://www.amazon.com/dp/B07SS6LFRG?tag=eloabder-20&linkCode=osi&th=1&psc=1"><img src="https://m.media-amazon.com/images/I/31Mwa89HfCL._SL500_.jpg" alt="Product Image"></a><p>Amazon Basics Eye Makeup Remover, Removes Waterproof Mascara, Dermatologist Tested, Fragrance Free, 5.5 Fl Oz (Pack of 1)</p><p>$5.99 ($1.09 / Fl Oz)</p><a href="https://www.amazon.com/dp/B07SS6LFRG?tag=eloabder-20&linkCode=osi&th=1&psc=1">View Product</a></div><div class="product"><a href="https://www.amazon.com/dp/B08TQTT8LK?tag=eloabder-20&linkCode=osi&th=1&psc=1"><img src="https://m.media-amazon.com/images/I/31R-Y-dhjEL._SL500_.jpg" alt="Product Image"></a><p>e.l.f. Holy Hydration! Makeup Melting Cleansing Balm, Face Cleanser & Makeup Remover, Infused with Hyaluronic Acid to Hydrate Skin, 2 Oz</p><p>$11.00 ($5.50 / Ounce)</p><a href="https://www.amazon.com/dp/B08TQTT8LK?tag=eloabder-20&linkCode=osi&th=1&psc=1">View Product</a></div><div class="product"><a href="https://www.amazon.com/dp/B08Q3CQM7X?tag=eloabder-20&linkCode=osi&th=1&psc=1"><img src="https://m.media-amazon.com/images/I/31edyzkByfL._SL500_.jpg" alt="Product Image"></a><p>JUNO & Co. Clean 10 Cleansing Balm 10 Ingredients Makeup Remover 85g / 3.0oz</p><p>$14.99 ($5.00 / Ounce)</p><a href="https://www.amazon.com/dp/B08Q3CQM7X?tag=eloabder-20&linkCode=osi&th=1&psc=1">View Product</a></div><div class="product"><a href="https://www.amazon.com/dp/B0B1PP1XCM?tag=eloabder-20&linkCode=osi&th=1&psc=1"><img src="https://m.media-amazon.com/images/I/31kOCqV2+BL._SL500_.jpg" alt="Product Image"></a><p>CeraVe Cleansing Balm for Sensitive Skin | Hydrating Makeup Remover with Ceramides and Plant-based Jojoba Oil for Face | Non-Comedogenic Fragrance Free Non-Greasy |1.3 Ounces</p><p>$9.97 ($7.67 / Ounce)</p><a href="https://www.amazon.com/dp/B0B1PP1XCM?tag=eloabder-20&linkCode=osi&th=1&psc=1">View Product</a></div><div class="product"><a href="https://www.amazon.com/dp/B0BX65V1BZ?tag=eloabder-20&linkCode=osi&th=1&psc=1"><img src="https://m.media-amazon.com/images/I/31t6WiWvdDL._SL500_.jpg" alt="Product Image"></a><p>Prime Prometics PrimeSkin Beauty Water – Deeply Hydrating Pro-Age Make-Up Remover for Mature Women – Clean, One Swipe – for All Skin Types – pH balanced, Hypoallergenic</p><p>$27.00 ($5.29 / Fl Oz)</p><a href="https://www.amazon.com/dp/B0BX65V1BZ?tag=eloabder-20&linkCode=osi&th=1&psc=1">View Product</a></div>
<div class="product"><a href="https://www.amazon.com/dp/B0B642XWV8?tag=eloabder-20&linkCode=osi&th=1&psc=1"><img src="https://m.media-amazon.com/images/I/31PQPhUWqyL._SL500_.jpg" alt="Product Image"></a><p>Cetaphil Face and Body Wipes, Gentle Skin Cleansing Cloths, Mother's Day Gifts, 25 Count (Pack of 2), for Dry, Sensitive Skin, Flip Top Closure, Hypoallergenic, Fragrance Free</p><p>$13.69 ($0.27 / Count)</p><a href="https://www.amazon.com/dp/B0B642XWV8?tag=eloabder-20&linkCode=osi&th=1&psc=1">View Product</a></div><div class="product"><a href="https://www.amazon.com/dp/B0B644ZQLV?tag=eloabder-20&linkCode=osi&th=1&psc=1"><img src="https://m.media-amazon.com/images/I/41E5FGVZrnL._SL500_.jpg" alt="Product Image"></a><p>Cetaphil Face and Body Wipes, Gentle Skin Cleansing Cloths, 25 Count (Pack of 3), for Dry, Sensitive Skin, Flip Top Closure, Great for the Gym, Hypoallergenic, Fragrance Free</p><p>$20.91 ($0.28 / Count)</p><a href="https://www.amazon.com/dp/B0B644ZQLV?tag=eloabder-20&linkCode=osi&th=1&psc=1">View Product</a></div><div class="product"><a href="https://www.amazon.com/dp/B0958JYLZN?tag=eloabder-20&linkCode=osi&th=1&psc=1"><img src="https://m.media-amazon.com/images/I/312T32wjaYL._SL500_.jpg" alt="Product Image"></a><p>The Honest Company Hydrate + Cleanse Naturally Scented Wipes | Cleansing Multi-Tasking Wipes | 99% Water, Plant-Based, Hypoallergenic | Aloe + Cucumber, 60 Count</p><p>$5.97 ($9.95 / 100 Count)</p><a href="https://www.amazon.com/dp/B0958JYLZN?tag=eloabder-20&linkCode=osi&th=1&psc=1">View Product</a></div><div class="product"><a href="https://www.amazon.com/dp/B0BR3GVFL4?tag=eloabder-20&linkCode=osi&th=1&psc=1"><img src="https://m.media-amazon.com/images/I/41E2x2jaumL._SL500_.jpg" alt="Product Image"></a><p>Amazon Basics Hydrating Makeup Remover Wipes, 150 wipes (Pack of 6)</p><p>$17.79 ($0.12 / Count)</p><a href="https://www.amazon.com/dp/B0BR3GVFL4?tag=eloabder-20&linkCode=osi&th=1&psc=1">View Product</a></div><div class="product"><a href="https://www.amazon.com/dp/B093T3LQPP?tag=eloabder-20&linkCode=osi&th=1&psc=1"><img src="https://m.media-amazon.com/images/I/51mLU+qr6tL._SL500_.jpg" alt="Product Image"></a><p>Burt's Bees Rose Water Face Wipes, for All Skin Types, Hydrating Micellar Makeup Remover & Facial Cleansing Towelettes, 30 Ct (3-Pack)</p><p>$16.47 ($0.18 / Count)</p><a href="https://www.amazon.com/dp/B093T3LQPP?tag=eloabder-20&linkCode=osi&th=1&psc=1">View Product</a></div><div class="product"><a href="https://www.amazon.com/dp/B09LXWPB1V?tag=eloabder-20&linkCode=osi&th=1&psc=1"><img src="https://m.media-amazon.com/images/I/4117i-jJMKL._SL500_.jpg" alt="Product Image"></a><p>CeraVe Hydrating Facial Cleansing Makeup Remover Wipes| Plant Based Face Biodegradable in Home Compost| Wash Cloth| Suitable for Sensitive Skin| Fragrance-free Non-comedogenic| 25 Count</p><p>$9.97 ($0.40 / Count)</p><a href="https://www.amazon.com/dp/B09LXWPB1V?tag=eloabder-20&linkCode=osi&th=1&psc=1">View Product</a></div><div class="product"><a href="https://www.amazon.com/dp/B00NUJQG7Y?tag=eloabder-20&linkCode=osi&th=1&psc=1"><img src="https://m.media-amazon.com/images/I/51apu8FIluL._SL500_.jpg" alt="Product Image"></a><p>Burt's Bees Aloe Vera Face Wipes, for Sensitive Skin, Soothing Makeup Remover & Facial Cleansing Towelettes, 30 Ct. (3-Pack)</p><p>$16.41 ($0.18 / Count)</p><a href="https://www.amazon.com/dp/B00NUJQG7Y?tag=eloabder-20&linkCode=osi&th=1&psc=1">View Product</a></div>
<div class="product"><a href="https://www.amazon.com/dp/B08KQMXZFB?tag=eloabder-20&linkCode=osi&th=1&psc=1"><img src="https://m.media-amazon.com/images/I/31HvJEoHtwL._SL500_.jpg" alt="Product Image"></a><p>Garnier Micellar Water with Vitamin C, Facial Cleanser & Makeup Remover, Brightening & Hydrating, For All Skin Types, Vegan, Cruelty Free, 13.5 Fl Oz (400mL), 1 Count</p><p>$8.97 ($0.66 / Fl Oz)</p><a href="https://www.amazon.com/dp/B08KQMXZFB?tag=eloabder-20&linkCode=osi&th=1&psc=1">View Product</a></div><div class="product"><a href="https://www.amazon.com/dp/B0036SFTK4?tag=eloabder-20&linkCode=osi&th=1&psc=1"><img src="https://m.media-amazon.com/images/I/31+tj+uVB+L._SL500_.jpg" alt="Product Image"></a><p>Bioderma Sensibio H2O Micellar Water, Makeup Remover, Gentle for Skin, Fragrance-Free & Alcohol-Free, No Rinse Skincare With Micellar Technology for Normal To Sensitive Skin Types</p><p>$12.99 ($1.55 / Fl Oz)</p><a href="https://www.amazon.com/dp/B0036SFTK4?tag=eloabder-20&linkCode=osi&th=1&psc=1">View Product</a></div><div class="product"><a href="https://www.amazon.com/dp/B07TB2MKJJ?tag=eloabder-20&linkCode=osi&th=1&psc=1"><img src="https://m.media-amazon.com/images/I/41SyeAmsnOL._SL500_.jpg" alt="Product Image"></a><p>Garnier Micellar Water with Rose Water and Glycerin, Hydrating Facial Cleanser & Makeup Remover, For All Skin Types, Vegan, Cruelty Free, 13.5 Fl Oz (400mL), 1 Count</p><p>$8.97 ($0.66 / Fl Oz)</p><a href="https://www.amazon.com/dp/B07TB2MKJJ?tag=eloabder-20&linkCode=osi&th=1&psc=1">View Product</a></div><div class="product"><a href="https://www.amazon.com/dp/B01MQ495N0?tag=eloabder-20&linkCode=osi&th=1&psc=1"><img src="https://m.media-amazon.com/images/I/31wWu56DBJL._SL500_.jpg" alt="Product Image"></a><p>Garnier Micellar Water for Oily Skin, Facial Cleanser & Makeup Remover, Mattifying, For All Skin Types, Vegan, Cruelty Free, 13.5 Fl Oz (400mL), 1 Count</p><p>$8.97 ($0.66 / Fl Oz)</p><a href="https://www.amazon.com/dp/B01MQ495N0?tag=eloabder-20&linkCode=osi&th=1&psc=1">View Product</a></div><div class="product"><a href="https://www.amazon.com/dp/B0B59TJN3R?tag=eloabder-20&linkCode=osi&th=1&psc=1"><img src="https://m.media-amazon.com/images/I/410aYbZluvL._SL500_.jpg" alt="Product Image"></a><p>Garnier Micellar Water with Hyaluronic Acid, Facial Cleanser & Makeup Remover, Hydrating and Plumping, For All Skin Types, Vegan, Cruelty Free, 13.5 Fl Oz (400mL), 2 Count</p><p>$17.94 ($0.66 / Fl Oz)</p><a href="https://www.amazon.com/dp/B0B59TJN3R?tag=eloabder-20&linkCode=osi&th=1&psc=1">View Product</a></div><div class="product"><a href="https://www.amazon.com/dp/B07VHZPBZ3?tag=eloabder-20&linkCode=osi&th=1&psc=1"><img src="https://m.media-amazon.com/images/I/41Ow8cEJaFL._SL500_.jpg" alt="Product Image"></a><p>CeraVe Micellar Water | New & Improved Formula | Hydrating Facial Cleanser & Eye Makeup Remover | Fragrance Free & Non-Irritating | 10 Fl. Oz</p><p>$10.74 ($1.07 / Ounce)</p><a href="https://www.amazon.com/dp/B07VHZPBZ3?tag=eloabder-20&linkCode=osi&th=1&psc=1">View Product</a></div><div class="product"><a href="https://www.amazon.com/dp/B005EZSUS0?tag=eloabder-20&linkCode=osi&th=1&psc=1"><img src="https://m.media-amazon.com/images/I/31Cwqaks+tL._SL500_.jpg" alt="Product Image"></a><p>La Roche-Posay Micellar Cleansing Water for Sensitive Skin, Micellar Water Makeup Remover, Cleanses and Hydrates Skin, Gentle Face Toner, Oil Free</p><p>$18.99 ($1.40 / Fl Oz)</p><a href="https://www.amazon.com/dp/B005EZSUS0?tag=eloabder-20&linkCode=osi&th=1&psc=1">View Product</a></div><div class="product"><a href="https://www.amazon.com/dp/B0CY25DD2N?tag=eloabder-20&linkCode=osi&th=1&psc=1"><img src="https://m.media-amazon.com/images/I/41jb6YrZnRL._SL500_.jpg" alt="Product Image"></a><p>ma:nyo Pure Cleansing Water Sensitive (16.9 fl oz/500ml) - Triple+ Micellar Technology, Makeup Removal Cleanser, Gentle Face Cleanser for all skin types, Cleanses and Hydrates Skin</p><p>$18.99 ($1.12 / Fl Oz)</p><a href="https://www.amazon.com/dp/B0CY25DD2N?tag=eloabder-20&linkCode=osi&th=1&psc=1">View Product</a></div>
<div class="product"><a href="https://www.amazon.com/dp/B09LKXR62L?tag=eloabder-20&linkCode=osi&th=1&psc=1"><img src="https://m.media-amazon.com/images/I/31D6ydy59dL._SL500_.jpg" alt="Product Image"></a><p>CeraVe Hydrating Toner for Face Non-Alcoholic with Hyaluronic Acid, Niacinamide, and Ceramides for Sensitive Dry Skin, Fragrance-Free Non Comedogenic, Full Size, 6.8 Fl Oz</p><p>$9.86 ($1.45 / Ounce)</p><a href="https://www.amazon.com/dp/B09LKXR62L?tag=eloabder-20&linkCode=osi&th=1&psc=1">View Product</a></div><div class="product"><a href="https://www.amazon.com/dp/B08CMS8P67?tag=eloabder-20&linkCode=osi&th=1&psc=1"><img src="https://m.media-amazon.com/images/I/31LVyuSsJEL._SL500_.jpg" alt="Product Image"></a><p>Anua Heartleaf 77 Soothing Toner I pH 5.5 Trouble Care, Calming Skin, Refreshing, Hydrating, Purifying, Cruelty Free, Vegan,(250ml / 8.45 fl.oz.)</p><p>$19.69 ($2.33 / Fl Oz)</p><a href="https://www.amazon.com/dp/B08CMS8P67?tag=eloabder-20&linkCode=osi&th=1&psc=1">View Product</a></div><div class="product"><a href="https://www.amazon.com/dp/B001BR97A0?tag=eloabder-20&linkCode=osi&th=1&psc=1"><img src="https://m.media-amazon.com/images/I/41ooiOilk5L._SL500_.jpg" alt="Product Image"></a><p>THAYERS Alcohol-Free, Hydrating Cucumber Witch Hazel Facial Toner with Aloe Vera Formula, Vegan, Dermatologist Tested and Recommended, 12 Oz</p><p>$10.53 ($0.88 / Fl Oz)</p><a href="https://www.amazon.com/dp/B001BR97A0?tag=eloabder-20&linkCode=osi&th=1&psc=1">View Product</a></div><div class="product"><a href="https://www.amazon.com/dp/B0CG1H8YRS?tag=eloabder-20&linkCode=osi&th=1&psc=1"><img src="https://m.media-amazon.com/images/I/31OZES5j9LL._SL500_.jpg" alt="Product Image"></a><p>TIRTIR Milk Skin Rice Toner | Deep Moisturizing, Instant Glow, 2% Niacinamide, Rice Bran Extract, Ceramide, Panthenol, Cruelty-Free, Fungal Acne Friendly, Vegan, 5.07 fl.oz.</p><p>$24.99 ($4.93 / Fl Oz)</p><a href="https://www.amazon.com/dp/B0CG1H8YRS?tag=eloabder-20&linkCode=osi&th=1&psc=1">View Product</a></div><div class="product"><a href="https://www.amazon.com/dp/B008EPPIQ4?tag=eloabder-20&linkCode=osi&th=1&psc=1"><img src="https://m.media-amazon.com/images/I/31-lQL0AkZL._SL500_.jpg" alt="Product Image"></a><p>Paula's Choice Skin Balancing Pore-Reducing Toner for Combination and Oily Skin, Minimizes Large Pores, 6.4 Fluid Ounce Bottle</p><p>$26.00 ($4.06 / Fl Oz)</p><a href="https://www.amazon.com/dp/B008EPPIQ4?tag=eloabder-20&linkCode=osi&th=1&psc=1">View Product</a></div><div class="product"><a href="https://www.amazon.com/dp/B0BNC5ZF3T?tag=eloabder-20&linkCode=osi&th=1&psc=1"><img src="https://m.media-amazon.com/images/I/31ZMbyd3gbL._SL500_.jpg" alt="Product Image"></a><p>Neutrogena Alcohol-Free Gentle Daily Fragrance-Free Face Toner to Tone & Refresh Skin, Toner Gently Removes Impurities & Reconditions Skin, Hypoallergenic, 8 fl. oz</p><p>$6.08 ($0.76 / Fl Oz)</p><a href="https://www.amazon.com/dp/B0BNC5ZF3T?tag=eloabder-20&linkCode=osi&th=1&psc=1">View Product</a></div><div class="product"><a href="https://www.amazon.com/dp/B00LO2RO7K?tag=eloabder-20&linkCode=osi&th=1&psc=1"><img src="https://m.media-amazon.com/images/I/31Wb52+KYzL._SL500_.jpg" alt="Product Image"></a><p>La Roche-Posay Effaclar Clarifying Solution Acne Toner with Salicylic Acid and Glycolic Acid, Pore Refining Oily Skin Toner, Gentle Exfoliant to Unclog Pores and Remove Dead Skin Cells</p><p>$16.99 ($2.51 / Fl Oz)</p><a href="https://www.amazon.com/dp/B00LO2RO7K?tag=eloabder-20&linkCode=osi&th=1&psc=1">View Product</a></div><div class="product"><a href="https://www.amazon.com/dp/B000GCQ04C?tag=eloabder-20&linkCode=osi&th=1&psc=1"><img src="https://m.media-amazon.com/images/I/31Jk+E96wIL._SL500_.jpg" alt="Product Image"></a><p>Dickinson's Original Witch Hazel Pore Perfecting Toner, 100% Natural, 16 Ounce Fragrance free</p><p>$4.94 ($0.31 / Fl Oz)</p><a href="https://www.amazon.com/dp/B000GCQ04C?tag=eloabder-20&linkCode=osi&th=1&psc=1">View Product</a></div><div class="product"><a href="https://www.amazon.com/dp/B073P6BPF5?tag=eloabder-20&linkCode=osi&th=1&psc=1"><img src="https://m.media-amazon.com/images/I/31hqlVDLizL._SL500_.jpg" alt="Product Image"></a><p>COSRX AHA/BHA Clarifying Treatment Toner, 5.07 fl.oz / 150ml | Exfoliating Facial Spray | Korean Skin Care, Hydrating, Mild Exfoliation, Vegan, Animal Testing Free, Paraben Free</p><p>$10.75 ($2.11 / Fl Oz)</p><a href="https://www.amazon.com/dp/B073P6BPF5?tag=eloabder-20&linkCode=osi&th=1&psc=1">View Product</a></div>
<div class="product"><a href="https://www.amazon.com/dp/B01N34XW93?tag=eloabder-20&linkCode=osi&th=1&psc=1"><img src="https://m.media-amazon.com/images/I/31OMOTCxlmL._SL500_.jpg" alt="Product Image"></a><p>La Roche-Posay Toleriane Purifying Foaming Facial Cleanser, Oil Free Face Wash for Oily Skin and for Sensitive Skin with Niacinamide, Pore Cleanser Won’t Dry Out Skin, Unscented</p><p>$17.99 ($1.33 / Fl Oz)</p><a href="https://www.amazon.com/dp/B01N34XW93?tag=eloabder-20&linkCode=osi&th=1&psc=1">View Product</a></div><div class="product"><a href="https://www.amazon.com/dp/B01MSSDEPK?tag=eloabder-20&linkCode=osi&th=1&psc=1"><img src="https://m.media-amazon.com/images/I/41YuSwjJUIL._SL500_.jpg" alt="Product Image"></a><p>CeraVe Hydrating Facial Cleanser | Moisturizing Face Wash For Dry Skin | Hyaluronic Acid + Ceramides + Glycerin | Hydrating Cleanser For Normal To Dry Skin | National Eczema Assosiation Certified</p><p>$15.48 ($0.97 / Fl Oz)</p><a href="https://www.amazon.com/dp/B01MSSDEPK?tag=eloabder-20&linkCode=osi&th=1&psc=1">View Product</a></div><div class="product"><a href="https://www.amazon.com/dp/B01N1LL62W?tag=eloabder-20&linkCode=osi&th=1&psc=1"><img src="https://m.media-amazon.com/images/I/41kwN8dWWzL._SL500_.jpg" alt="Product Image"></a><p>CeraVe Foaming Facial Cleanser | Daily Face Wash for Oily Skin with Hyaluronic Acid, Ceramides, and Niacinamide| Fragrance Free | 16 Fluid Ounce</p><p>$15.19 ($0.95 / Fl Oz)</p><a href="https://www.amazon.com/dp/B01N1LL62W?tag=eloabder-20&linkCode=osi&th=1&psc=1">View Product</a></div><div class="product"><a href="https://www.amazon.com/dp/B01N7T7JKJ?tag=eloabder-20&linkCode=osi&th=1&psc=1"><img src="https://m.media-amazon.com/images/I/31VXK3y1KYL._SL500_.jpg" alt="Product Image"></a><p>La Roche-Posay Toleriane Hydrating Gentle Face Cleanser, Daily Facial Cleanser with Niacinamide and Ceramides for Sensitive Skin, Moisturizing Face Wash for Normal to Dry Skin, Fragrance Free</p><p>$17.99 ($1.33 / Fl Oz)</p><a href="https://www.amazon.com/dp/B01N7T7JKJ?tag=eloabder-20&linkCode=osi&th=1&psc=1">View Product</a></div><div class="product"><a href="https://www.amazon.com/dp/B0719GRD5R?tag=eloabder-20&linkCode=osi&th=1&psc=1"><img src="https://m.media-amazon.com/images/I/41YE7bBHNCL._SL500_.jpg" alt="Product Image"></a><p>Clean & Clear Deep Action Exfoliating Cleanser with Pro-Vitamin B5, Gentle Exfoliating Daily Face Scrub Cleans Deep Down to the Pore for Soft, Smooth, Hydrated Skin, Oil Free Face Wash, 7 FL OZ</p><p>$5.32 ($0.76 / Fl Oz)</p><a href="https://www.amazon.com/dp/B0719GRD5R?tag=eloabder-20&linkCode=osi&th=1&psc=1">View Product</a></div><div class="product"><a href="https://www.amazon.com/dp/B08CQ9T6KN?tag=eloabder-20&linkCode=osi&th=1&psc=1"><img src="https://m.media-amazon.com/images/I/31IpigAgxZL._SL500_.jpg" alt="Product Image"></a><p>CeraVe SA Cleanser | Salicylic Acid Cleanser with Hyaluronic Acid, Niacinamide & Ceramides| BHA Exfoliant for Face | Fragrance Free Non-Comedogenic | 16 Ounce</p><p>$15.48 ($0.97 / Fl Oz)</p><a href="https://www.amazon.com/dp/B08CQ9T6KN?tag=eloabder-20&linkCode=osi&th=1&psc=1">View Product</a></div><div class="product"><a href="https://www.amazon.com/dp/B09Y4HHY1P?tag=eloabder-20&linkCode=osi&th=1&psc=1"><img src="https://m.media-amazon.com/images/I/41Crw80Q3yL._SL500_.jpg" alt="Product Image"></a><p>Cetaphil Face Wash, Daily Facial Cleanser for Sensitive, Combination to Oily Skin, NEW 16 oz, Fragrance Free, Gentle Foaming, Soap Free, Hypoallergenic (Packaging May Vary)</p><p>$11.97 ($0.75 / Fl Oz)</p><a href="https://www.amazon.com/dp/B09Y4HHY1P?tag=eloabder-20&linkCode=osi&th=1&psc=1">View Product</a></div><div class="product"><a href="https://www.amazon.com/dp/B099MSZX25?tag=eloabder-20&linkCode=osi&th=1&psc=1"><img src="https://m.media-amazon.com/images/I/41VHDzUYE6L._SL500_.jpg" alt="Product Image"></a><p>Cetaphil Face Wash, Daily Facial Cleanser for Sensitive, Combination to Oily Skin, Mother's Day Gifts, NEW 20 oz, Gentle Foaming, Soap Free, Hypoallergenic</p><p>$13.97 ($0.70 / Fl Oz)</p><a href="https://www.amazon.com/dp/B099MSZX25?tag=eloabder-20&linkCode=osi&th=1&psc=1">View Product</a></div><div class="product"><a href="https://www.amazon.com/dp/B00LO1DNXU?tag=eloabder-20&linkCode=osi&th=1&psc=1"><img src="https://m.media-amazon.com/images/I/31blEnDdwIL._SL500_.jpg" alt="Product Image"></a><p>La Roche-Posay Effaclar Medicated Gel Cleanser | 2% Salicylic Acid Cleanser + LHA + Glycerin | Foaming Acne Face Wash | Helps Clear & Prevent Acne Breakouts | Oil Free Acne Wash | Targets Excess Oil</p><p>$16.99 ($2.51 / Fl Oz)</p><a href="https://www.amazon.com/dp/B00LO1DNXU?tag=eloabder-20&linkCode=osi&th=1&psc=1">View Product</a></div><div class="product"><a href="https://www.amazon.com/dp/B00FFJ4W0U?tag=eloabder-20&linkCode=osi&th=1&psc=1"><img src="https://m.media-amazon.com/images/I/31NIZChUu9L._SL500_.jpg" alt="Product Image"></a><p>Clean & Clear Morning Burst Hydrating Facial Cleanser with BHA, Cucumber and Aloe Extracts, Oil-Free Face Wash Gently Removes Oil and Pore Clogging Impurities, 8 FL OZ</p><p>$4.97 ($0.62 / Fl Oz)</p><a href="https://www.amazon.com/dp/B00FFJ4W0U?tag=eloabder-20&linkCode=osi&th=1&psc=1">View Product</a></div>
<div class="product"><a href="https://www.amazon.com/dp/B00QY1XZ4W?tag=eloabder-20&linkCode=osi&th=1&psc=1"><img src="https://m.media-amazon.com/images/I/319pG+OQZxL._SL500_.jpg" alt="Product Image"></a><p>Vanicream Gentle Facial Cleanser with Pump Dispenser - 8 fl oz - Formulated Without Common Irritants for Those with Sensitive Skin</p><p>$8.86 ($1.11 / Fl Oz)</p><a href="https://www.amazon.com/dp/B00QY1XZ4W?tag=eloabder-20&linkCode=osi&th=1&psc=1">View Product</a></div><div class="product"><a href="https://www.amazon.com/dp/B00UT47WZ8?tag=eloabder-20&linkCode=osi&th=1&psc=1"><img src="https://m.media-amazon.com/images/I/31LuYFIOBXL._SL500_.jpg" alt="Product Image"></a><p>Neutrogena Deep Clean Daily Facial Cleanser with Beta Hydroxy Acid for Normal to Oily Skin, Alcohol-Free, Oil-Free & Non-Comedogenic, 6.7 fl. oz</p><p>$6.49 ($0.97 / Fl Oz)</p><a href="https://www.amazon.com/dp/B00UT47WZ8?tag=eloabder-20&linkCode=osi&th=1&psc=1">View Product</a></div><div class="product"><a href="https://www.amazon.com/dp/B0BVV8BNYJ?tag=eloabder-20&linkCode=osi&th=1&psc=1"><img src="https://m.media-amazon.com/images/I/31tSZvBReoL._SL500_.jpg" alt="Product Image"></a><p>ANUA Heartleaf Quercetinol Pore Deep Cleansing Foam, Facial Cleanser, for Double Cleansing, BHA, Hyaluronic Acid, Glycerin, Face Wash, Blackhead Remover, Korean Skincare (150ml/5.07 fl.oz.)</p><p>$13.00 ($2.56 / Fl Oz)</p><a href="https://www.amazon.com/dp/B0BVV8BNYJ?tag=eloabder-20&linkCode=osi&th=1&psc=1">View Product</a></div><div class="product"><a href="https://www.amazon.com/dp/B004HLSZYQ?tag=eloabder-20&linkCode=osi&th=1&psc=1"><img src="https://m.media-amazon.com/images/I/31KXj2UGrOL._SL500_.jpg" alt="Product Image"></a><p>EltaMD Foaming Facial Cleanser, Gentle Foaming Face Wash and Makeup Remover, Oil Free Face Wash, 7 oz Pump</p><p>$35.00 ($5.00 / Fl Oz)</p><a href="https://www.amazon.com/dp/B004HLSZYQ?tag=eloabder-20&linkCode=osi&th=1&psc=1">View Product</a></div>
<div class="product"><a href="https://www.amazon.com/dp/B07C5SS6YD?tag=eloabder-20&linkCode=osi&th=1&psc=1"><img src="https://m.media-amazon.com/images/I/31tzIszvgAL._SL500_.jpg" alt="Product Image"></a><p>Paula's Choice Skin Perfecting 2% BHA Liquid Salicylic Acid Exfoliant, Gentle Facial Exfoliator for Blackheads, Large Pores, Wrinkles & Fine Lines, Travel Size, 1 Fluid Ounce</p><p>$14.00</p><a href="https://www.amazon.com/dp/B07C5SS6YD?tag=eloabder-20&linkCode=osi&th=1&psc=1">View Product</a></div><div class="product"><a href="https://www.amazon.com/dp/B07VW3YSWH?tag=eloabder-20&linkCode=osi&th=1&psc=1"><img src="https://m.media-amazon.com/images/I/410j9ZFktHL._SL500_.jpg" alt="Product Image"></a><p>Tree Hut Vitamin C Shea Sugar Scrub, 18 oz, Ultra Hydrating and Exfoliating Scrub for Nourishing Essential Body Care</p><p>$8.94 ($0.50 / Ounce)</p><a href="https://www.amazon.com/dp/B07VW3YSWH?tag=eloabder-20&linkCode=osi&th=1&psc=1">View Product</a></div><div class="product"><a href="https://www.amazon.com/dp/B08YN28CS4?tag=eloabder-20&linkCode=osi&th=1&psc=1"><img src="https://m.media-amazon.com/images/I/41WIWNeKrxL._SL500_.jpg" alt="Product Image"></a><p>Seraphic Skincare (Original) Premium Exfoliating Mitt for Body (1pc) – 100% Vegan Viscose Traditional Body Scrub Glove Kessa Korean Washcloth – Body Exfoliator for Self-Tan Removal & Keratosis Pilaris</p><p>$8.99 ($8.99 / Count)</p><a href="https://www.amazon.com/dp/B08YN28CS4?tag=eloabder-20&linkCode=osi&th=1&psc=1">View Product</a></div><div class="product"><a href="https://www.amazon.com/dp/B001VMJSCW?tag=eloabder-20&linkCode=osi&th=1&psc=1"><img src="https://m.media-amazon.com/images/I/31N7x4-aJAL._SL500_.jpg" alt="Product Image"></a><p>Dermalogica Daily Microfoliant, Face Exfoliator Scrub Powder with Salicylic Acid and Papaya Enzyme, Achieve Brighter, Smoother Skin Daily, 0.45 Oz</p><p>$19.00 ($42.22 / Ounce)</p><a href="https://www.amazon.com/dp/B001VMJSCW?tag=eloabder-20&linkCode=osi&th=1&psc=1">View Product</a></div><div class="product"><a href="https://www.amazon.com/dp/B076KYPY23?tag=eloabder-20&linkCode=osi&th=1&psc=1"><img src="https://m.media-amazon.com/images/I/31F7Ozgy+WL._SL500_.jpg" alt="Product Image"></a><p>DRMTLGY Microdermabrasion Facial Scrub and Face Mask. Non-Abrasive Face Exfoliator Improves Acne Scars, Blackheads, Pore Size, and Skin Texture. 2 oz</p><p>$20.00 ($10.00 / Ounce)</p><a href="https://www.amazon.com/dp/B076KYPY23?tag=eloabder-20&linkCode=osi&th=1&psc=1">View Product</a></div><div class="product"><a href="https://www.amazon.com/dp/B018H32LHQ?tag=eloabder-20&linkCode=osi&th=1&psc=1"><img src="https://m.media-amazon.com/images/I/41NfDFms3KL._SL500_.jpg" alt="Product Image"></a><p>Era Organics Microdermabrasion Facial Scrub & Face Exfoliator - Spa Quality Exfoliating Mask with Manuka Honey Walnut Moisturizing Exfoliant for Dry Skin, Blackheads Wrinkles (2 oz)</p><p>$16.99 ($8.50 / Ounce)</p><a href="https://www.amazon.com/dp/B018H32LHQ?tag=eloabder-20&linkCode=osi&th=1&psc=1">View Product</a></div><div class="product"><a href="https://www.amazon.com/dp/B0BNWXFH3P?tag=eloabder-20&linkCode=osi&th=1&psc=1"><img src="https://m.media-amazon.com/images/I/51HkdST1FCL._SL500_.jpg" alt="Product Image"></a><p>Dermasuri Deep Exfoliating Glove for Shower - Exfoliating Mitt Body Scrubber - Skin Exfoliator & Dead Skin Remover - Keratosis Pilaris Scrub - Spray Tan Remover - Korean Skincare for Body (2 Pack)</p><p>$19.99 ($10.00 / Count)</p><a href="https://www.amazon.com/dp/B0BNWXFH3P?tag=eloabder-20&linkCode=osi&th=1&psc=1">View Product</a></div><div class="product"><a href="https://www.amazon.com/dp/B09Q88TVGJ?tag=eloabder-20&linkCode=osi&th=1&psc=1"><img src="https://m.media-amazon.com/images/I/31jQFJt0t7L._SL500_.jpg" alt="Product Image"></a><p>tingl Face and Body Exfoliator Pads - Anti Aging Acne Treatment with Glycolic Acid, Lactic Acid, and Salicylic Acid - Pore Minimizer, Oil Cleanser, Blackhead Remover and Skin Exfoliator in One</p><p>$38.00 ($38.00 / Count)</p><a href="https://www.amazon.com/dp/B09Q88TVGJ?tag=eloabder-20&linkCode=osi&th=1&psc=1">View Product</a></div><div class="product"><a href="https://www.amazon.com/dp/B08T4FLJQZ?tag=eloabder-20&linkCode=osi&th=1&psc=1"><img src="https://m.media-amazon.com/images/I/317LIpGPZiL._SL500_.jpg" alt="Product Image"></a><p>Dove Scrub Brown Sugar & Coconut Butter For Silky Smooth Skin Body Scrub Exfoliates & Restores Skin's Natural Nutrients 10.5 oz</p><p>$6.97 ($0.66 / Ounce)</p><a href="https://www.amazon.com/dp/B08T4FLJQZ?tag=eloabder-20&linkCode=osi&th=1&psc=1">View Product</a></div>
<div class="product"><a href="https://www.amazon.com/dp/B07XG6BKCV?tag=eloabder-20&linkCode=osi&th=1&psc=1"><img src="https://m.media-amazon.com/images/I/31gg8aKaOeL._SL500_.jpg" alt="Product Image"></a><p>First Aid Beauty KP Bump Eraser Body Scrub Exfoliant for Keratosis Pilaris with 10% AHA – 8 oz</p><p>$30.00 ($3.75 / Ounce)</p><a href="https://www.amazon.com/dp/B07XG6BKCV?tag=eloabder-20&linkCode=osi&th=1&psc=1">View Product</a></div><div class="product"><a href="https://www.amazon.com/dp/B08Y5X8GJ9?tag=eloabder-20&linkCode=osi&th=1&psc=1"><img src="https://m.media-amazon.com/images/I/51MmIF4H+2L._SL500_.jpg" alt="Product Image"></a><p>Tree Hut Watermelon Shea Sugar Exfoliating & Hydrating Body Scrub, 18oz</p><p>$8.49 ($0.47 / Ounce)</p><a href="https://www.amazon.com/dp/B08Y5X8GJ9?tag=eloabder-20&linkCode=osi&th=1&psc=1">View Product</a></div><div class="product"><a href="https://www.amazon.com/dp/B003Z4OD24?tag=eloabder-20&linkCode=osi&th=1&psc=1"><img src="https://m.media-amazon.com/images/I/31C3rfE0XfL._SL500_.jpg" alt="Product Image"></a><p>Acure Brightening Facial Scrub for a Youthful, Brighter, Radiant Complexion | With Sea Kelp & French Green Clay, 4 Fl Oz</p><p>$11.83 ($2.96 / Fl Oz)</p><a href="https://www.amazon.com/dp/B003Z4OD24?tag=eloabder-20&linkCode=osi&th=1&psc=1">View Product</a></div><div class="product"><a href="https://www.amazon.com/dp/B07TH9YNL7?tag=eloabder-20&linkCode=osi&th=1&psc=1"><img src="https://m.media-amazon.com/images/I/4152M3OTu9L._SL500_.jpg" alt="Product Image"></a><p>Brooklyn Botany Dead Sea Salt and Coconut Milk Body Scrub - Moisturizing and Exfoliating Body, Face, Hand, Foot Scrub - Fights Stretch Marks, Fine Lines, Wrinkles - Great Gifts for Women & Men - 10 oz</p><p>$8.99 ($0.86 / Ounce)</p><a href="https://www.amazon.com/dp/B07TH9YNL7?tag=eloabder-20&linkCode=osi&th=1&psc=1">View Product</a></div><div class="product"><a href="https://www.amazon.com/dp/B07Q9C3YTQ?tag=eloabder-20&linkCode=osi&th=1&psc=1"><img src="https://m.media-amazon.com/images/I/31L0XCMqHoL._SL500_.jpg" alt="Product Image"></a><p>SheaMoisture Body Scrub for Dull Skin Illuminating Coconut and Hibiscus Cruelty-Free Skin Care 12 oz</p><p>$8.94 ($0.74 / Ounce)</p><a href="https://www.amazon.com/dp/B07Q9C3YTQ?tag=eloabder-20&linkCode=osi&th=1&psc=1">View Product</a></div><div class="product"><a href="https://www.amazon.com/dp/B09X6CVS53?tag=eloabder-20&linkCode=osi&th=1&psc=1"><img src="https://m.media-amazon.com/images/I/51a7ibTDAQL._SL500_.jpg" alt="Product Image"></a><p>Exfoliating Body Scrub Turmeric Body Scrub and Skin Exfoliator with Collagen and Coconut Oil Gently Exfoliate Face Body Hand and Foot Scrub Moisturizing Body SkinCare products by M3 Naturals</p><p>$25.81 ($2.15 / Ounce)</p><a href="https://www.amazon.com/dp/B09X6CVS53?tag=eloabder-20&linkCode=osi&th=1&psc=1">View Product</a></div><div class="product"><a href="https://www.amazon.com/dp/B08TM4QBDT?tag=eloabder-20&linkCode=osi&th=1&psc=1"><img src="https://m.media-amazon.com/images/I/51ToKkQ3fMS._SL500_.jpg" alt="Product Image"></a><p>First Botany, Himalayan Salt Body Scrub with Collagen & Stem Cells, Natural Exfoliating Salt Scrub Body & Face Souffle helps with Moisturizing Skin, Acne, Cellulite, Dead Skin Scars, Wrinkles, 11 oz</p><p>$13.89 ($1.26 / Ounce)</p><a href="https://www.amazon.com/dp/B08TM4QBDT?tag=eloabder-20&linkCode=osi&th=1&psc=1">View Product</a></div>
<div class="product"><a href="https://www.amazon.com/dp/B0B2RM68G2?tag=eloabder-20&linkCode=osi&th=1&psc=1"><img src="https://m.media-amazon.com/images/I/41VafG53fjL._SL500_.jpg" alt="Product Image"></a><p>BIODANCE Bio-Collagen Real Deep Mask, Hydrating Overnight Hydrogel Mask, Pore Minimizing, Elasticity Improvement, 34g x4ea</p><p>$19.00 ($4.75 / Count)</p><a href="https://www.amazon.com/dp/B0B2RM68G2?tag=eloabder-20&linkCode=osi&th=1&psc=1">View Product</a></div><div class="product"><a href="https://www.amazon.com/dp/B0722LVW3B?tag=eloabder-20&linkCode=osi&th=1&psc=1"><img src="https://m.media-amazon.com/images/I/51Vm0lozSIL._SL500_.jpg" alt="Product Image"></a><p>DERMAL 24 Combo Pack A Collagen Essence Korean Face Mask - Hydrating & Soothing Facial Mask with Panthenol - Hypoallergenic Self Care Sheet Mask for All Skin Types - Natural Home Spa Treatment Mask</p><p>$16.99 ($0.71 / Count)</p><a href="https://www.amazon.com/dp/B0722LVW3B?tag=eloabder-20&linkCode=osi&th=1&psc=1">View Product</a></div><div class="product"><a href="https://www.amazon.com/dp/B08YRD11VS?tag=eloabder-20&linkCode=osi&th=1&psc=1"><img src="https://m.media-amazon.com/images/I/41QL8zBoz0S._SL500_.jpg" alt="Product Image"></a><p>Vitamin C Face Mask with Kaolin Clay and Turmeric for Dark Spots, Dull Skin, Skincare Facial Mask for Controlling Oil and Refining Pores 5.29 Oz</p><p>$14.99 ($2.83 / Ounce)</p><a href="https://www.amazon.com/dp/B08YRD11VS?tag=eloabder-20&linkCode=osi&th=1&psc=1">View Product</a></div><div class="product"><a href="https://www.amazon.com/dp/B06VV8FBDQ?tag=eloabder-20&linkCode=osi&th=1&psc=1"><img src="https://m.media-amazon.com/images/I/41GEI9zFceL._SL500_.jpg" alt="Product Image"></a><p>LA PURE Korean Face Mask - 10ct Snail Mucin Hydrating Face Masks Anti Wrinkle Anti Aging Deep Moisturizing Natural Snail Mucin Mask Sheet Mask Paraben Free Facial Skin Care Products Korean Skin Care</p><p>$24.95 ($2.50 / Count)</p><a href="https://www.amazon.com/dp/B06VV8FBDQ?tag=eloabder-20&linkCode=osi&th=1&psc=1">View Product</a></div><div class="product"><a href="https://www.amazon.com/dp/B09XWVH7XX?tag=eloabder-20&linkCode=osi&th=1&psc=1"><img src="https://m.media-amazon.com/images/I/413x5TISr1L._SL500_.jpg" alt="Product Image"></a><p>Mediheal Best Korean Watermide Essential Face Mask - 10 Hydrating and Moisturizing Sheet Masks With Water 3x Complex For All Skin Types</p><p>$19.90 ($1.99 / Count)</p><a href="https://www.amazon.com/dp/B09XWVH7XX?tag=eloabder-20&linkCode=osi&th=1&psc=1">View Product</a></div><div class="product"><a href="https://www.amazon.com/dp/B07K6V8P2R?tag=eloabder-20&linkCode=osi&th=1&psc=1"><img src="https://m.media-amazon.com/images/I/41FtxFr0Z-L._SL500_.jpg" alt="Product Image"></a><p>Ebanel 15 Pack Collagen Peptide Hydrating Face Masks, Instant Brightening Firming Anti Aging Face Sheet Masks, Moisturizing Spa Face Masks Skincare with Hyaluronic Acid, Vitamin C, Chamomile, Aloe</p><p>$18.99 ($1.81 / Ounce)</p><a href="https://www.amazon.com/dp/B07K6V8P2R?tag=eloabder-20&linkCode=osi&th=1&psc=1">View Product</a></div><div class="product"><a href="https://www.amazon.com/dp/B0CYGT3CR4?tag=eloabder-20&linkCode=osi&th=1&psc=1"><img src="https://m.media-amazon.com/images/I/51LbfzrqiUL._SL500_.jpg" alt="Product Image"></a><p>KONEUK 14 Pack Sheet Face Masks Skincare for All Skin Types, Hydrating Face Masks Suitable for Sensitive Skin, Bulk Facial Mask Set for Women Skin Care, Face Mask Gifts Set for Face Spa</p><p>$8.99 ($0.64 / Count)</p><a href="https://www.amazon.com/dp/B0CYGT3CR4?tag=eloabder-20&linkCode=osi&th=1&psc=1">View Product</a></div><div class="product"><a href="https://www.amazon.com/dp/B07L8XY5B7?tag=eloabder-20&linkCode=osi&th=1&psc=1"><img src="https://m.media-amazon.com/images/I/41v5eqhBSIL._SL500_.jpg" alt="Product Image"></a><p>BRO MASK: Korean Face Mask for Men | 2 Pc. Hydrating Anti Aging Sheet Masks Contains Vitamin C, Vitamin E, Hyaluronic Acid, Hydrolyzed Collagen for Face Care & Acne Treatment by Jaxon Lane (4 Pack)</p><p>$28.00 ($7.00 / Count)</p><a href="https://www.amazon.com/dp/B07L8XY5B7?tag=eloabder-20&linkCode=osi&th=1&psc=1">View Product</a></div><div class="product"><a href="https://www.amazon.com/dp/B01KSIO76G?tag=eloabder-20&linkCode=osi&th=1&psc=1"><img src="https://m.media-amazon.com/images/I/21n0DJ3XOiL._SL500_.jpg" alt="Product Image"></a><p>Kiehl's Rare Earth Deep Pore Cleansing Mask, Pore-Minimizing Face Mask for Clogged Pores, Detoxifies & Refines Skin, Absorbs Excess Oil, with Amazonian White Clay & Aloe Vera - 0.95 fl oz</p><p>$26.00 ($27.37 / Ounce)</p><a href="https://www.amazon.com/dp/B01KSIO76G?tag=eloabder-20&linkCode=osi&th=1&psc=1">View Product</a></div>
<div class="product"><a href="https://www.amazon.com/dp/B08JSL9W6K?tag=eloabder-20&linkCode=osi&th=1&psc=1"><img src="https://m.media-amazon.com/images/I/410lOOpCRwL._SL500_.jpg" alt="Product Image"></a><p>COSRX Snail Mucin Sheet Mask 10 EA, Snail Essence Leave-on Face Masks for Dry, Sensitive Skin, Snail Secretion Filtrate, Not Tested on Animals, No Parabens, No Sulfates, Korean Skincare</p><p>$18.75 ($1.88 / Count)</p><a href="https://www.amazon.com/dp/B08JSL9W6K?tag=eloabder-20&linkCode=osi&th=1&psc=1">View Product</a></div><div class="product"><a href="https://www.amazon.com/dp/B07FPJHPX1?tag=eloabder-20&linkCode=osi&th=1&psc=1"><img src="https://m.media-amazon.com/images/I/51uNOnTpxTL._SL500_.jpg" alt="Product Image"></a><p>Celavi Essence Facial Sheet Face Mask Variety Set Classic Authentic Korean Moisturizing Skincare (12-Packs)</p><p>$9.40 ($0.78 / Count)</p><a href="https://www.amazon.com/dp/B07FPJHPX1?tag=eloabder-20&linkCode=osi&th=1&psc=1">View Product</a></div><div class="product"><a href="https://www.amazon.com/dp/B083X5R6VR?tag=eloabder-20&linkCode=osi&th=1&psc=1"><img src="https://m.media-amazon.com/images/I/31NleokJYmL._SL500_.jpg" alt="Product Image"></a><p>VT COSMETICS Daily Soothing Mask 30ea, Facial Sheet Mask for Moist & Hydrating, 30 Day Supply, Cica Face Mask</p><p>$18.50 ($0.62 / Count)</p><a href="https://www.amazon.com/dp/B083X5R6VR?tag=eloabder-20&linkCode=osi&th=1&psc=1">View Product</a></div><div class="product"><a href="https://www.amazon.com/dp/B0B57TX64F?tag=eloabder-20&linkCode=osi&th=1&psc=1"><img src="https://m.media-amazon.com/images/I/41+ywvmpRoL._SL500_.jpg" alt="Product Image"></a><p>Mediheal Best Korean Sheet Mask - Watermide Essential Face Mask 4 Sheets For All Skin Types Korean Best Sheet Mask Hydrating Moisturizing with Water 3x Complex</p><p>$7.90 ($1.98 / Count)</p><a href="https://www.amazon.com/dp/B0B57TX64F?tag=eloabder-20&linkCode=osi&th=1&psc=1">View Product</a></div><div class="product"><a href="https://www.amazon.com/dp/B0BPLLXT7Y?tag=eloabder-20&linkCode=osi&th=1&psc=1"><img src="https://m.media-amazon.com/images/I/41vG52wcgaL._SL500_.jpg" alt="Product Image"></a><p>NEXTBEAU [PACK OF 10] Solution Sheet Mask Pack 5types x 2pc Aloe, Niacinamide, Collagen, Hemp seed, Hyaluronic Acid</p><p>$8.99 ($0.90 / Count)</p><a href="https://www.amazon.com/dp/B0BPLLXT7Y?tag=eloabder-20&linkCode=osi&th=1&psc=1">View Product</a></div><div class="product"><a href="https://www.amazon.com/dp/B00BAM7F8C?tag=eloabder-20&linkCode=osi&th=1&psc=1"><img src="https://m.media-amazon.com/images/I/51jsS9SDHeL._SL500_.jpg" alt="Product Image"></a><p>DERMAL 16 Combo Pack A Collagen Essencce Korean Face Mask - Hydrating & Soothing Facial Mask with Panthenol - Hypoallergenic Self Care Sheet Mask for All Skin Types - Natural Home Spa Treatment Masks</p><p>$11.99</p><a href="https://www.amazon.com/dp/B00BAM7F8C?tag=eloabder-20&linkCode=osi&th=1&psc=1">View Product</a></div><div class="product"><a href="https://www.amazon.com/dp/B076H45H68?tag=eloabder-20&linkCode=osi&th=1&psc=1"><img src="https://m.media-amazon.com/images/I/41JP+9JeO5L._SL500_.jpg" alt="Product Image"></a><p>Neutrogena Hydro Boost Moisturizing & Hydrating 100% Hydrogel Sheet Face Mask for Dry Skin with Hyaluronic Acid, Gentle & Non-Comedogenic, 1 Ounce (Pack of 12)</p><p>$34.44 ($2.87 / Ounce)</p><a href="https://www.amazon.com/dp/B076H45H68?tag=eloabder-20&linkCode=osi&th=1&psc=1">View Product</a></div><div class="product"><a href="https://www.amazon.com/dp/B078YB11V4?tag=eloabder-20&linkCode=osi&th=1&psc=1"><img src="https://m.media-amazon.com/images/I/51shUi8PVmL._SL500_.jpg" alt="Product Image"></a><p>TONYMOLY I'm Real Radiance Sheet Mask 5 Count, Hydrates and Moisturizes Face</p><p>$12.00 ($2.40 / Count)</p><a href="https://www.amazon.com/dp/B078YB11V4?tag=eloabder-20&linkCode=osi&th=1&psc=1">View Product</a></div>
<div class="product"><a href="https://www.amazon.com/dp/B081FK6L1G?tag=eloabder-20&linkCode=osi&th=1&psc=1"><img src="https://m.media-amazon.com/images/I/51gWAvQb9aL._SL500_.jpg" alt="Product Image"></a><p>Aztec Secret– Indian Healing Clay 1 lb – Deep Pore Cleansing Facial & Body Mask – The Original 100% Natural Calcium Bentonite Clay – New Version 2</p><p>$14.95 ($0.93 / Ounce)</p><a href="https://www.amazon.com/dp/B081FK6L1G?tag=eloabder-20&linkCode=osi&th=1&psc=1">View Product</a></div><div class="product"><a href="https://www.amazon.com/dp/B0CQZ3W88P?tag=eloabder-20&linkCode=osi&th=1&psc=1"><img src="https://m.media-amazon.com/images/I/41I90W9bHuL._SL500_.jpg" alt="Product Image"></a><p>innisfree Super Volcanic Pore Clay Mask, Korean Pore Clearing Clay Mask with Volcanic Clusters and AHA</p><p>$16.00 ($4.73 / Ounce)</p><a href="https://www.amazon.com/dp/B0CQZ3W88P?tag=eloabder-20&linkCode=osi&th=1&psc=1">View Product</a></div><div class="product"><a href="https://www.amazon.com/dp/B07SDQDMZ4?tag=eloabder-20&linkCode=osi&th=1&psc=1"><img src="https://m.media-amazon.com/images/I/41vC+ro0S-L._SL500_.jpg" alt="Product Image"></a><p>Cetaphil Clay Mask Pro, Dermacontrol Purifying Clay Exfoliating Face Mask For Nourishment with Bentonite Clay for Blackheads and Pores, Designed for Oily, Sensitive Skin, 3 oz</p><p>$15.99 ($5.33 / Ounce)</p><a href="https://www.amazon.com/dp/B07SDQDMZ4?tag=eloabder-20&linkCode=osi&th=1&psc=1">View Product</a></div><div class="product"><a href="https://www.amazon.com/dp/B0CHN72MCJ?tag=eloabder-20&linkCode=osi&th=1&psc=1"><img src="https://m.media-amazon.com/images/I/41OPjUXZYlL._SL500_.jpg" alt="Product Image"></a><p>Aztec Secret Essential Indian Clay Mask Kit by Etana – 100% Natural Calcium Bentonite for Deep Pore Cleansing - Facial, Hair & Body Detox Set Wtih Accessories</p><p>$21.95 ($1.37 / Ounce)</p><a href="https://www.amazon.com/dp/B0CHN72MCJ?tag=eloabder-20&linkCode=osi&th=1&psc=1">View Product</a></div><div class="product"><a href="https://www.amazon.com/dp/B0CPDBW579?tag=eloabder-20&linkCode=osi&th=1&psc=1"><img src="https://m.media-amazon.com/images/I/31tDriIWYmL._SL500_.jpg" alt="Product Image"></a><p>FULLY Green Tomato Clay Mask Cleanser, Pore Purifying with 49% Green Tomato Extract, Sebum & Clogged Pore Care, Exfoliation, Fragrance-Free, Vegan & Dermatologically Tested, 4.05 fl.oz</p><p>$20.00 ($4.94 / Fl Oz)</p><a href="https://www.amazon.com/dp/B0CPDBW579?tag=eloabder-20&linkCode=osi&th=1&psc=1">View Product</a></div><div class="product"><a href="https://www.amazon.com/dp/B007CY2C76?tag=eloabder-20&linkCode=osi&th=1&psc=1"><img src="https://m.media-amazon.com/images/I/31-131ZWvEL._SL500_.jpg" alt="Product Image"></a><p>Freeman Dead Sea Minerals Anti-Stress Clay Facial Mask, Hydrating & Clarifying, Clears Pores, Face Mask With Lavender & Bergamot For Radiant Skin, For All Skin Types, 6 fl. oz./175 mL Tube, 1 Count</p><p>$3.86 ($0.64 / Ounce)</p><a href="https://www.amazon.com/dp/B007CY2C76?tag=eloabder-20&linkCode=osi&th=1&psc=1">View Product</a></div><div class="product"><a href="https://www.amazon.com/dp/B08HCVWG7B?tag=eloabder-20&linkCode=osi&th=1&psc=1"><img src="https://m.media-amazon.com/images/I/51nz+uBxoSL._SL500_.jpg" alt="Product Image"></a><p>Gleamin Vitamin C Clay Mask - 10-Minutes for Dark Spots, Turmeric Face Mask Skin Care, Deep Cleansing Pores - Facial Improves Uneven Tone, Post-Blemish, Visibly Brighten, Scarring and Texture - 2.5 Oz</p><p>$41.00 ($16.40 / Ounce)</p><a href="https://www.amazon.com/dp/B08HCVWG7B?tag=eloabder-20&linkCode=osi&th=1&psc=1">View Product</a></div>
<div class="product"><a href="https://www.amazon.com/dp/B000ZEA6WS?tag=eloabder-20&linkCode=osi&th=1&psc=1"><img src="https://m.media-amazon.com/images/I/31rFp2ip1IL._SL500_.jpg" alt="Product Image"></a><p>Freeman Renewing Cucumber Peel-Off Gel Facial Mask, Face Mask Refreshes Skin, Aloe Soothes & Moisturizes, Get Rejuvenated Skin, For Normal & Combination Skin, 6 fl. oz./175 mL Tube, 1 Count</p><p>$3.86 ($0.64 / Fl Oz)</p><a href="https://www.amazon.com/dp/B000ZEA6WS?tag=eloabder-20&linkCode=osi&th=1&psc=1">View Product</a></div><div class="product"><a href="https://www.amazon.com/dp/B08RYC42CZ?tag=eloabder-20&linkCode=osi&th=1&psc=1"><img src="https://m.media-amazon.com/images/I/31ApUlGl6zL._SL500_.jpg" alt="Product Image"></a><p>Aprilskin Calendula Peel Off Pore Minimizing Facial Mask | Vegan | Blackhead Remover, Exfoliating, Deep Cleansing | PHA BHA | Korean Skin Care | K Beauty | 3.52 oz</p><p>$16.90 ($4.80 / Fl Oz)</p><a href="https://www.amazon.com/dp/B08RYC42CZ?tag=eloabder-20&linkCode=osi&th=1&psc=1">View Product</a></div><div class="product"><a href="https://www.amazon.com/dp/B07DLDKCS1?tag=eloabder-20&linkCode=osi&th=1&psc=1"><img src="https://m.media-amazon.com/images/I/41Mx5AMIGyL._SL500_.jpg" alt="Product Image"></a><p>AZURE 24K Gold Firming Peel Off Face Mask- Anti Aging, Lifting, Illuminating & Revitalizing - Removes Blackheads, Dirt & Oils - With Hyaluronic Acid and Collagen - Skin Care Made in Korea - 150mL</p><p>$9.99 ($1.96 / Fl Oz)</p><a href="https://www.amazon.com/dp/B07DLDKCS1?tag=eloabder-20&linkCode=osi&th=1&psc=1">View Product</a></div><div class="product"><a href="https://www.amazon.com/dp/B07R16LBDL?tag=eloabder-20&linkCode=osi&th=1&psc=1"><img src="https://m.media-amazon.com/images/I/41yu6tuykaL._SL500_.jpg" alt="Product Image"></a><p>SUNATORIA Blackhead Remover Mask - Activated Charcoal Peel Off Face Mask - for All Skin Types - Deep Pore Cleaner Nose Blackhead Remover Pore Release - Black Head Remover for Face</p><p>$9.95 ($4.88 / Fl Oz)</p><a href="https://www.amazon.com/dp/B07R16LBDL?tag=eloabder-20&linkCode=osi&th=1&psc=1">View Product</a></div><div class="product"><a href="https://www.amazon.com/dp/B071KRTXX8?tag=eloabder-20&linkCode=osi&th=1&psc=1"><img src="https://m.media-amazon.com/images/I/51GSgsJO94L._SL500_.jpg" alt="Product Image"></a><p>SHILLS Charcoal Face Mask, Peel Off Mask, Charcoal Mask, Peel Off Mask, Deep Cleansing, Purifying, Activated Charcoal Mask with Brush</p><p>$9.94</p><a href="https://www.amazon.com/dp/B071KRTXX8?tag=eloabder-20&linkCode=osi&th=1&psc=1">View Product</a></div><div class="product"><a href="https://www.amazon.com/dp/B00E5NALCK?tag=eloabder-20&linkCode=osi&th=1&psc=1"><img src="https://m.media-amazon.com/images/I/31Is3s5+U7L._SL500_.jpg" alt="Product Image"></a><p>Freeman Cleansing Pomegranate Peel-Off Gel Facial Mask, Shrinks Pores, Purifies Skin, Made With 8 Different Antioxidants, Protects Skin, Cruelty-Free Skincare, 6 fl. oz./175 mL Tubes, 1 Count</p><p>$4.29 ($0.72 / Fl Oz)</p><a href="https://www.amazon.com/dp/B00E5NALCK?tag=eloabder-20&linkCode=osi&th=1&psc=1">View Product</a></div><div class="product"><a href="https://www.amazon.com/dp/B0CRTPJ5N3?tag=eloabder-20&linkCode=osi&th=1&psc=1"><img src="https://m.media-amazon.com/images/I/51zTZyHPVWL._SL500_.jpg" alt="Product Image"></a><p>Rednow Gold Foil Peel-Off Mask,Gold Peel Off Face Mask Anti-Wrinkle,98.4% Golden Peel Off Mask,Anti-Aging Gold Face Mask for Moisturizing,Removes Blackheads,Reduces Fine Lines,Cleans Pores(2PCS)</p><p>$14.99 ($7.50 / Fl Oz)</p><a href="https://www.amazon.com/dp/B0CRTPJ5N3?tag=eloabder-20&linkCode=osi&th=1&psc=1">View Product</a></div>
<div class="product"><a href="https://www.amazon.com/dp/B01NCM25K7?tag=eloabder-20&linkCode=osi&th=1&psc=1"><img src="https://m.media-amazon.com/images/I/416P4kSw1VL._SL500_.jpg" alt="Product Image"></a><p>New York Biology Dead Sea Mud Mask for Face and Body - Spa Quality Pore Reducer for Acne, Blackheads & Oily Skin, Natural Skincare for Women, Men - Tightens Skin for A Healthier Complexion - 8.8 oz</p><p>$16.95 ($1.93 / Ounce)</p><a href="https://www.amazon.com/dp/B01NCM25K7?tag=eloabder-20&linkCode=osi&th=1&psc=1">View Product</a></div><div class="product"><a href="https://www.amazon.com/dp/B00UREAGU8?tag=eloabder-20&linkCode=osi&th=1&psc=1"><img src="https://m.media-amazon.com/images/I/510FCuOHsNL._SL500_.jpg" alt="Product Image"></a><p>MAJESTIC PURE Dead Sea Mud Mask for Face and Body - Natural Skin Care for Women and Men - Best Facial Cleansing Clay for Blackhead, Whitehead, Acne and Pores - 8.8 fl. Oz</p><p>$9.99 ($1.14 / Fl Oz)</p><a href="https://www.amazon.com/dp/B00UREAGU8?tag=eloabder-20&linkCode=osi&th=1&psc=1">View Product</a></div><div class="product"><a href="https://www.amazon.com/dp/B0BNP68BMG?tag=eloabder-20&linkCode=osi&th=1&psc=1"><img src="https://m.media-amazon.com/images/I/41WoBVjFkyL._SL500_.jpg" alt="Product Image"></a><p>Aromasong 100% Pure Dead Sea Mud Mask for Face - Cleansing Natural Skin Care for Women and Men to Help Reduce Acne and Pores</p><p>$9.97 ($1.25 / Ounce)</p><a href="https://www.amazon.com/dp/B0BNP68BMG?tag=eloabder-20&linkCode=osi&th=1&psc=1">View Product</a></div><div class="product"><a href="https://www.amazon.com/dp/B08XY82146?tag=eloabder-20&linkCode=osi&th=1&psc=1"><img src="https://m.media-amazon.com/images/I/41Fcc-QZoiL._SL500_.jpg" alt="Product Image"></a><p>Borghese Advanced Fango Active Purifying Mud Mask, Detoxify & Clarify with Natural Minerals, For Face and Body, 7.5 Oz</p><p>$53.00 ($7.07 / Fl Oz)</p><a href="https://www.amazon.com/dp/B08XY82146?tag=eloabder-20&linkCode=osi&th=1&psc=1">View Product</a></div><div class="product"><a href="https://www.amazon.com/dp/B086V843R8?tag=eloabder-20&linkCode=osi&th=1&psc=1"><img src="https://m.media-amazon.com/images/I/410evC+SQHL._SL500_.jpg" alt="Product Image"></a><p>ANAI RUI Turmeric Clay Mask - Green Tea Clay Mask - Dead Sea Minerals Mud Mask, Spa Facial Mask Set, Face Mask Gift Set 2.5 oz each</p><p>$22.99</p><a href="https://www.amazon.com/dp/B086V843R8?tag=eloabder-20&linkCode=osi&th=1&psc=1">View Product</a></div><div class="product"><a href="https://www.amazon.com/dp/B0BZVQJMN2?tag=eloabder-20&linkCode=osi&th=1&psc=1"><img src="https://m.media-amazon.com/images/I/414evHf2H+L._SL500_.jpg" alt="Product Image"></a><p>20 Pods Clay Mask Set, Face Mask Skin Care，Green Tea, Turmeric, Dead Sea Mud, Rose, 24K Gold, Eggplant, Avocado, Mud Mask Deep Pore Cleansing Acne Blackhead Removal, Men & Women Facial Mask .</p><p>$17.97</p><a href="https://www.amazon.com/dp/B0BZVQJMN2?tag=eloabder-20&linkCode=osi&th=1&psc=1">View Product</a></div><div class="product"><a href="https://www.amazon.com/dp/B0D1G7XF9X?tag=eloabder-20&linkCode=osi&th=1&psc=1"><img src="https://m.media-amazon.com/images/I/31KAhEPTT2L._SL500_.jpg" alt="Product Image"></a><p>Medicube Zero Pore Blackhead Mud Facial Mask - Skin Cooling & Pore Tightening - 3 Minute Quick Dry Formula with AHA, BHA, PHA, and Pore-Purifying Clay - Korean Face Mask 3.52 oz</p><p>$17.90 ($5.09 / Ounce)</p><a href="https://www.amazon.com/dp/B0D1G7XF9X?tag=eloabder-20&linkCode=osi&th=1&psc=1">View Product</a></div><div class="product"><a href="https://www.amazon.com/dp/B0B538QDNY?tag=eloabder-20&linkCode=osi&th=1&psc=1"><img src="https://m.media-amazon.com/images/I/51MTBYPFdwL._SL500_.jpg" alt="Product Image"></a><p>4 Pcs Clay Facial Mask Set - Turmeric, Vitamin C, Green Tea, Dead Sea Mud, and Rose Clay for Deep Cleansing, Moisturizing, and Refining Pores - 240g</p><p>$19.99 ($2.36 / Ounce)</p><a href="https://www.amazon.com/dp/B0B538QDNY?tag=eloabder-20&linkCode=osi&th=1&psc=1">View Product</a></div><div class="product"><a href="https://www.amazon.com/dp/B09MN94BZW?tag=eloabder-20&linkCode=osi&th=1&psc=1"><img src="https://m.media-amazon.com/images/I/41dNAUrUGKL._SL500_.jpg" alt="Product Image"></a><p>Pure Clay Mud Mask, Clay Mask Pores for Face and Skin, Detox Clay Face Masks Skincare, Exfoliating Facial Treatment, Cleans & Purify Pores For Clear & Glowing Skin, Face Mask for Oily Skin & Normal</p><p>$5.99 ($0.70 / Ounce)</p><a href="https://www.amazon.com/dp/B09MN94BZW?tag=eloabder-20&linkCode=osi&th=1&psc=1">View Product</a></div>
<div class="product"><a href="https://www.amazon.com/dp/B08SHHLS4H?tag=eloabder-20&linkCode=osi&th=1&psc=1"><img src="https://m.media-amazon.com/images/I/51mcEX1fQQL._SL500_.jpg" alt="Product Image"></a><p>2PCS Gel Eye Mask Reusable Hot Cold Therapy Gel Bead Eye Mask for Puffiness/Dark Circles/Eye Bags/Dry Eyes/Headaches/Migraines/Stress Relief, Cooling Eye Mask Hot/Cold Compress Eye Mask (Blue)</p><p>$11.99 ($11.99 / Count)</p><a href="https://www.amazon.com/dp/B08SHHLS4H?tag=eloabder-20&linkCode=osi&th=1&psc=1">View Product</a></div><div class="product"><a href="https://www.amazon.com/dp/B0C8NR3Q5M?tag=eloabder-20&linkCode=osi&th=1&psc=1"><img src="https://m.media-amazon.com/images/I/51A6iv-SfEL._SL500_.jpg" alt="Product Image"></a><p>BeeVines Gel Eye Mask, 2 Pack Cooling Ice Masks for Puffy Eyes for Men & Women, Cold & Warm Compress for Post Surgery, Puffiness, Allergies, Sinuses & Migraines Treatment</p><p>$9.99 ($5.00 / Count)</p><a href="https://www.amazon.com/dp/B0C8NR3Q5M?tag=eloabder-20&linkCode=osi&th=1&psc=1">View Product</a></div><div class="product"><a href="https://www.amazon.com/dp/B07HD61PYN?tag=eloabder-20&linkCode=osi&th=1&psc=1"><img src="https://m.media-amazon.com/images/I/51NrypqKlOL._SL500_.jpg" alt="Product Image"></a><p>Cold Face Eye Mask Ice Pack Reduce Face Puff, Dark Circles, Gel Beads Hot Heat Cold Compress Pack, Face SPA for Woman Sleeping, Pressure, Headaches, Skin Care, Post Laser Care[Blue]</p><p>$9.99 ($9.99 / Count)</p><a href="https://www.amazon.com/dp/B07HD61PYN?tag=eloabder-20&linkCode=osi&th=1&psc=1">View Product</a></div><div class="product"><a href="https://www.amazon.com/dp/B075M9ZLB2?tag=eloabder-20&linkCode=osi&th=1&psc=1"><img src="https://m.media-amazon.com/images/I/51keceyL42L._SL500_.jpg" alt="Product Image"></a><p>Cooling Eye Mask - Reusable Gel Eye Mask Cold Pack - Our Ice Eye Mask Soothes Puffy Eyes & Dark Circles - Relieve Your Headaches & Sinus Pain with Cold Eye Mask & Eye Gel Mask Therapy - Halos</p><p>$9.99</p><a href="https://www.amazon.com/dp/B075M9ZLB2?tag=eloabder-20&linkCode=osi&th=1&psc=1">View Product</a></div><div class="product"><a href="https://www.amazon.com/dp/B0B9YLR2D6?tag=eloabder-20&linkCode=osi&th=1&psc=1"><img src="https://m.media-amazon.com/images/I/41byYk5cDeL._SL500_.jpg" alt="Product Image"></a><p>Lancity Jelly Mask Peel Off Face Masks SkinCare, Natural Gel Powder for Facial Mask, Professional hydrojelly Mask, Moisturizing & Hydrating 23 Fl Oz (Hyaluronic Acid)</p><p>$21.99 ($0.73 / Ounce)</p><a href="https://www.amazon.com/dp/B0B9YLR2D6?tag=eloabder-20&linkCode=osi&th=1&psc=1">View Product</a></div><div class="product"><a href="https://www.amazon.com/dp/B06XG249X4?tag=eloabder-20&linkCode=osi&th=1&psc=1"><img src="https://m.media-amazon.com/images/I/51YWeyoyTxL._SL500_.jpg" alt="Product Image"></a><p>Advanced Clinicals Hyaluronic Acid Gel Facial Mask Skin Care Treatment, Brightening, Hydrating Anti Aging Face Mask & Moisturizer Helps Transform Dry Skin W/Collagen, Chamomile, & Aloe Vera, 5 Fl Oz</p><p>$13.99 ($2.80 / Fl Oz)</p><a href="https://www.amazon.com/dp/B06XG249X4?tag=eloabder-20&linkCode=osi&th=1&psc=1">View Product</a></div><div class="product"><a href="https://www.amazon.com/dp/B0080FIRGQ?tag=eloabder-20&linkCode=osi&th=1&psc=1"><img src="https://m.media-amazon.com/images/I/41nFEw5jATS._SL500_.jpg" alt="Product Image"></a><p>Peter Thomas Roth | Cucumber Gel Mask | Extreme De-Tox Hydrator, Cooling and Hydrating Facial Mask, Helps Soothe the Look of Dry and Irritated Skin, 5 fl oz (Pack of 1)</p><p>$44.29 ($8.86 / Fl Oz)</p><a href="https://www.amazon.com/dp/B0080FIRGQ?tag=eloabder-20&linkCode=osi&th=1&psc=1">View Product</a></div>
<div class="product"><a href="https://www.amazon.com/dp/B014E2D6BY?tag=eloabder-20&linkCode=osi&th=1&psc=1"><img src="https://m.media-amazon.com/images/I/51V2D2PS2tL._SL500_.jpg" alt="Product Image"></a><p>grace & stella Under Eye Mask (Gold, 24 Pairs) Reduce Dark Circles, Puffy Eyes, Undereye Bags, Wrinkles - Gel Under Eye Patches - Gifts for Women - Birthday Gifts for Women - Vegan Cruelty Free</p><p>$21.95 ($0.91 / Count)</p><a href="https://www.amazon.com/dp/B014E2D6BY?tag=eloabder-20&linkCode=osi&th=1&psc=1">View Product</a></div><div class="product"><a href="https://www.amazon.com/dp/B0CPT8W3RV?tag=eloabder-20&linkCode=osi&th=1&psc=1"><img src="https://m.media-amazon.com/images/I/4184Q3-F9HL._SL500_.jpg" alt="Product Image"></a><p>grace & stella Purple Eye Treatment Gels - Dermatologist Tested - Under Eye Masks With Retinol - Restoring Under Eye Patches for Puffy Eyes and Dark Circles - Vegan, Cruelty-Free, 24 Pairs</p><p>$23.95 ($1.00 / Count)</p><a href="https://www.amazon.com/dp/B0CPT8W3RV?tag=eloabder-20&linkCode=osi&th=1&psc=1">View Product</a></div><div class="product"><a href="https://www.amazon.com/dp/B08DG3C22G?tag=eloabder-20&linkCode=osi&th=1&psc=1"><img src="https://m.media-amazon.com/images/I/51NCnFVfYTL._SL500_.jpg" alt="Product Image"></a><p>Celor Under Eye Patches for Puffy Eyes and Dark Circles - Eye Masks with Amino Acids & Collagen, Eye Care for Wrinkles - Birthday Gift for Women - Skincare Self Care - USA Tested (20 Pairs)</p><p>$9.99 ($0.50 / Count)</p><a href="https://www.amazon.com/dp/B08DG3C22G?tag=eloabder-20&linkCode=osi&th=1&psc=1">View Product</a></div><div class="product"><a href="https://www.amazon.com/dp/B0CQ2VBK8M?tag=eloabder-20&linkCode=osi&th=1&psc=1"><img src="https://m.media-amazon.com/images/I/61yjNxVwmgL._SL500_.jpg" alt="Product Image"></a><p>Under Eye Patches for Dark Circles and Puffy Eyes (30 Pairs), Marine Collagen Eye Gel Pads for Puffiness with Vitamin C, Hyaluronic Acid, and Pearl Extract, Eye Mask for Dark Circles and Puffiness</p><p>$19.95 ($0.66 / Count)</p><a href="https://www.amazon.com/dp/B0CQ2VBK8M?tag=eloabder-20&linkCode=osi&th=1&psc=1">View Product</a></div><div class="product"><a href="https://www.amazon.com/dp/B0CJJZYR9Y?tag=eloabder-20&linkCode=osi&th=1&psc=1"><img src="https://m.media-amazon.com/images/I/41Wxw8DLNVL._SL500_.jpg" alt="Product Image"></a><p>DRMTLGY Brightening Eye Masks (30 Pairs) - Caffeine Eye Masks for Dark Circles and Puffiness with Hyaluronic Acid, Eye Patches for Puffy Eyes</p><p>$44.00 ($0.73 / Count)</p><a href="https://www.amazon.com/dp/B0CJJZYR9Y?tag=eloabder-20&linkCode=osi&th=1&psc=1">View Product</a></div><div class="product"><a href="https://www.amazon.com/dp/B0CZ8JBDHQ?tag=eloabder-20&linkCode=osi&th=1&psc=1"><img src="https://m.media-amazon.com/images/I/41jK7RZj1NL._SL500_.jpg" alt="Product Image"></a><p>YOYORY Under Eye Patches Masks - for Dark Circles, Puffy Eyes, Fine Lines, Wrinkles, Eye Bags Treatment with Collagen and Hyaluronic Acid, Moisturizing and Hydrating (60 Pcs)…</p><p>$19.99 ($0.33 / Fl Oz)</p><a href="https://www.amazon.com/dp/B0CZ8JBDHQ?tag=eloabder-20&linkCode=osi&th=1&psc=1">View Product</a></div><div class="product"><a href="https://www.amazon.com/dp/B0C4NWGVTF?tag=eloabder-20&linkCode=osi&th=1&psc=1"><img src="https://m.media-amazon.com/images/I/51lAmpjfDsL._SL500_.jpg" alt="Product Image"></a><p>Taimand Under Eye Patches (30 Pairs), 24K Gold Under Eye Mask for Puffy Eyes, Dark Circles,Bags and Wrinkles with Collagen,Relieves Pressure and Reduces Wrinkles,Revitalises and Refreshes Your Skin</p><p>$7.99 ($0.27 / Count)</p><a href="https://www.amazon.com/dp/B0C4NWGVTF?tag=eloabder-20&linkCode=osi&th=1&psc=1">View Product</a></div><div class="product"><a href="https://www.amazon.com/dp/B0BDD7D34M?tag=eloabder-20&linkCode=osi&th=1&psc=1"><img src="https://m.media-amazon.com/images/I/51O5AVRXcUL._SL500_.jpg" alt="Product Image"></a><p>Maskiss 24k Gold Under Eye Patches (25 Pairs), eye mask, Collagen Skin Care Products, Eye Patches for Puffy Eyes, eye masks for dark circles and puffiness</p><p>$14.99 ($0.60 / Count)</p><a href="https://www.amazon.com/dp/B0BDD7D34M?tag=eloabder-20&linkCode=osi&th=1&psc=1">View Product</a></div><div class="product"><a href="https://www.amazon.com/dp/B0B1MFMS7W?tag=eloabder-20&linkCode=osi&th=1&psc=1"><img src="https://m.media-amazon.com/images/I/41BGKrFfFxL._SL500_.jpg" alt="Product Image"></a><p>CorneaCare Rest: Self Heating Warm Compress for Eyes | Heated Eye Mask for Fast Relief of Dry Eyes | No Microwave Needed | Eye Treatment Products for Dry Eye Relief | 30 Count | FSA & HSA Eligible</p><p>$35.00 ($1.17 / Count)</p><a href="https://www.amazon.com/dp/B0B1MFMS7W?tag=eloabder-20&linkCode=osi&th=1&psc=1">View Product</a></div><div class="product"><a href="https://www.amazon.com/dp/B0CTF8XSFX?tag=eloabder-20&linkCode=osi&th=1&psc=1"><img src="https://m.media-amazon.com/images/I/519z+NIvFHL._SL500_.jpg" alt="Product Image"></a><p>Under Eye Patches for Puffy Eyes Treatment 30 Pairs, 24K Gold Under Eye Masks for Dark Circles and Puffiness, Eye Gel Pads w/Collagen, Sodium Hyaluronate, Rose Essence for Eye Bags Treatment</p><p>$6.99 ($0.23 / Count)</p><a href="https://www.amazon.com/dp/B0CTF8XSFX?tag=eloabder-20&linkCode=osi&th=1&psc=1">View Product</a></div>
<div class="product"><a href="https://www.amazon.com/dp/B00JJPMXDO?tag=eloabder-20&linkCode=osi&th=1&psc=1"><img src="https://m.media-amazon.com/images/I/41xUbY21ojL._SL500_.jpg" alt="Product Image"></a><p>CeraVe Eye Repair Cream | Under Eye Cream For Puffiness And Bags Under Eyes | Hyaluronic Acid + Niacinamide + Marine Botanical Complex | Hydrating Eye Cream | Oil Free & Opthalmologist Tested</p><p>$10.70 ($21.40 / Ounce)</p><a href="https://www.amazon.com/dp/B00JJPMXDO?tag=eloabder-20&linkCode=osi&th=1&psc=1">View Product</a></div><div class="product"><a href="https://www.amazon.com/dp/B0B3GCCRVH?tag=eloabder-20&linkCode=osi&th=1&psc=1"><img src="https://m.media-amazon.com/images/I/41EdCdrw-AL._SL500_.jpg" alt="Product Image"></a><p>CeraVe Skin Renewing Eye Cream For Wrinkles | Under Eye Cream With Peptides + Caffeine + Niacinamide | Anti Aging Eye Cream For Wrinkles & Crows Feet | Paraben Free & Opthalmologist Tested</p><p>$18.49 ($36.98 / Ounce)</p><a href="https://www.amazon.com/dp/B0B3GCCRVH?tag=eloabder-20&linkCode=osi&th=1&psc=1">View Product</a></div><div class="product"><a href="https://www.amazon.com/dp/B00005333I?tag=eloabder-20&linkCode=osi&th=1&psc=1"><img src="https://m.media-amazon.com/images/I/31webfO63dL._SL500_.jpg" alt="Product Image"></a><p>L'Oreal Paris Dermo-Expertise Eye Defense Eye Cream with Caffeine and Hyaluronic Acid 0.5 oz</p><p>$12.27 ($24.54 / Ounce)</p><a href="https://www.amazon.com/dp/B00005333I?tag=eloabder-20&linkCode=osi&th=1&psc=1">View Product</a></div><div class="product"><a href="https://www.amazon.com/dp/B0CZJ8N83D?tag=eloabder-20&linkCode=osi&th=1&psc=1"><img src="https://m.media-amazon.com/images/I/31fQO3OHiML._SL500_.jpg" alt="Product Image"></a><p>PRIME PROMETICS PrimeEyes Hydrate Under Eye Cream for Mature Women – Hydrating Eye Cream for Dark Circles and Wrinkle Repair – Soft, Glowing & Healthy Under Eyes</p><p>$62.00</p><a href="https://www.amazon.com/dp/B0CZJ8N83D?tag=eloabder-20&linkCode=osi&th=1&psc=1">View Product</a></div><div class="product"><a href="https://www.amazon.com/dp/B0009RFB76?tag=eloabder-20&linkCode=osi&th=1&psc=1"><img src="https://m.media-amazon.com/images/I/31M2iQDNDOL._SL500_.jpg" alt="Product Image"></a><p>RoC Retinol Correxion Under Eye Cream for Dark Circles & Puffiness, Daily Wrinkle Cream, Anti Aging Line Smoothing Skin Care Treatment for Women and Men, 0.5 oz (Packaging May Vary)</p><p>$19.02 ($38.04 / Fl Oz)</p><a href="https://www.amazon.com/dp/B0009RFB76?tag=eloabder-20&linkCode=osi&th=1&psc=1">View Product</a></div><div class="product"><a href="https://www.amazon.com/dp/B0D3TG6MN3?tag=eloabder-20&linkCode=osi&th=1&psc=1"><img src="https://m.media-amazon.com/images/I/21-DQIJf5xL._SL500_.jpg" alt="Product Image"></a><p>Dr.Melaxin Eyephalt Eyebag Cream for Puffiness, Dark Circles & Fine Lines, Wrinkle, EGF Anti-Aging Under Eye Moisturizer with Niacinamide&Ceramide 0.33 fl.oz.</p><p>$59.00 ($178.79 / Fl Oz)</p><a href="https://www.amazon.com/dp/B0D3TG6MN3?tag=eloabder-20&linkCode=osi&th=1&psc=1">View Product</a></div><div class="product"><a href="https://www.amazon.com/dp/B07CKJRJXB?tag=eloabder-20&linkCode=osi&th=1&psc=1"><img src="https://m.media-amazon.com/images/I/31pJCzbhXrL._SL500_.jpg" alt="Product Image"></a><p>No7 Lift & Luminate Triple Action Eye Cream - Anti-Aging Under Eye Cream for Dark Circles, Puffiness & Wrinkles - Formulated with Vitamin C to Brighten and Refresh Tired Eyes (0.5 Fl Oz)</p><p>$15.93</p><a href="https://www.amazon.com/dp/B07CKJRJXB?tag=eloabder-20&linkCode=osi&th=1&psc=1">View Product</a></div><div class="product"><a href="https://www.amazon.com/dp/B07ZRF416W?tag=eloabder-20&linkCode=osi&th=1&psc=1"><img src="https://m.media-amazon.com/images/I/31cH7vzfBxL._SL500_.jpg" alt="Product Image"></a><p>COSRX Snail Peptide Eye Cream with 73.7% Snail Mucin and Niacinamide - Brightening Korean Night Cream for Fine Lines and Dark Circles</p><p>$13.89 ($16.34 / Fl Oz)</p><a href="https://www.amazon.com/dp/B07ZRF416W?tag=eloabder-20&linkCode=osi&th=1&psc=1">View Product</a></div>
<div class="product"><a href="https://www.amazon.com/dp/B01N9SPQHQ?tag=eloabder-20&linkCode=osi&th=1&psc=1"><img src="https://m.media-amazon.com/images/I/41NHgWAaYAL._SL500_.jpg" alt="Product Image"></a><p>La Roche-Posay Toleriane Double Repair Face Moisturizer, Daily Moisturizer Face Cream with Ceramide and Niacinamide for All Skin Types, Oil Free, Fragrance Free</p><p>$23.99 ($7.10 / Fl Oz)</p><a href="https://www.amazon.com/dp/B01N9SPQHQ?tag=eloabder-20&linkCode=osi&th=1&psc=1">View Product</a></div><div class="product"><a href="https://www.amazon.com/dp/B08BW46XXK?tag=eloabder-20&linkCode=osi&th=1&psc=1"><img src="https://m.media-amazon.com/images/I/41oCJ4BF8oL._SL500_.jpg" alt="Product Image"></a><p>Vanicream Daily Facial Moisturizer With Ceramides and Hyaluronic Acid - Formulated Without Common Irritants for Those with Sensitive Skin, 3 fl oz (Pack of 1)</p><p>$12.97 ($4.32 / Fl Oz)</p><a href="https://www.amazon.com/dp/B08BW46XXK?tag=eloabder-20&linkCode=osi&th=1&psc=1">View Product</a></div><div class="product"><a href="https://www.amazon.com/dp/B00TTD9BRC?tag=eloabder-20&linkCode=osi&th=1&psc=1"><img src="https://m.media-amazon.com/images/I/41Kc6H7fboL._SL500_.jpg" alt="Product Image"></a><p>CeraVe Moisturizing Cream | Body and Face Moisturizer for Dry Skin | Body Cream with Hyaluronic Acid and Ceramides | Daily Moisturizer | Oil-Free | Fragrance Free | Non-Comedogenic | 19 Ounce</p><p>$17.78 ($0.94 / Ounce)</p><a href="https://www.amazon.com/dp/B00TTD9BRC?tag=eloabder-20&linkCode=osi&th=1&psc=1">View Product</a></div><div class="product"><a href="https://www.amazon.com/dp/B000YJ2SLG?tag=eloabder-20&linkCode=osi&th=1&psc=1"><img src="https://m.media-amazon.com/images/I/31J9bWXnQ+L._SL500_.jpg" alt="Product Image"></a><p>CeraVe Daily Moisturizing Lotion for Dry Skin | Body Lotion & Face Moisturizer with Hyaluronic Acid and Ceramides | Daily Moisturizer | Fragrance Free | Oil-Free | 12 Ounce</p><p>$13.68 ($1.14 / Fl Oz)</p><a href="https://www.amazon.com/dp/B000YJ2SLG?tag=eloabder-20&linkCode=osi&th=1&psc=1">View Product</a></div><div class="product"><a href="https://www.amazon.com/dp/B01LEJ5MSK?tag=eloabder-20&linkCode=osi&th=1&psc=1"><img src="https://m.media-amazon.com/images/I/418xEMrk6LL._SL500_.jpg" alt="Product Image"></a><p>COSRX Snail Mucin 92% Repair Cream, Daily Face Gel Moisturizer for Dry Skin, Acne-prone, Sensitive Skin, Not Tested on Animals, No Parabens, Korean Skincare (3.52 Fl Oz (Pack of 1))</p><p>$13.99 ($3.97 / Fl Oz)</p><a href="https://www.amazon.com/dp/B01LEJ5MSK?tag=eloabder-20&linkCode=osi&th=1&psc=1">View Product</a></div><div class="product"><a href="https://www.amazon.com/dp/B0BBSP2JNQ?tag=eloabder-20&linkCode=osi&th=1&psc=1"><img src="https://m.media-amazon.com/images/I/51qb7tiAJgL._SL500_.jpg" alt="Product Image"></a><p>SimplyVital Face Moisturizer Collagen Cream - Anti Aging Neck and Décolleté - Made in USA Day & Night Face Cream - Moisturizing, Lifting & Recovery – 1.7oz</p><p>$22.89 ($13.46 / Fl Oz)</p><a href="https://www.amazon.com/dp/B0BBSP2JNQ?tag=eloabder-20&linkCode=osi&th=1&psc=1">View Product</a></div><div class="product"><a href="https://www.amazon.com/dp/B01NCWV3KM?tag=eloabder-20&linkCode=osi&th=1&psc=1"><img src="https://m.media-amazon.com/images/I/41Q1ESUhSeL._SL500_.jpg" alt="Product Image"></a><p>La Roche-Posay Toleriane Double Repair UV SPF Moisturizer for Face, Daily Facial Moisturizer with Sunscreen SPF 30, Niacinamide and Glycerin, Oil Free, Moisturizing Sun Protection</p><p>$24.99 ($10.00 / Fl Oz)</p><a href="https://www.amazon.com/dp/B01NCWV3KM?tag=eloabder-20&linkCode=osi&th=1&psc=1">View Product</a></div><div class="product"><a href="https://www.amazon.com/dp/B00F97FHAW?tag=eloabder-20&linkCode=osi&th=1&psc=1"><img src="https://m.media-amazon.com/images/I/41K+11aLxaL._SL500_.jpg" alt="Product Image"></a><p>CeraVe AM Facial Moisturizing Lotion with SPF 30 | Oil-Free Face Moisturizer with SPF | Formulated with Hyaluronic Acid, Niacinamide & Ceramides | Non-Comedogenic | Broad Spectrum Sunscreen | 3 Ounce</p><p>$14.99 ($5.00 / Fl Oz)</p><a href="https://www.amazon.com/dp/B00F97FHAW?tag=eloabder-20&linkCode=osi&th=1&psc=1">View Product</a></div><div class="product"><a href="https://www.amazon.com/dp/B00NR1YQHM?tag=eloabder-20&linkCode=osi&th=1&psc=1"><img src="https://m.media-amazon.com/images/I/41yzZFTW63L._SL500_.jpg" alt="Product Image"></a><p>Neutrogena Hydro Boost Face Moisturizer with Hyaluronic Acid for Dry Skin, Oil-Free and Non-Comedogenic Water Gel Face Lotion, 1.7 oz</p><p>$13.00 ($7.65 / Ounce)</p><a href="https://www.amazon.com/dp/B00NR1YQHM?tag=eloabder-20&linkCode=osi&th=1&psc=1">View Product</a></div><div class="product"><a href="https://www.amazon.com/dp/B08127SC4G?tag=eloabder-20&linkCode=osi&th=1&psc=1"><img src="https://m.media-amazon.com/images/I/31lAajvgToL._SL500_.jpg" alt="Product Image"></a><p>e.l.f. SKIN Holy Hydration! Face Cream, Moisturizer For Nourishing & Plumping Skin, Infused With Hyaluronic Acid, Vegan & Cruelty-Free, 1.8 Oz</p><p>$13.00 ($7.39 / Ounce)</p><a href="https://www.amazon.com/dp/B08127SC4G?tag=eloabder-20&linkCode=osi&th=1&psc=1">View Product</a></div>
<div class="product"><a href="https://www.amazon.com/dp/B00SNPCSUY?tag=eloabder-20&linkCode=osi&th=1&psc=1"><img src="https://m.media-amazon.com/images/I/411crd4ECqL._SL500_.jpg" alt="Product Image"></a><p>CeraVe Skin Renewing Night Cream | Niacinamide, Peptide Complex, and Hyaluronic Acid Moisturizer for Face | 1.7 Ounce, Packaging may Vary</p><p>$17.44 ($10.26 / Ounce)</p><a href="https://www.amazon.com/dp/B00SNPCSUY?tag=eloabder-20&linkCode=osi&th=1&psc=1">View Product</a></div><div class="product"><a href="https://www.amazon.com/dp/B00HNSSPDG?tag=eloabder-20&linkCode=osi&th=1&psc=1"><img src="https://m.media-amazon.com/images/I/41zARcUorbL._SL500_.jpg" alt="Product Image"></a><p>Neutrogena Triple Age Repair Anti-Aging Night Cream with Vitamin C; Fights Wrinkles & Evens Tone, Firming Anti-Wrinkle Face & Neck Cream; Glycerin & Shea Butter, 1.7 oz</p><p>$20.44 ($12.02 / Ounce)</p><a href="https://www.amazon.com/dp/B00HNSSPDG?tag=eloabder-20&linkCode=osi&th=1&psc=1">View Product</a></div><div class="product"><a href="https://www.amazon.com/dp/B01M4R7CC5?tag=eloabder-20&linkCode=osi&th=1&psc=1"><img src="https://m.media-amazon.com/images/I/414vBUMc1QL._SL500_.jpg" alt="Product Image"></a><p>Night Cream by Olay Regenerist Night Recovery Anti-Aging Face Moisturizer 1.7 oz</p><p>$21.34 ($12.55 / Ounce)</p><a href="https://www.amazon.com/dp/B01M4R7CC5?tag=eloabder-20&linkCode=osi&th=1&psc=1">View Product</a></div><div class="product"><a href="https://www.amazon.com/dp/B00365DABC?tag=eloabder-20&linkCode=osi&th=1&psc=1"><img src="https://m.media-amazon.com/images/I/41rqUy3OtML._SL500_.jpg" alt="Product Image"></a><p>CeraVe PM Facial Moisturizing Lotion | Night Cream with Hyaluronic Acid and Niacinamide | Ultra-Lightweight, Oil-Free Moisturizer for Face | 3 Ounce</p><p>$15.99 ($5.33 / Ounce)</p><a href="https://www.amazon.com/dp/B00365DABC?tag=eloabder-20&linkCode=osi&th=1&psc=1">View Product</a></div><div class="product"><a href="https://www.amazon.com/dp/B0877PX27D?tag=eloabder-20&linkCode=osi&th=1&psc=1"><img src="https://m.media-amazon.com/images/I/41UsZNavFeL._SL500_.jpg" alt="Product Image"></a><p>Eucerin Q10 Anti-Wrinkle Night Cream + Pro-Retinol, Facial Cream for Sensitive Skin, 1.7 Oz Jar</p><p>$12.49 ($7.35 / Ounce)</p><a href="https://www.amazon.com/dp/B0877PX27D?tag=eloabder-20&linkCode=osi&th=1&psc=1">View Product</a></div><div class="product"><a href="https://www.amazon.com/dp/B09843F4WG?tag=eloabder-20&linkCode=osi&th=1&psc=1"><img src="https://m.media-amazon.com/images/I/41rbHY+4UCL._SL500_.jpg" alt="Product Image"></a><p>L'Oreal Paris Age Perfect Collagen Expert Anti-Aging, Anti-Wrinkle Night Moisturizer 2.5 oz</p><p>$14.06 ($5.62 / Ounce)</p><a href="https://www.amazon.com/dp/B09843F4WG?tag=eloabder-20&linkCode=osi&th=1&psc=1">View Product</a></div><div class="product"><a href="https://www.amazon.com/dp/B00D440TZU?tag=eloabder-20&linkCode=osi&th=1&psc=1"><img src="https://m.media-amazon.com/images/I/41th+Ofm0oL._SL500_.jpg" alt="Product Image"></a><p>RoC Multi Correxion 5 in 1 Restoring/Anti Aging Facial Night Cream with Hexinol, 1.7 Ounces (Packaging May Vary)</p><p>$24.47 ($14.39 / Ounce)</p><a href="https://www.amazon.com/dp/B00D440TZU?tag=eloabder-20&linkCode=osi&th=1&psc=1">View Product</a></div><div class="product"><a href="https://www.amazon.com/dp/B0C15N3473?tag=eloabder-20&linkCode=osi&th=1&psc=1"><img src="https://m.media-amazon.com/images/I/415J39xM8eL._SL500_.jpg" alt="Product Image"></a><p>Cetaphil Healthy Renew Skin Tightening Night Cream 1.7 Oz, Wrinkle Repair Cream for Face with Peptides, Retinol Alternative Cream For Sensitive Skin, Fragrance Free</p><p>$16.64 ($9.79 / Fl Oz)</p><a href="https://www.amazon.com/dp/B0C15N3473?tag=eloabder-20&linkCode=osi&th=1&psc=1">View Product</a></div><div class="product"><a href="https://www.amazon.com/dp/B09W4TZVPZ?tag=eloabder-20&linkCode=osi&th=1&psc=1"><img src="https://m.media-amazon.com/images/I/411CiT2MjTL._SL500_.jpg" alt="Product Image"></a><p>Eight Saints Skin Care Up the Anti Night Cream Face Moisturizer to Reduce Fine Lines and Wrinkles, Natural and Organic Anti Aging Cream For Face & Neck with Niacinamide and Hyaluronic Acid, 2 Ounces</p><p>$34.00 ($17.00 / Ounce)</p><a href="https://www.amazon.com/dp/B09W4TZVPZ?tag=eloabder-20&linkCode=osi&th=1&psc=1">View Product</a></div><div class="product"><a href="https://www.amazon.com/dp/B0B64GY9MC?tag=eloabder-20&linkCode=osi&th=1&psc=1"><img src="https://m.media-amazon.com/images/I/416zsLeSx8L._SL500_.jpg" alt="Product Image"></a><p>L'Oreal Paris Age Perfect Anti-Aging Midnight Cream, Reduce Wrinkles & Firm 1.7oz + Serum Sample</p><p>$27.77 ($16.34 / Ounce)</p><a href="https://www.amazon.com/dp/B0B64GY9MC?tag=eloabder-20&linkCode=osi&th=1&psc=1">View Product</a></div>
<div class="product"><a href="https://www.amazon.com/dp/B002JDUMFO?tag=eloabder-20&linkCode=osi&th=1&psc=1"><img src="https://m.media-amazon.com/images/I/41h3+tOcptL._SL500_.jpg" alt="Product Image"></a><p>L’Oréal Paris Collagen Daily Face Moisturizer, Reduce Wrinkles, Face Cream 1.7 oz</p><p>$7.14 ($4.20 / Ounce)</p><a href="https://www.amazon.com/dp/B002JDUMFO?tag=eloabder-20&linkCode=osi&th=1&psc=1">View Product</a></div><div class="product"><a href="https://www.amazon.com/dp/B07D61XRFT?tag=eloabder-20&linkCode=osi&th=1&psc=1"><img src="https://m.media-amazon.com/images/I/41jMcJ9ZkDL._SL500_.jpg" alt="Product Image"></a><p>L'Oreal Paris Skincare Age Perfect Hydra-Nutrition Anti-Aging Day Cream with Manuka Honey Extract, 1.7 Ounce</p><p>$14.99 ($8.82 / Ounce)</p><a href="https://www.amazon.com/dp/B07D61XRFT?tag=eloabder-20&linkCode=osi&th=1&psc=1">View Product</a></div><div class="product"><a href="https://www.amazon.com/dp/B00OYBAMKY?tag=eloabder-20&linkCode=osi&th=1&psc=1"><img src="https://m.media-amazon.com/images/I/31F5FUo3BnL._SL500_.jpg" alt="Product Image"></a><p>Grown Alchemist Hydra-Repair Day Cream. Face Moisturizer that Primes and Hydrates Skin (100ml).</p><p>$65.00 ($19.23 / Fl Oz)</p><a href="https://www.amazon.com/dp/B00OYBAMKY?tag=eloabder-20&linkCode=osi&th=1&psc=1">View Product</a></div><div class="product"><a href="https://www.amazon.com/dp/B0C9VXS6VY?tag=eloabder-20&linkCode=osi&th=1&psc=1"><img src="https://m.media-amazon.com/images/I/41jZJbsswdL._SL500_.jpg" alt="Product Image"></a><p>La Vie Protective Anti-Aging Face Cream – Day Cream with Hyaluronic Acid, Shea Butter & Vitamins – Firming Face Cream with SPF & Aloe Vera – 1.7Fl Oz</p><p>$21.50 ($12.65 / Fl Oz)</p><a href="https://www.amazon.com/dp/B0C9VXS6VY?tag=eloabder-20&linkCode=osi&th=1&psc=1">View Product</a></div><div class="product"><a href="https://www.amazon.com/dp/B0CWVN2PKH?tag=eloabder-20&linkCode=osi&th=1&psc=1"><img src="https://m.media-amazon.com/images/I/41qIK3gKbEL._SL500_.jpg" alt="Product Image"></a><p>EnaSkin Retinol Cream for Wrinkles: Face Collagen Cream for Tightening Skin - Anti Aging Facial Moisturizer Day and Night for Women and Men 1.7 Fl OZ</p><p>$19.89 ($11.70 / Fl Oz)</p><a href="https://www.amazon.com/dp/B0CWVN2PKH?tag=eloabder-20&linkCode=osi&th=1&psc=1">View Product</a></div>
<div class="product"><a href="https://www.amazon.com/dp/B0CKPQJ13T?tag=eloabder-20&linkCode=osi&th=1&psc=1"><img src="https://m.media-amazon.com/images/I/31h2CQ5KWBL._SL500_.jpg" alt="Product Image"></a><p>Niacinamide Serum for Face, Anti Aging Serum, Hydrating Serum for Moisturize Skin, Oil Control, Pores Reducer, Reduces Skin Dullness and Delay Aging, Niacinamide Face Serum for all Skin Type</p><p>$9.99 ($9.99 / Fl Oz)</p><a href="https://www.amazon.com/dp/B0CKPQJ13T?tag=eloabder-20&linkCode=osi&th=1&psc=1">View Product</a></div><div class="product"><a href="https://www.amazon.com/dp/B072K1LNNY?tag=eloabder-20&linkCode=osi&th=1&psc=1"><img src="https://m.media-amazon.com/images/I/51frH2pII1L._SL500_.jpg" alt="Product Image"></a><p>SeoulCeuticals Korean Skin Care 20% Vitamin C Hyaluronic Acid Serum + CE Ferulic Acid - Potent Anti Aging, Anti Wrinkle Korean Beauty 1oz</p><p>$19.98</p><a href="https://www.amazon.com/dp/B072K1LNNY?tag=eloabder-20&linkCode=osi&th=1&psc=1">View Product</a></div><div class="product"><a href="https://www.amazon.com/dp/B01M4MCUAF?tag=eloabder-20&linkCode=osi&th=1&psc=1"><img src="https://m.media-amazon.com/images/I/41aQhk7cn+L._SL500_.jpg" alt="Product Image"></a><p>TruSkin Vitamin C Serum – Anti Aging Facial Serum with Vitamin C, Hyaluronic Acid, Vitamin E & More – Brightening Serum for Dark Spots, Even Skin Tone, Eye Area, Fine Lines & Wrinkles, 1 Fl Oz</p><p>$21.97</p><a href="https://www.amazon.com/dp/B01M4MCUAF?tag=eloabder-20&linkCode=osi&th=1&psc=1">View Product</a></div><div class="product"><a href="https://www.amazon.com/dp/B08L8B5JR2?tag=eloabder-20&linkCode=osi&th=1&psc=1"><img src="https://m.media-amazon.com/images/I/51Ee0RzYONL._SL500_.jpg" alt="Product Image"></a><p>Vibriance Super C Serum for Mature Skin, Made in USA, All-In-One Formula Hydrates, Firms, Lifts, Smooths, Targets Age Spots, Wrinkles, Vitamin C Serum; 1 fl oz</p><p>$32.90</p><a href="https://www.amazon.com/dp/B08L8B5JR2?tag=eloabder-20&linkCode=osi&th=1&psc=1">View Product</a></div><div class="product"><a href="https://www.amazon.com/dp/B07P5TMHD9?tag=eloabder-20&linkCode=osi&th=1&psc=1"><img src="https://m.media-amazon.com/images/I/51xr2lw0Y7L._SL500_.jpg" alt="Product Image"></a><p>Vitamin C Face Serum - Dark Spot Remover Facial Serum, Vit C Serum with Hyaluronic Acid, Ferulic Acid, & Vit E - Anti Aging and Skin Brightening Serum, Pure Vitamin C Serum Skin Care</p><p>$9.98</p><a href="https://www.amazon.com/dp/B07P5TMHD9?tag=eloabder-20&linkCode=osi&th=1&psc=1">View Product</a></div><div class="product"><a href="https://www.amazon.com/dp/B09TPXJP8R?tag=eloabder-20&linkCode=osi&th=1&psc=1"><img src="https://m.media-amazon.com/images/I/41wFAnopZkL._SL500_.jpg" alt="Product Image"></a><p>Vichy LiftActiv Vitamin C Serum, Brightening and Anti Aging Serum for Face with 15% Pure Vitamin C, Skin Firming and Antioxidant Facial Serum for Brightness and Moisturizing</p><p>$34.99 ($52.22 / Fl Oz)</p><a href="https://www.amazon.com/dp/B09TPXJP8R?tag=eloabder-20&linkCode=osi&th=1&psc=1">View Product</a></div><div class="product"><a href="https://www.amazon.com/dp/B075VX4QVM?tag=eloabder-20&linkCode=osi&th=1&psc=1"><img src="https://m.media-amazon.com/images/I/31uFKKKGUhL._SL500_.jpg" alt="Product Image"></a><p>La Roche-Posay Hyalu B5 Pure Hyaluronic Acid Serum for Face | Vitamin B5 + Hyaluronic Acid + Madecassoside | Hydrating Serum Visibly Plumps Skin | Sensitive Skin Safe | Anti Aging Serum | Oil-Free</p><p>$39.99</p><a href="https://www.amazon.com/dp/B075VX4QVM?tag=eloabder-20&linkCode=osi&th=1&psc=1">View Product</a></div><div class="product"><a href="https://www.amazon.com/dp/B0CLLV2T1P?tag=eloabder-20&linkCode=osi&th=1&psc=1"><img src="https://m.media-amazon.com/images/I/31ZBa-zgbjL._SL500_.jpg" alt="Product Image"></a><p>Anua 10% Niacinamide+ 4% Tranexamic Acid Serum, Ceramide, Hyaluronic Acid, Vitamin B12 natural color, for Sensitive skin, Korean Glass Skin, Fragrance-Free (30ml /1.01 fl.oz.)</p><p>$19.00 ($18.81 / Fl Oz)</p><a href="https://www.amazon.com/dp/B0CLLV2T1P?tag=eloabder-20&linkCode=osi&th=1&psc=1">View Product</a></div><div class="product"><a href="https://www.amazon.com/dp/B07VWSN95S?tag=eloabder-20&linkCode=osi&th=1&psc=1"><img src="https://m.media-amazon.com/images/I/411Y0nzh9zL._SL500_.jpg" alt="Product Image"></a><p>CeraVe Retinol Serum for Post-Acne Marks and Skin Texture | Pore Refining, Resurfacing, Brightening Facial Serum with Retinol and Niacinamide | Fragrance Free, Paraben Free & Non-Comedogenic| 1 Oz</p><p>$18.68</p><a href="https://www.amazon.com/dp/B07VWSN95S?tag=eloabder-20&linkCode=osi&th=1&psc=1">View Product</a></div>
<div class="product"><a href="https://www.amazon.com/dp/B00J1FNW28?tag=eloabder-20&linkCode=osi&th=1&psc=1"><img src="https://m.media-amazon.com/images/I/414w8iNQRqL._SL500_.jpg" alt="Product Image"></a><p>Palmer's Cocoa Butter Formula Moisturizing Skin Therapy Oil for Face with Vitamin E, C & 10 Pure Facial Oil Blend, Rosehip Fragrance, 1 Ounce</p><p>$10.97 ($10.97 / Fl Oz)</p><a href="https://www.amazon.com/dp/B00J1FNW28?tag=eloabder-20&linkCode=osi&th=1&psc=1">View Product</a></div><div class="product"><a href="https://www.amazon.com/dp/B01N3340K7?tag=eloabder-20&linkCode=osi&th=1&psc=1"><img src="https://m.media-amazon.com/images/I/41QYm09uWiL._SL500_.jpg" alt="Product Image"></a><p>Kate Blanc Cosmetics Rosehip Oil for Face & Skin. Rosehip Seed Face Oil for Facial & Gua Sha Massage (1oz, Organic, Pure, Cold Pressed)</p><p>$8.99</p><a href="https://www.amazon.com/dp/B01N3340K7?tag=eloabder-20&linkCode=osi&th=1&psc=1">View Product</a></div><div class="product"><a href="https://www.amazon.com/dp/B01GYHLW4U?tag=eloabder-20&linkCode=osi&th=1&psc=1"><img src="https://m.media-amazon.com/images/I/31oeUKDfrOL._SL500_.jpg" alt="Product Image"></a><p>KORA Organics Noni Glow Hydrating Face Oil with Antioxidants, Nourish & Illuminate, Certified Organic, Cruelty Free, 0.34 fl oz</p><p>$29.00 ($85.29 / Fl Oz)</p><a href="https://www.amazon.com/dp/B01GYHLW4U?tag=eloabder-20&linkCode=osi&th=1&psc=1">View Product</a></div><div class="product"><a href="https://www.amazon.com/dp/B09Q2XYMLM?tag=eloabder-20&linkCode=osi&th=1&psc=1"><img src="https://m.media-amazon.com/images/I/41LM+-HnjiL._SL500_.jpg" alt="Product Image"></a><p>Good Molecules Squalane Oil - Moisturizer for Face, Skin, and Hair, Plumping, Firming, Anti-Aging - Skincare for Face to Hydrate and Calm the Skin</p><p>$8.00 ($18.18 / Fl Oz)</p><a href="https://www.amazon.com/dp/B09Q2XYMLM?tag=eloabder-20&linkCode=osi&th=1&psc=1">View Product</a></div><div class="product"><a href="https://www.amazon.com/dp/B0CNG6YPB8?tag=eloabder-20&linkCode=osi&th=1&psc=1"><img src="https://m.media-amazon.com/images/I/41gbDKoodrL._SL500_.jpg" alt="Product Image"></a><p>Black Seed Oil, Rosehip Oil, Castor Oil Organic Cold Pressed for Face Anti-Aging Miracle Facial Moisturizer Serum Natural Skincare Fortifying Hydrates Skin Moisturizing Beauty Glow Oil 1 Fl Oz/30mL</p><p>$16.99 ($16.99 / Fl Oz)</p><a href="https://www.amazon.com/dp/B0CNG6YPB8?tag=eloabder-20&linkCode=osi&th=1&psc=1">View Product</a></div><div class="product"><a href="https://www.amazon.com/dp/B000VPPUEA?tag=eloabder-20&linkCode=osi&th=1&psc=1"><img src="https://m.media-amazon.com/images/I/31e4JzjWhkL._SL500_.jpg" alt="Product Image"></a><p>Bio-Oil Skincare Body Oil, Vitamin E, Serum for Scars & Stretchmarks, Face & Body Moisturizer, 2 oz, All Skin Types</p><p>$11.04 ($5.52 / Fl Oz)</p><a href="https://www.amazon.com/dp/B000VPPUEA?tag=eloabder-20&linkCode=osi&th=1&psc=1">View Product</a></div><div class="product"><a href="https://www.amazon.com/dp/B001UE60E0?tag=eloabder-20&linkCode=osi&th=1&psc=1"><img src="https://m.media-amazon.com/images/I/31cFL31-1pL._SL500_.jpg" alt="Product Image"></a><p>DHC Deep Cleansing Oil, Facial Cleansing Oil, Makeup Remover, Cleanses without Clogging Pores, Residue-Free, Fragrance and Colorant Free, All Skin Types, 6.7 fl. oz.</p><p>$21.99 ($3.28 / Fl Oz)</p><a href="https://www.amazon.com/dp/B001UE60E0?tag=eloabder-20&linkCode=osi&th=1&psc=1">View Product</a></div><div class="product"><a href="https://www.amazon.com/dp/B0BN2PX8V3?tag=eloabder-20&linkCode=osi&th=1&psc=1"><img src="https://m.media-amazon.com/images/I/31vN6RNetML._SL500_.jpg" alt="Product Image"></a><p>ANUA Heartleaf Pore Control Cleansing Oil, Oil Cleanser for Face, Makeup Blackhead Remover, Korean Skin Care 6.76 fl oz(200ml) (original)</p><p>$17.69 ($2.64 / Fl Oz)</p><a href="https://www.amazon.com/dp/B0BN2PX8V3?tag=eloabder-20&linkCode=osi&th=1&psc=1">View Product</a></div><div class="product"><a href="https://www.amazon.com/dp/B07H2GP6VX?tag=eloabder-20&linkCode=osi&th=1&psc=1"><img src="https://m.media-amazon.com/images/I/41OxX+xF61L._SL500_.jpg" alt="Product Image"></a><p>Skin Glow Serum for Face Care - Gua Sha Oil for Glowing Skin with Turmeric Oil for Face Dark Spots Fine Lines & Wrinkles - Hydrating Face Oil for Women's Vegan Organic Skin Care (30mL)</p><p>$29.70 ($29.70 / Fl Oz)</p><a href="https://www.amazon.com/dp/B07H2GP6VX?tag=eloabder-20&linkCode=osi&th=1&psc=1">View Product</a></div><div class="product"><a href="https://www.amazon.com/dp/B098553XRB?tag=eloabder-20&linkCode=osi&th=1&psc=1"><img src="https://m.media-amazon.com/images/I/31jJT07RSqL._SL500_.jpg" alt="Product Image"></a><p>Derma E Vitamin C Glow Face Oil, Facial Oil Nourishes, Brightens and Illuminates for a Radiant Glow, Moisturizing Face Oil with Turmeric, Seabuckthorn and Red Raspberry, 1 Fl Oz</p><p>$13.05</p><a href="https://www.amazon.com/dp/B098553XRB?tag=eloabder-20&linkCode=osi&th=1&psc=1">View Product</a></div>
<div class="product"><a href="https://www.amazon.com/dp/B005IHT94S?tag=eloabder-20&linkCode=osi&th=1&psc=1"><img src="https://m.media-amazon.com/images/I/31YAXVCRMAL._SL500_.jpg" alt="Product Image"></a><p>Neutrogena Ultra Sheer Dry-Touch Water Resistant and Non-Greasy Sunscreen Lotion with Broad Spectrum SPF 70, 3 Fl Oz (Pack of 1)</p><p>$9.88 ($3.29 / Fl Oz)</p><a href="https://www.amazon.com/dp/B005IHT94S?tag=eloabder-20&linkCode=osi&th=1&psc=1">View Product</a></div><div class="product"><a href="https://www.amazon.com/dp/B078BC1NJ6?tag=eloabder-20&linkCode=osi&th=1&psc=1"><img src="https://m.media-amazon.com/images/I/51V4LMN2zEL._SL500_.jpg" alt="Product Image"></a><p>Coppertone Sport Sunscreen Spray SPF 50, Water Resistant Spray Sunscreen, Broad Spectrum SPF 50 Sunscreen, Bulk Sunscreen Pack, 5.5 Oz Bottle, Pack of 3</p><p>$20.63 ($1.25 / Ounce)</p><a href="https://www.amazon.com/dp/B078BC1NJ6?tag=eloabder-20&linkCode=osi&th=1&psc=1">View Product</a></div><div class="product"><a href="https://www.amazon.com/dp/B01MQXX9US?tag=eloabder-20&linkCode=osi&th=1&psc=1"><img src="https://m.media-amazon.com/images/I/41Zi7BP15NL._SL500_.jpg" alt="Product Image"></a><p>Banana Boat Sport Ultra SPF 50 Sunscreen Spray Twin Pack | Banana Boat Sunscreen Spray SPF 50, Spray On Sunscreen, Water Resistant Sunscreen, Oxybenzone Free Sunscreen Pack, 6oz each</p><p>$13.97 ($1.16 / Ounce)</p><a href="https://www.amazon.com/dp/B01MQXX9US?tag=eloabder-20&linkCode=osi&th=1&psc=1">View Product</a></div><div class="product"><a href="https://www.amazon.com/dp/B002MSN3QQ?tag=eloabder-20&linkCode=osi&th=1&psc=1"><img src="https://m.media-amazon.com/images/I/3100avaA74L._SL500_.jpg" alt="Product Image"></a><p>EltaMD UV Clear Face Sunscreen, Oil Free Sunscreen with Zinc Oxide, Dermatologist Recommended Sunscreen, 1.7 oz Pump</p><p>$43.00 ($25.29 / Ounce)</p><a href="https://www.amazon.com/dp/B002MSN3QQ?tag=eloabder-20&linkCode=osi&th=1&psc=1">View Product</a></div><div class="product"><a href="https://www.amazon.com/dp/B00AEN4QZ8?tag=eloabder-20&linkCode=osi&th=1&psc=1"><img src="https://m.media-amazon.com/images/I/31QMrCJPoeL._SL500_.jpg" alt="Product Image"></a><p>Neutrogena Beach Defense Water-Resistant Face & Body SPF 70 Sunscreen Lotion with Broad Spectrum UVA/UVB Protection, Oil-Free Fast-Absorbing Sunscreen Lotion, Oxybenzone-Free, 6.7 oz</p><p>$9.60 ($1.43 / Fl Oz)</p><a href="https://www.amazon.com/dp/B00AEN4QZ8?tag=eloabder-20&linkCode=osi&th=1&psc=1">View Product</a></div><div class="product"><a href="https://www.amazon.com/dp/B076GZX3KL?tag=eloabder-20&linkCode=osi&th=1&psc=1"><img src="https://m.media-amazon.com/images/I/41BQoEZMuTL._SL500_.jpg" alt="Product Image"></a><p>Neutrogena Sunscreen Spray, Ultra Sheer ® Body Mist, Broad Spectrum SPF 70, Non-Greasy Water Resistant Body Sunscreen Mist, Non-Comedogenic, 5 oz (Pack of 3)</p><p>$22.60 ($1.51 / Ounce)</p><a href="https://www.amazon.com/dp/B076GZX3KL?tag=eloabder-20&linkCode=osi&th=1&psc=1">View Product</a></div><div class="product"><a href="https://www.amazon.com/dp/B004D2DR0Q?tag=eloabder-20&linkCode=osi&th=1&psc=1"><img src="https://m.media-amazon.com/images/I/41QwzCWNnFL._SL500_.jpg" alt="Product Image"></a><p>Neutrogena Ultra Sheer Dry-Touch Water Resistant and Non-Greasy Sunscreen Lotion with Broad Spectrum SPF 45, TSA-Compliant travel Size, 3 Fl Oz, Pack of 2, 6 Fl Oz</p><p>$13.99 ($2.33 / Fl Oz)</p><a href="https://www.amazon.com/dp/B004D2DR0Q?tag=eloabder-20&linkCode=osi&th=1&psc=1">View Product</a></div><div class="product"><a href="https://www.amazon.com/dp/B07YGVSGMW?tag=eloabder-20&linkCode=osi&th=1&psc=1"><img src="https://m.media-amazon.com/images/I/416T611PGUL._SL500_.jpg" alt="Product Image"></a><p>La Roche-Posay Anthelios Melt-In Milk Sunscreen SPF 100 | Sunscreen For Body & Face | Broad Spectrum SPF + Antioxidants | Oil Free Sunscreen Lotion | For Sun Sensitive Skin | Oxybenzone Free</p><p>$26.99 ($9.00 / Fl Oz)</p><a href="https://www.amazon.com/dp/B07YGVSGMW?tag=eloabder-20&linkCode=osi&th=1&psc=1">View Product</a></div><div class="product"><a href="https://www.amazon.com/dp/B002CML1VG?tag=eloabder-20&linkCode=osi&th=1&psc=1"><img src="https://m.media-amazon.com/images/I/41ufC4L5QQL._SL500_.jpg" alt="Product Image"></a><p>La Roche-Posay Anthelios Melt-In Milk Sunscreen SPF 60 | Sunscreen For Body & Face | Broad Spectrum SPF + Antioxidants | Oil Free Sunscreen Lotion | Lightweight & Fast Absorbing | Oxybenzone Free</p><p>$37.99 ($7.60 / Fl Oz)</p><a href="https://www.amazon.com/dp/B002CML1VG?tag=eloabder-20&linkCode=osi&th=1&psc=1">View Product</a></div>
<div class="product"><a href="https://www.amazon.com/dp/B004CDV7EY?tag=eloabder-20&linkCode=osi&th=1&psc=1"><img src="https://m.media-amazon.com/images/I/41tTwTi8GdL._SL500_.jpg" alt="Product Image"></a><p>Banana Boat Sport Ultra SPF 50 Sunscreen Lotion, 12oz | Banana Boat Sunscreen SPF 50 Lotion, Oxybenzone Free Sunscreen, Sunblock Lotion Sunscreen, Family Size Sunscreen, 12oz</p><p>$10.97 ($0.91 / Fl Oz)</p><a href="https://www.amazon.com/dp/B004CDV7EY?tag=eloabder-20&linkCode=osi&th=1&psc=1">View Product</a></div><div class="product"><a href="https://www.amazon.com/dp/B001P92FMG?tag=eloabder-20&linkCode=osi&th=1&psc=1"><img src="https://m.media-amazon.com/images/I/41G20SiwQqL._SL500_.jpg" alt="Product Image"></a><p>Neutrogena Sport Face Sunscreen, Broad Spectrum Sunblock SPF 70+, Water Resistant Sunscreen For Face, Sweat Resistant Oil Free Sunscreen Lotion, 2.5 FL OZ</p><p>$10.30 ($4.12 / Fl Oz)</p><a href="https://www.amazon.com/dp/B001P92FMG?tag=eloabder-20&linkCode=osi&th=1&psc=1">View Product</a></div><div class="product"><a href="https://www.amazon.com/dp/B01MY051NZ?tag=eloabder-20&linkCode=osi&th=1&psc=1"><img src="https://m.media-amazon.com/images/I/316sFsnyZ6L._SL500_.jpg" alt="Product Image"></a><p>Hawaiian Tropic Everyday Active Lotion Sunscreen SPF 50, 8oz | Hawaiian Tropic Sunscreen SPF 50, Sunblock, Broad Spectrum Sunscreen, Oxybenzone Free Sunscreen, Water Resistant Sunscreen, 8oz</p><p>$10.97 ($1.37 / Fl Oz)</p><a href="https://www.amazon.com/dp/B01MY051NZ?tag=eloabder-20&linkCode=osi&th=1&psc=1">View Product</a></div><div class="product"><a href="https://www.amazon.com/dp/B074WBHHYY?tag=eloabder-20&linkCode=osi&th=1&psc=1"><img src="https://m.media-amazon.com/images/I/41uIcq6eNrL._SL500_.jpg" alt="Product Image"></a><p>Coppertone Sport Sunscreen Spray SPF 50, Water Resistant Spray Sunscreen, Broad Spectrum SPF 50 Sunscreen, Bulk Sunscreen Pack, 5.5 Oz Bottle, Pack of 2</p><p>$14.49 ($1.32 / Ounce)</p><a href="https://www.amazon.com/dp/B074WBHHYY?tag=eloabder-20&linkCode=osi&th=1&psc=1">View Product</a></div><div class="product"><a href="https://www.amazon.com/dp/B077D7L95C?tag=eloabder-20&linkCode=osi&th=1&psc=1"><img src="https://m.media-amazon.com/images/I/4124cUh+pGL._SL500_.jpg" alt="Product Image"></a><p>Banana Boat Kids Sport Sunscreen Spray SPF 50, Twin Pack | Kids Sunscreen Spray, Kids Sunblock Spray, Oxybenzone Free Sunscreen for Kids, Spray Sunscreen SPF 50, 6oz each</p><p>$13.97 ($1.16 / Ounce)</p><a href="https://www.amazon.com/dp/B077D7L95C?tag=eloabder-20&linkCode=osi&th=1&psc=1">View Product</a></div>
<div class="product"><a href="https://www.amazon.com/dp/B08Q2R18HH?tag=eloabder-20&linkCode=osi&th=1&psc=1"><img src="https://m.media-amazon.com/images/I/51uR35zoH+L._SL500_.jpg" alt="Product Image"></a><p>Hawaiian Tropic Lime Coolada After Sun Lotion, 16oz | After Sun Care, Daily Moisturizing Lotion, After Sun Aloe, Cocoa Butter Lotion, Shea Butter Lotion, After Sun Skin Care, 16oz each Twin Pack</p><p>$14.99 ($0.47 / Fl Oz)</p><a href="https://www.amazon.com/dp/B08Q2R18HH?tag=eloabder-20&linkCode=osi&th=1&psc=1">View Product</a></div><div class="product"><a href="https://www.amazon.com/dp/B08Q2QK7F1?tag=eloabder-20&linkCode=osi&th=1&psc=1"><img src="https://m.media-amazon.com/images/I/41I370DTitL._SL500_.jpg" alt="Product Image"></a><p>Hawaiian Tropic Silk Hydration After Sun Lotion 6 Fl Oz (Pack of 2)</p><p>$19.98 ($1.66 / Fl Oz)</p><a href="https://www.amazon.com/dp/B08Q2QK7F1?tag=eloabder-20&linkCode=osi&th=1&psc=1">View Product</a></div><div class="product"><a href="https://www.amazon.com/dp/B004YAUZKM?tag=eloabder-20&linkCode=osi&th=1&psc=1"><img src="https://m.media-amazon.com/images/I/31QrLmSRyrL._SL500_.jpg" alt="Product Image"></a><p>Sun Bum Cool Down Aloe Vera Lotion - Vegan After Sun Care with Cocoa Butter to Soothe and Hydrate Sunburn- 8 oz</p><p>$12.99 ($1.62 / Fl Oz)</p><a href="https://www.amazon.com/dp/B004YAUZKM?tag=eloabder-20&linkCode=osi&th=1&psc=1">View Product</a></div><div class="product"><a href="https://www.amazon.com/dp/B07BH4DD2M?tag=eloabder-20&linkCode=osi&th=1&psc=1"><img src="https://m.media-amazon.com/images/I/41+JG2VHifL._SL500_.jpg" alt="Product Image"></a><p>Hawaiian Tropic After Sun Body Butter with Coconut Oil, 8oz | After Sun Lotion, Moisturizing Body Lotion, After Sun Moisturizer, Coconut Body Butter, After Sun Care, After Sun Skin Care, 8oz</p><p>$12.49 ($1.56 / Fl Oz)</p><a href="https://www.amazon.com/dp/B07BH4DD2M?tag=eloabder-20&linkCode=osi&th=1&psc=1">View Product</a></div><div class="product"><a href="https://www.amazon.com/dp/B091YZ5L12?tag=eloabder-20&linkCode=osi&th=1&psc=1"><img src="https://m.media-amazon.com/images/I/31otykDIBaL._SL500_.jpg" alt="Product Image"></a><p>B.TAN After Sun Lotion | Ooooh Aftersun Delight - Aloe Vera & Hyaluronic Acid, Sun Burn Skin Relief, Moisturizing Body Cream, 16 Fl oz</p><p>$12.99 ($0.81 / Fl Oz)</p><a href="https://www.amazon.com/dp/B091YZ5L12?tag=eloabder-20&linkCode=osi&th=1&psc=1">View Product</a></div><div class="product"><a href="https://www.amazon.com/dp/B0013L55U0?tag=eloabder-20&linkCode=osi&th=1&psc=1"><img src="https://m.media-amazon.com/images/I/41BErPueiSL._SL500_.jpg" alt="Product Image"></a><p>Burt's Bees After Sun Lotion with Hydrating Aloe Vera & Coconut Oil - Summer Essentials, Sunburn Relief, Natural After Sun Soother, 6 oz</p><p>$12.96 ($2.16 / Fl Oz)</p><a href="https://www.amazon.com/dp/B0013L55U0?tag=eloabder-20&linkCode=osi&th=1&psc=1">View Product</a></div><div class="product"><a href="https://www.amazon.com/dp/B01N6SVTBN?tag=eloabder-20&linkCode=osi&th=1&psc=1"><img src="https://m.media-amazon.com/images/I/51sE2A31qgL._SL500_.jpg" alt="Product Image"></a><p>Sunburnt Advanced After-Sun Lotion, 6 Ounce</p><p>$9.79 ($1.63 / Ounce)</p><a href="https://www.amazon.com/dp/B01N6SVTBN?tag=eloabder-20&linkCode=osi&th=1&psc=1">View Product</a></div><div class="product"><a href="https://www.amazon.com/dp/B098CTZYJX?tag=eloabder-20&linkCode=osi&th=1&psc=1"><img src="https://m.media-amazon.com/images/I/31hNQRVEp2L._SL500_.jpg" alt="Product Image"></a><p>Coola Organic Radical Recovery After Sun Body Lotion, Includes Aloe Vera, Agave and Lavender Oil for Sunburn Relief, 5 Fl Oz</p><p>$32.00 ($6.40 / Fl Oz)</p><a href="https://www.amazon.com/dp/B098CTZYJX?tag=eloabder-20&linkCode=osi&th=1&psc=1">View Product</a></div>
<div class="product"><a href="https://www.amazon.com/dp/B0CTBF3WLS?tag=eloabder-20&linkCode=osi&th=1&psc=1"><img src="https://m.media-amazon.com/images/I/41nFaIDnL9L._SL500_.jpg" alt="Product Image"></a><p>b.tan UV Tanning Bed Lotion | I Want The Darkest Tan Possible - x4000 Tan Intensifiers, Indoor & Outdoor Tan Accelerator, Best Browning Lotion, 12 Fl Oz</p><p>$14.99 ($1.25 / Fl Oz)</p><a href="https://www.amazon.com/dp/B0CTBF3WLS?tag=eloabder-20&linkCode=osi&th=1&psc=1">View Product</a></div><div class="product"><a href="https://www.amazon.com/dp/B001UTK76C?tag=eloabder-20&linkCode=osi&th=1&psc=1"><img src="https://m.media-amazon.com/images/I/31JM3ZgxMjL._SL500_.jpg" alt="Product Image"></a><p>Jergens Natural Glow +FIRMING Self Tanner, Sunless Tanning Lotion for Fair to Medium Skin Tone, Anti Cellulite Firming Body Lotion for Natural-Looking Tan, 7.5 Ounce</p><p>$10.47 ($1.40 / Fl Oz)</p><a href="https://www.amazon.com/dp/B001UTK76C?tag=eloabder-20&linkCode=osi&th=1&psc=1">View Product</a></div><div class="product"><a href="https://www.amazon.com/dp/B07XGS1NW9?tag=eloabder-20&linkCode=osi&th=1&psc=1"><img src="https://m.media-amazon.com/images/I/411h-bfoKfL._SL500_.jpg" alt="Product Image"></a><p>European Gold Flash Black 4000X Indoor Tanning Lotion with Time-Release DHA Bronzers, 12 oz</p><p>$13.99 ($1.17 / Fl Oz)</p><a href="https://www.amazon.com/dp/B07XGS1NW9?tag=eloabder-20&linkCode=osi&th=1&psc=1">View Product</a></div><div class="product"><a href="https://www.amazon.com/dp/B0058E3XJI?tag=eloabder-20&linkCode=osi&th=1&psc=1"><img src="https://m.media-amazon.com/images/I/41KNj0nprcL._SL500_.jpg" alt="Product Image"></a><p>Millennium Tanning Solid Black 100X Indoor Tanning Lotion for Tanning Beds (13.5 Fluid Ounces)</p><p>$29.99 ($2.22 / Fl Oz)</p><a href="https://www.amazon.com/dp/B0058E3XJI?tag=eloabder-20&linkCode=osi&th=1&psc=1">View Product</a></div><div class="product"><a href="https://www.amazon.com/dp/B003GX5SSC?tag=eloabder-20&linkCode=osi&th=1&psc=1"><img src="https://m.media-amazon.com/images/I/314WWYZVTGL._SL500_.jpg" alt="Product Image"></a><p>Australian Gold Dark Tanning Accelerator Lotion With Bronzer, 8 Ounce, New Package Same Formula, B003GX5SSC</p><p>$8.99 ($1.12 / Fl Oz)</p><a href="https://www.amazon.com/dp/B003GX5SSC?tag=eloabder-20&linkCode=osi&th=1&psc=1">View Product</a></div><div class="product"><a href="https://www.amazon.com/dp/B009YKK78C?tag=eloabder-20&linkCode=osi&th=1&psc=1"><img src="https://m.media-amazon.com/images/I/51VhZauUFYS._SL500_.jpg" alt="Product Image"></a><p>Ed Hardy Coconut Kisses Golden Tanning Lotion Cruelty Free, Gluten Free, Mineral Oil Free, DHA Free for All skin type,13.5 oz</p><p>$25.95 ($1.92 / Fl Oz)</p><a href="https://www.amazon.com/dp/B009YKK78C?tag=eloabder-20&linkCode=osi&th=1&psc=1">View Product</a></div><div class="product"><a href="https://www.amazon.com/dp/B09J1LZCWH?tag=eloabder-20&linkCode=osi&th=1&psc=1"><img src="https://m.media-amazon.com/images/I/41RzUs3u55L._SL500_.jpg" alt="Product Image"></a><p>Tanning Lotion Self Tanner - With Natural and Organic Ingredients Non Toxic Sunless Browning Lotion - Best Gradual Tan Lotion for Men and Women, Fair to Medium</p><p>$35.99 ($4.80 / Fl Oz)</p><a href="https://www.amazon.com/dp/B09J1LZCWH?tag=eloabder-20&linkCode=osi&th=1&psc=1">View Product</a></div><div class="product"><a href="https://www.amazon.com/dp/B00T7MZQ3S?tag=eloabder-20&linkCode=osi&th=1&psc=1"><img src="https://m.media-amazon.com/images/I/41yGeo8I0IL._SL500_.jpg" alt="Product Image"></a><p>Australian Gold Rapid Tanning Intensifier Lotion, 8.5 Fl Oz | With Tea Tree Oil and Aloe Vera | Vitamin E</p><p>$7.37 ($0.87 / Fl Oz)</p><a href="https://www.amazon.com/dp/B00T7MZQ3S?tag=eloabder-20&linkCode=osi&th=1&psc=1">View Product</a></div><div class="product"><a href="https://www.amazon.com/dp/B08MVJ5Y8Y?tag=eloabder-20&linkCode=osi&th=1&psc=1"><img src="https://m.media-amazon.com/images/I/51Mugq3kI+L._SL500_.jpg" alt="Product Image"></a><p>Tanning Paradise Black Coconut Love Tanning Lotion | Coconut Oil | Age-Defying | Tattoo Protecting Formula | Ultra Hydrating Dark Tanning Lotion, 13.5oz</p><p>$27.99 ($2.07 / Fl Oz)</p><a href="https://www.amazon.com/dp/B08MVJ5Y8Y?tag=eloabder-20&linkCode=osi&th=1&psc=1">View Product</a></div>
<div class="product"><a href="https://www.amazon.com/dp/B08FZZ4HPM?tag=eloabder-20&linkCode=osi&th=1&psc=1"><img src="https://m.media-amazon.com/images/I/31mReI9Wc6L._SL500_.jpg" alt="Product Image"></a><p>b.tan Ultra Dark Self Tanner | Too Tan - Fast, 1 Hour Express Sunless Tanning Mousse, No Gimmicks, No Fake Tan Smell, No Added Nasties, Vegan, Cruelty & Paraben Free, 6.7 Fl Oz</p><p>$9.97 ($1.49 / Fl Oz)</p><a href="https://www.amazon.com/dp/B08FZZ4HPM?tag=eloabder-20&linkCode=osi&th=1&psc=1">View Product</a></div><div class="product"><a href="https://www.amazon.com/dp/B0888B6TBN?tag=eloabder-20&linkCode=osi&th=1&psc=1"><img src="https://m.media-amazon.com/images/I/41K4-e3Kj9L._SL500_.jpg" alt="Product Image"></a><p>b.tan Darker Self Tanner Kit | Fall In Love at First Tan Bundle - Darker Self Tan Mousse with Self Tanning Mitt Applicator, Violet Base, 1 Hour Sunless Fast Tanner, No Fake Tan Smell, No Added Nasties, Vegan, Cruelty Free, 6.7 Fl Oz</p><p>$14.99 ($2.24 / Fl Oz)</p><a href="https://www.amazon.com/dp/B0888B6TBN?tag=eloabder-20&linkCode=osi&th=1&psc=1">View Product</a></div><div class="product"><a href="https://www.amazon.com/dp/B013WVAHJ2?tag=eloabder-20&linkCode=osi&th=1&psc=1"><img src="https://m.media-amazon.com/images/I/21yYdk2vOnL._SL500_.jpg" alt="Product Image"></a><p>Bondi Sands Self Tanning Foam | Lightweight, Self-Tanner Foam Enriched with Aloe Vera and Coconut Provides an Even, Streak-Free Tan | 6.76 oz/200 mL</p><p>$24.00 ($3.55 / Fl Oz )</p><a href="https://www.amazon.com/dp/B013WVAHJ2?tag=eloabder-20&linkCode=osi&th=1&psc=1">View Product</a></div><div class="product"><a href="https://www.amazon.com/dp/B09551QSJ3?tag=eloabder-20&linkCode=osi&th=1&psc=1"><img src="https://m.media-amazon.com/images/I/41tFLINqKrL._SL500_.jpg" alt="Product Image"></a><p>Self Tanner Mousse - USA Made with Natural & Organic Ingredients, Self Tanning Mousse for Dark Fake Tan, Sunless Tanner, Clear & Non Toxic Tanning Foam for Streak Free Finish, No Nasty Smell</p><p>$34.99 ($4.67 / Fl Oz)</p><a href="https://www.amazon.com/dp/B09551QSJ3?tag=eloabder-20&linkCode=osi&th=1&psc=1">View Product</a></div><div class="product"><a href="https://www.amazon.com/dp/B07Z53DKH3?tag=eloabder-20&linkCode=osi&th=1&psc=1"><img src="https://m.media-amazon.com/images/I/31WXxRTQ9rL._SL500_.jpg" alt="Product Image"></a><p>Coco & Eve Sunny Honey Bali Bronzing Foam (Ultra Dark). Natural Sunless Self Tanner Mousse. Anti Cellulite, Anti Aging, Organic Sunless Self Tanning Lotion</p><p>$38.00 ($5.59 / Fl Oz)</p><a href="https://www.amazon.com/dp/B07Z53DKH3?tag=eloabder-20&linkCode=osi&th=1&psc=1">View Product</a></div><div class="product"><a href="https://www.amazon.com/dp/B00GLS5DHU?tag=eloabder-20&linkCode=osi&th=1&psc=1"><img src="https://m.media-amazon.com/images/I/31EOp3BgHcL._SL500_.jpg" alt="Product Image"></a><p>Jergens Natural Glow 3-Day Self Tanner for Fair to Medium Skin Tone, Sunless Tanning Daily Moisturizer, for Streak-free and Natural-Looking Color, 10 Ounce</p><p>$14.49 ($1.45 / Fl Oz)</p><a href="https://www.amazon.com/dp/B00GLS5DHU?tag=eloabder-20&linkCode=osi&th=1&psc=1">View Product</a></div><div class="product"><a href="https://www.amazon.com/dp/B08G1LQGLN?tag=eloabder-20&linkCode=osi&th=1&psc=1"><img src="https://m.media-amazon.com/images/I/411EXWnc3cS._SL500_.jpg" alt="Product Image"></a><p>Coco & Eve Self Tanner Mousse Kit - All Natural Sunless Tanning (Dark) | Instant Lotion with Bronzer Mitt Applicator Sunny Honey Bali Bronzing</p><p>$41.00 ($6.12 / Fl Oz)</p><a href="https://www.amazon.com/dp/B08G1LQGLN?tag=eloabder-20&linkCode=osi&th=1&psc=1">View Product</a></div><div class="product"><a href="https://www.amazon.com/dp/B00KSS3MJ0?tag=eloabder-20&linkCode=osi&th=1&psc=1"><img src="https://m.media-amazon.com/images/I/31pZi3ANSfL._SL500_.jpg" alt="Product Image"></a><p>St.Tropez Self Tan Express Mousse, Fast Acting Fake Tan, Develops in 1-3 Hours, Streak-Free Finish, Vegan, Natural & Cruelty Free, 6.7 Fl Oz</p><p>$46.00 ($6.87 / Fl Oz)</p><a href="https://www.amazon.com/dp/B00KSS3MJ0?tag=eloabder-20&linkCode=osi&th=1&psc=1">View Product</a></div>
<div class="product"><a href="https://www.amazon.com/dp/B08KT2Z93D?tag=eloabder-20&linkCode=osi&th=1&psc=1"><img src="https://m.media-amazon.com/images/I/31IObY4C0xL._SL500_.jpg" alt="Product Image"></a><p>eos Shea Better Body Lotion- Vanilla Cashmere, 24-Hour Moisture Skin Care, Lightweight & Non-Greasy, Made with Natural Shea, Vegan, 16 fl oz</p><p>$8.98 ($0.56 / Fl Oz)</p><a href="https://www.amazon.com/dp/B08KT2Z93D?tag=eloabder-20&linkCode=osi&th=1&psc=1">View Product</a></div><div class="product"><a href="https://www.amazon.com/dp/B076G2XGY3?tag=eloabder-20&linkCode=osi&th=1&psc=1"><img src="https://m.media-amazon.com/images/I/41jIXvha20L._SL500_.jpg" alt="Product Image"></a><p>NIVEA Essentially Enriched Body Lotion for Dry Skin, Pack of 2, 16.9 Fl Oz Pump Bottles</p><p>$10.98 ($0.32 / Fl Oz)</p><a href="https://www.amazon.com/dp/B076G2XGY3?tag=eloabder-20&linkCode=osi&th=1&psc=1">View Product</a></div><div class="product"><a href="https://www.amazon.com/dp/B00DG8EZKO?tag=eloabder-20&linkCode=osi&th=1&psc=1"><img src="https://m.media-amazon.com/images/I/31DT3ghuyXL._SL500_.jpg" alt="Product Image"></a><p>NIVEA Intense Healing Body Lotion for Dry Skin, 72-Hour Moisturizing Lotion with Deep Nourishing Serum and Provitamin B5, 16.9 Fl Oz Pump Bottle</p><p>$6.24 ($0.37 / Fl Oz)</p><a href="https://www.amazon.com/dp/B00DG8EZKO?tag=eloabder-20&linkCode=osi&th=1&psc=1">View Product</a></div><div class="product"><a href="https://www.amazon.com/dp/B07RK4HST7?tag=eloabder-20&linkCode=osi&th=1&psc=1"><img src="https://m.media-amazon.com/images/I/412DGoW35mL._SL500_.jpg" alt="Product Image"></a><p>CeraVe Daily Moisturizing Lotion for Dry Skin | Body Lotion & Face Moisturizer with Hyaluronic Acid and Ceramides | Daily Moisturizer | Fragrance Free | Oil-Free | 19 Ounce</p><p>$18.50 ($0.97 / Fl Oz)</p><a href="https://www.amazon.com/dp/B07RK4HST7?tag=eloabder-20&linkCode=osi&th=1&psc=1">View Product</a></div><div class="product"><a href="https://www.amazon.com/dp/B0034F9K36?tag=eloabder-20&linkCode=osi&th=1&psc=1"><img src="https://m.media-amazon.com/images/I/319i3EFVPvL._SL500_.jpg" alt="Product Image"></a><p>Jergens Ultra Healing Dry Skin Moisturizer, Body and Hand Lotion for Dry Skin, for Quick Absorption into Extra Dry Skin, with HYDRALUCENCE blend, Vitamins C, E, and B5, 32 Ounce</p><p>$10.47 ($0.33 / Fl Oz)</p><a href="https://www.amazon.com/dp/B0034F9K36?tag=eloabder-20&linkCode=osi&th=1&psc=1">View Product</a></div><div class="product"><a href="https://www.amazon.com/dp/B003JT8PKQ?tag=eloabder-20&linkCode=osi&th=1&psc=1"><img src="https://m.media-amazon.com/images/I/31TFisQDpKL._SL500_.jpg" alt="Product Image"></a><p>Lubriderm Daily Moisture Lotion + Pro-Ceramide with Shea Butter & Glycerin Helps Moisturize Dry Skin, Hydrating Face, Hand & Body Lotion is Lightly Scented & Non-Greasy, 24 fl. oz</p><p>$10.12 ($0.42 / Fl Oz)</p><a href="https://www.amazon.com/dp/B003JT8PKQ?tag=eloabder-20&linkCode=osi&th=1&psc=1">View Product</a></div><div class="product"><a href="https://www.amazon.com/dp/B0D484X4RL?tag=eloabder-20&linkCode=osi&th=1&psc=1"><img src="https://m.media-amazon.com/images/I/31rZLOx+KEL._SL500_.jpg" alt="Product Image"></a><p>Native Body Lotion Contains Naturally Derived Plant-Based Moisturizers for Women and Men | Restores Dry Skin, Coconut & Vanilla, 16.5 fl oz</p><p>$13.97 ($0.85 / Fl Oz)</p><a href="https://www.amazon.com/dp/B0D484X4RL?tag=eloabder-20&linkCode=osi&th=1&psc=1">View Product</a></div><div class="product"><a href="https://www.amazon.com/dp/B073CXZ8KR?tag=eloabder-20&linkCode=osi&th=1&psc=1"><img src="https://m.media-amazon.com/images/I/31r1ImnqoOL._SL500_.jpg" alt="Product Image"></a><p>Nivea Oil Infused Cherry Blossom and Jojoba Oil Body Lotion, Non-Greasy Cherry Blossom Scented Lotion Moisturizes for 24+ Hours, 16.9 Fl Oz Pump Bottle</p><p>$6.29 ($0.37 / Fl Oz)</p><a href="https://www.amazon.com/dp/B073CXZ8KR?tag=eloabder-20&linkCode=osi&th=1&psc=1">View Product</a></div><div class="product"><a href="https://www.amazon.com/dp/B00W4TWD7I?tag=eloabder-20&linkCode=osi&th=1&psc=1"><img src="https://m.media-amazon.com/images/I/31hhrMRSQBL._SL500_.jpg" alt="Product Image"></a><p>Jergens Skin Firming Body Lotion for Dry to Extra Dry Skin, Skin Tightening Cream with Collagen and Elastin, Hydralucence Blend Formula, 16.8 oz</p><p>$7.47 ($0.44 / Fl Oz)</p><a href="https://www.amazon.com/dp/B00W4TWD7I?tag=eloabder-20&linkCode=osi&th=1&psc=1">View Product</a></div>
<div class="product"><a href="https://www.amazon.com/dp/B07C23RCR8?tag=eloabder-20&linkCode=osi&th=1&psc=1"><img src="https://m.media-amazon.com/images/I/41RZuPGWrcL._SL500_.jpg" alt="Product Image"></a><p>Petal Fresh Restoring Body Butter with Honey, Coconut Oil and Shea - Intense Hydration, Cruelty Free</p><p>$7.67 ($7.67 / Count)</p><a href="https://www.amazon.com/dp/B07C23RCR8?tag=eloabder-20&linkCode=osi&th=1&psc=1">View Product</a></div><div class="product"><a href="https://www.amazon.com/dp/B0BKCN9WRX?tag=eloabder-20&linkCode=osi&th=1&psc=1"><img src="https://m.media-amazon.com/images/I/41Jk3XD9gtL._SL500_.jpg" alt="Product Image"></a><p>Tree Hut Moroccan Rose Whipped Shea Body Butter, 8.4oz, Lightweight, Long-lasting, Hydrating Moisturizer with Natural Shea Butter for Nourishing Essential Body Care</p><p>$8.49 ($1.01 / Ounce)</p><a href="https://www.amazon.com/dp/B0BKCN9WRX?tag=eloabder-20&linkCode=osi&th=1&psc=1">View Product</a></div><div class="product"><a href="https://www.amazon.com/dp/B01H6OYPU8?tag=eloabder-20&linkCode=osi&th=1&psc=1"><img src="https://m.media-amazon.com/images/I/41Vkhay5SBL._SL500_.jpg" alt="Product Image"></a><p>NIVEA Cocoa Butter Body Cream with Deep Nourishing Serum, 15.5 Ounce</p><p>$7.05 ($0.45 / Ounce)</p><a href="https://www.amazon.com/dp/B01H6OYPU8?tag=eloabder-20&linkCode=osi&th=1&psc=1">View Product</a></div><div class="product"><a href="https://www.amazon.com/dp/B089N6B4ST?tag=eloabder-20&linkCode=osi&th=1&psc=1"><img src="https://m.media-amazon.com/images/I/41ropAOpQNL._SL500_.jpg" alt="Product Image"></a><p>Vaseline Illuminate Me Shea Butter Whipped Body Butter for Melanin Rich Skin Provides 24 Hour Moisturization for Dry Skin 11 oz</p><p>$12.80 ($1.16 / Fl Oz)</p><a href="https://www.amazon.com/dp/B089N6B4ST?tag=eloabder-20&linkCode=osi&th=1&psc=1">View Product</a></div><div class="product"><a href="https://www.amazon.com/dp/B09QMT3CVT?tag=eloabder-20&linkCode=osi&th=1&psc=1"><img src="https://m.media-amazon.com/images/I/41eMy8c3dcL._SL500_.jpg" alt="Product Image"></a><p>MAJESTIC PURE Whipped Argan Oil Body Butter for Women & Men - With Ceramides, Vitamin E & A & Vegan Collagen - For Skin, Face, & Appearance of Wrinkles & Fine Lines - 8oz</p><p>$9.99 ($1.25 / Ounce)</p><a href="https://www.amazon.com/dp/B09QMT3CVT?tag=eloabder-20&linkCode=osi&th=1&psc=1">View Product</a></div><div class="product"><a href="https://www.amazon.com/dp/B00GBH8TBS?tag=eloabder-20&linkCode=osi&th=1&psc=1"><img src="https://m.media-amazon.com/images/I/31L5XHEF9qL._SL500_.jpg" alt="Product Image"></a><p>Bliss Lemon and Sage Body Butter - Maximum Moisture Cream - 6.7 Fl Oz Lotion for Dry Skin - Long-Lasting Moisturizer for Women & Men - Vegan and Cruelty-Free</p><p>$11.99 ($1.79 / Fl Oz)</p><a href="https://www.amazon.com/dp/B00GBH8TBS?tag=eloabder-20&linkCode=osi&th=1&psc=1">View Product</a></div><div class="product"><a href="https://www.amazon.com/dp/B0013UQQAE?tag=eloabder-20&linkCode=osi&th=1&psc=1"><img src="https://m.media-amazon.com/images/I/411EPzhuAHL._SL500_.jpg" alt="Product Image"></a><p>Palmer’s Shea Butter Formula Raw African Shea Butter Balm, Nourishing Body Moisturizer for Rough, Dry Skin, 7.25 Ounces</p><p>$7.68 ($1.06 / Ounce)</p><a href="https://www.amazon.com/dp/B0013UQQAE?tag=eloabder-20&linkCode=osi&th=1&psc=1">View Product</a></div><div class="product"><a href="https://www.amazon.com/dp/B09SRGSNZR?tag=eloabder-20&linkCode=osi&th=1&psc=1"><img src="https://m.media-amazon.com/images/I/31knGR24zJL._SL500_.jpg" alt="Product Image"></a><p>Kopari Ultra Restore Body Butter with Hyaluronic Acid and Vitamin B5 - Vegan Moisturizing Lotion for Dry Skin, 7.7 oz</p><p>$36.00 ($4.68 / Fl Oz)</p><a href="https://www.amazon.com/dp/B09SRGSNZR?tag=eloabder-20&linkCode=osi&th=1&psc=1">View Product</a></div><div class="product"><a href="https://www.amazon.com/dp/B0C4Q95W1T?tag=eloabder-20&linkCode=osi&th=1&psc=1"><img src="https://m.media-amazon.com/images/I/417J+mMnNXL._SL500_.jpg" alt="Product Image"></a><p>Vaseline Illuminate Me Body Butter & Body Oil - Shimmering Body Bronzer, Hydrating Whipped Organic Shea Butter with 24-Hour Moisture for Melanin-Rich Skin, Radiant Body Glow Oil (2 Piece Set)</p><p>$22.99 ($1.61 / Fl Oz)</p><a href="https://www.amazon.com/dp/B0C4Q95W1T?tag=eloabder-20&linkCode=osi&th=1&psc=1">View Product</a></div>
<div class="product"><a href="https://www.amazon.com/dp/B004L17FKC?tag=eloabder-20&linkCode=osi&th=1&psc=1"><img src="https://m.media-amazon.com/images/I/31nbXT8PueL._SL500_.jpg" alt="Product Image"></a><p>OSEA Undaria Algae Body Oil 5 oz - After Shower Body Oil - Non-Greasy Body Serum & Fast Absorbing Skincare - Clean Beauty & Vegan Seaweed Body Moisturizer for Dry Skin</p><p>$51.95 ($10.39 / Fl Oz)</p><a href="https://www.amazon.com/dp/B004L17FKC?tag=eloabder-20&linkCode=osi&th=1&psc=1">View Product</a></div><div class="product"><a href="https://www.amazon.com/dp/B00008BK7H?tag=eloabder-20&linkCode=osi&th=1&psc=1"><img src="https://m.media-amazon.com/images/I/31NaIvcVrtL._SL500_.jpg" alt="Product Image"></a><p>Neutrogena Body Oil Light Sesame Formula, Dry Skin Moisturizer and Hydrating Body Massage Oil for Radiant and Healthy Looking Glow, Nourishing Bath Oil for Sheer Moisture, 16 FL OZ</p><p>$23.41 ($1.46 / Fl Oz)</p><a href="https://www.amazon.com/dp/B00008BK7H?tag=eloabder-20&linkCode=osi&th=1&psc=1">View Product</a></div><div class="product"><a href="https://www.amazon.com/dp/B08D43LHYP?tag=eloabder-20&linkCode=osi&th=1&psc=1"><img src="https://m.media-amazon.com/images/I/315zlZLfRWL._SL500_.jpg" alt="Product Image"></a><p>Aveeno Daily Moisturizing Dry Body Oil Mist with Oat and Jojoba Oil for Dry, Rough Sensitive Skin, Nourishing & Hypoallergenic Body Spray, Paraben-, Silicone- & Phthalate-Free, 6.7 fl. oz</p><p>$9.58 ($1.43 / Fl Oz)</p><a href="https://www.amazon.com/dp/B08D43LHYP?tag=eloabder-20&linkCode=osi&th=1&psc=1">View Product</a></div><div class="product"><a href="https://www.amazon.com/dp/B00AREGVUM?tag=eloabder-20&linkCode=osi&th=1&psc=1"><img src="https://m.media-amazon.com/images/I/41qfuNZmKRL._SL500_.jpg" alt="Product Image"></a><p>Bio-Oil Skincare Body Oil, Vitamin E Serum for Scars & Stretchmarks, Dermatologist Recommended, All Skin Types, 6.7 oz</p><p>$28.99 ($4.33 / Fl Oz)</p><a href="https://www.amazon.com/dp/B00AREGVUM?tag=eloabder-20&linkCode=osi&th=1&psc=1">View Product</a></div><div class="product"><a href="https://www.amazon.com/dp/B000056W74?tag=eloabder-20&linkCode=osi&th=1&psc=1"><img src="https://m.media-amazon.com/images/I/51iuZeO24dL._SL500_.jpg" alt="Product Image"></a><p>Palmer's Cocoa Butter Moisturizing Body Oil with Vitamin E, Radiant Looking Glow and Skin Hydration, Instant Absorption, Bath, Body and Shower, 8.5 Ounces</p><p>$7.49 ($0.88 / Fl Oz)</p><a href="https://www.amazon.com/dp/B000056W74?tag=eloabder-20&linkCode=osi&th=1&psc=1">View Product</a></div><div class="product"><a href="https://www.amazon.com/dp/B001B0ZZFS?tag=eloabder-20&linkCode=osi&th=1&psc=1"><img src="https://m.media-amazon.com/images/I/31CraOP2i5L._SL500_.jpg" alt="Product Image"></a><p>Neutrogena Fragrance-Free Body Oil Light Sesame Formula, Dry Skin Moisturizer & Hydrating Body Massage Oil, for Radiant & Healthy Glow, Nourishing After Shower & Bath Oil, 8.5 fl. oz</p><p>$8.86 ($1.04 / Fl Oz)</p><a href="https://www.amazon.com/dp/B001B0ZZFS?tag=eloabder-20&linkCode=osi&th=1&psc=1">View Product</a></div><div class="product"><a href="https://www.amazon.com/dp/B0CFSVH4L7?tag=eloabder-20&linkCode=osi&th=1&psc=1"><img src="https://m.media-amazon.com/images/I/31VtRL8qSpL._SL500_.jpg" alt="Product Image"></a><p>Saltair - Santal Bloom Body Oil - Nourishing Body Moisturizer</p><p>$22.00 ($5.50 / Fl Oz)</p><a href="https://www.amazon.com/dp/B0CFSVH4L7?tag=eloabder-20&linkCode=osi&th=1&psc=1">View Product</a></div><div class="product"><a href="https://www.amazon.com/dp/B089NCFBQZ?tag=eloabder-20&linkCode=osi&th=1&psc=1"><img src="https://m.media-amazon.com/images/I/41WGBM4YipL._SL500_.jpg" alt="Product Image"></a><p>Vaseline Illuminate Me Shimmering Body Oil Created for Melanin Rich Skin, Illuminates Skin with Finishing Touch of Shimmer for Glowing Skin 3.3 oz</p><p>$8.75 ($2.65 / Fl Oz)</p><a href="https://www.amazon.com/dp/B089NCFBQZ?tag=eloabder-20&linkCode=osi&th=1&psc=1">View Product</a></div><div class="product"><a href="https://www.amazon.com/dp/B076MGQ5SW?tag=eloabder-20&linkCode=osi&th=1&psc=1"><img src="https://m.media-amazon.com/images/I/31i7GSTXsoL._SL500_.jpg" alt="Product Image"></a><p>SheaMoisture Daily Hydration Body Oil Virgin Coconut Oil For Dry Skin Paraben Free 8 oz</p><p>$8.93 ($1.12 / Fl Oz)</p><a href="https://www.amazon.com/dp/B076MGQ5SW?tag=eloabder-20&linkCode=osi&th=1&psc=1">View Product</a></div>
<div class="product"><a href="https://www.amazon.com/dp/B07GJR4KXM?tag=eloabder-20&linkCode=osi&th=1&psc=1"><img src="https://m.media-amazon.com/images/I/41Zl1DjrGpL._SL500_.jpg" alt="Product Image"></a><p>Brooklyn Botany Brown Sugar Body Scrub - Moisturizing and Exfoliating Body, Face, Hand, Foot Scrub - Fights Acne, Fine Lines & Wrinkles, Great Gifts For Women & Men - 10 oz</p><p>$9.99 ($1.00 / Ounce)</p><a href="https://www.amazon.com/dp/B07GJR4KXM?tag=eloabder-20&linkCode=osi&th=1&psc=1">View Product</a></div><div class="product"><a href="https://www.amazon.com/dp/B095Z7HQP3?tag=eloabder-20&linkCode=osi&th=1&psc=1"><img src="https://m.media-amazon.com/images/I/31oWHQkNovL._SL500_.jpg" alt="Product Image"></a><p>First Aid Beauty KP Bump Eraser Body Scrub Exfoliant for Keratosis Pilaris with 10% AHA 4 oz.</p><p>$20.00 ($5.00 / Ounce)</p><a href="https://www.amazon.com/dp/B095Z7HQP3?tag=eloabder-20&linkCode=osi&th=1&psc=1">View Product</a></div><div class="product"><a href="https://www.amazon.com/dp/B0CQLTP6JM?tag=eloabder-20&linkCode=osi&th=1&psc=1"><img src="https://m.media-amazon.com/images/I/41oU0wGhtHL._SL500_.jpg" alt="Product Image"></a><p>Elvira KP Bump Eraser Body Scrub, Exfoliating Body Scrub for Keratosis Pilaris, Smooth Skin with 10% AHA/BHA & Niacinamide, Moisturizing and Brightening, Body Skin Care Products, Deep Cleansing - 7 oz</p><p>$16.99 ($2.43 / Fl Oz)</p><a href="https://www.amazon.com/dp/B0CQLTP6JM?tag=eloabder-20&linkCode=osi&th=1&psc=1">View Product</a></div><div class="product"><a href="https://www.amazon.com/dp/B09VH79Z17?tag=eloabder-20&linkCode=osi&th=1&psc=1"><img src="https://m.media-amazon.com/images/I/41VgTZ12TwL._SL500_.jpg" alt="Product Image"></a><p>Dr Teal's Shea Sugar Body Scrub, Shea Butter with Almond Oil & Essential Oils, 19 oz (Pack of 3) (Packaging May Vary)</p><p>$20.94 ($0.37 / Ounce)</p><a href="https://www.amazon.com/dp/B09VH79Z17?tag=eloabder-20&linkCode=osi&th=1&psc=1">View Product</a></div>
<div class="product"><a href="https://www.amazon.com/dp/B0BVBZPX9B?tag=eloabder-20&linkCode=osi&th=1&psc=1"><img src="https://m.media-amazon.com/images/I/61Y09jlKZkL._SL500_.jpg" alt="Product Image"></a><p>Dove Deep Moisture Body Wash 30.6 Fl Oz Pack of 3 with Pump, Luxurious Hydration for Dry Skin, Cleanser with 24hr Renewing MicroMoisture</p><p>$23.22 ($0.25 / Fl Oz)</p><a href="https://www.amazon.com/dp/B0BVBZPX9B?tag=eloabder-20&linkCode=osi&th=1&psc=1">View Product</a></div><div class="product"><a href="https://www.amazon.com/dp/B0BT1VXDGD?tag=eloabder-20&linkCode=osi&th=1&psc=1"><img src="https://m.media-amazon.com/images/I/217eAv7yKyL._SL500_.jpg" alt="Product Image"></a><p>Method Body Wash, Pure Peace, Paraben and Phthalate Free, Biodegradable Formula, 28 oz (Pack of 1)</p><p>$11.48 ($0.41 / Fl Oz)</p><a href="https://www.amazon.com/dp/B0BT1VXDGD?tag=eloabder-20&linkCode=osi&th=1&psc=1">View Product</a></div><div class="product"><a href="https://www.amazon.com/dp/B0BVBYQGTW?tag=eloabder-20&linkCode=osi&th=1&psc=1"><img src="https://m.media-amazon.com/images/I/61En44WjwPL._SL500_.jpg" alt="Product Image"></a><p>Dove Body Wash with Pump Sensitive Skin 3 Count Hypoallergenic, Paraben-Free, Sulfate-Free, Cruelty-Free, Moisturizing Skin Cleanser Effectively Washes Away Bacteria While Nourishing Skin 30.6 oz</p><p>$23.22 ($0.25 / Fl Oz)</p><a href="https://www.amazon.com/dp/B0BVBYQGTW?tag=eloabder-20&linkCode=osi&th=1&psc=1">View Product</a></div><div class="product"><a href="https://www.amazon.com/dp/B0CGY5BLBW?tag=eloabder-20&linkCode=osi&th=1&psc=1"><img src="https://m.media-amazon.com/images/I/61X7MjVU6uL._SL500_.jpg" alt="Product Image"></a><p>Dove Exfoliating Body Wash Glow Recharge Energizes & illuminates skin 3% brightening serum with vitamin C 18.5 oz</p><p>$9.79 ($0.53 / Fl Oz)</p><a href="https://www.amazon.com/dp/B0CGY5BLBW?tag=eloabder-20&linkCode=osi&th=1&psc=1">View Product</a></div><div class="product"><a href="https://www.amazon.com/dp/B082QB23YG?tag=eloabder-20&linkCode=osi&th=1&psc=1"><img src="https://m.media-amazon.com/images/I/31QPAuuaLwL._SL500_.jpg" alt="Product Image"></a><p>NIVEA Refreshing White Peach and Jasmine Body Wash, Scented Body Wash with Nourishing Serum, Plant-Derived Oils, Essential Skin Lipids and Vitamins, 20 Fl Oz Bottle</p><p>$4.89 ($0.24 / Fl Oz)</p><a href="https://www.amazon.com/dp/B082QB23YG?tag=eloabder-20&linkCode=osi&th=1&psc=1">View Product</a></div><div class="product"><a href="https://www.amazon.com/dp/B0BHH1LBX2?tag=eloabder-20&linkCode=osi&th=1&psc=1"><img src="https://m.media-amazon.com/images/I/41aG-jLyOqL._SL500_.jpg" alt="Product Image"></a><p>Olay Ultra Rich Moisture Body Wash for Women, Deeply Nourishes, Vitamin B3 Complex, Clinically Proven, Shea Butter Scent, 22 fl oz (Pack of 4)</p><p>$26.95 ($0.31 / Fl Oz)</p><a href="https://www.amazon.com/dp/B0BHH1LBX2?tag=eloabder-20&linkCode=osi&th=1&psc=1">View Product</a></div><div class="product"><a href="https://www.amazon.com/dp/B0BVBYDTZ6?tag=eloabder-20&linkCode=osi&th=1&psc=1"><img src="https://m.media-amazon.com/images/I/61UbJzK8yIL._SL500_.jpg" alt="Product Image"></a><p>Dove Body Wash with Pump Refreshing Cucumber and Green Tea 3 Count Refreshes Skin Cleanser That Effectively Washes Away Bacteria While Nourishing Your Skin 30.6 oz</p><p>$29.91 ($0.33 / Fl Oz)</p><a href="https://www.amazon.com/dp/B0BVBYDTZ6?tag=eloabder-20&linkCode=osi&th=1&psc=1">View Product</a></div><div class="product"><a href="https://www.amazon.com/dp/B082QC2MCX?tag=eloabder-20&linkCode=osi&th=1&psc=1"><img src="https://m.media-amazon.com/images/I/31ohT5XH1TS._SL500_.jpg" alt="Product Image"></a><p>NIVEA Shea Butter Nourishing Body Wash, Moisturizing Body Wash with Nourishing Serum, Plant-Derived Oils, Essential Skin Lipids and Vitamins, 20 Fl Oz Bottle</p><p>$5.29 ($0.26 / Fl Oz)</p><a href="https://www.amazon.com/dp/B082QC2MCX?tag=eloabder-20&linkCode=osi&th=1&psc=1">View Product</a></div><div class="product"><a href="https://www.amazon.com/dp/B07FD24RTR?tag=eloabder-20&linkCode=osi&th=1&psc=1"><img src="https://m.media-amazon.com/images/I/31klAgInvXL._SL500_.jpg" alt="Product Image"></a><p>Aveeno Stress Relief Body Wash with Soothing Oat for Sensitive Skin, Lavender Body Wash to help you feel Calm and Relaxed, Sulfate-Free, 33 FL OZ</p><p>$13.48 ($0.41 / Fl Oz)</p><a href="https://www.amazon.com/dp/B07FD24RTR?tag=eloabder-20&linkCode=osi&th=1&psc=1">View Product</a></div><div class="product"><a href="https://www.amazon.com/dp/B082QBPDJC?tag=eloabder-20&linkCode=osi&th=1&psc=1"><img src="https://m.media-amazon.com/images/I/31tC4JDwHQL._SL500_.jpg" alt="Product Image"></a><p>NIVEA Coconut and Almond Milk Pampering Body Wash, Moisturizing Body Wash with Nourishing Serum, Plant-Derived Oils, Essential Skin Lipids and Vitamins, 20 Fl Oz Bottle</p><p>$4.99 ($0.25 / Fl Oz)</p><a href="https://www.amazon.com/dp/B082QBPDJC?tag=eloabder-20&linkCode=osi&th=1&psc=1">View Product</a></div>
<div class="product"><a href="https://www.amazon.com/dp/B0BNQWFWLF?tag=eloabder-20&linkCode=osi&th=1&psc=1"><img src="https://m.media-amazon.com/images/I/41trFLlJ04L._SL500_.jpg" alt="Product Image"></a><p>Neutrogena Rainbath Body Wash, Refreshing, Moisturizing Daily Body Cleanser and Shaving Gel with Clean Rinsing Lather, Original Scent, 32 fl. Oz</p><p>$15.98 ($0.50 / Fl Oz)</p><a href="https://www.amazon.com/dp/B0BNQWFWLF?tag=eloabder-20&linkCode=osi&th=1&psc=1">View Product</a></div><div class="product"><a href="https://www.amazon.com/dp/B0BT1WN3ZD?tag=eloabder-20&linkCode=osi&th=1&psc=1"><img src="https://m.media-amazon.com/images/I/21GMn0pFzCL._SL500_.jpg" alt="Product Image"></a><p>Method Body Wash, Sea + Surf, Paraben and Phthalate Free, Biodegradable Formula, 28 oz, (Pack of 1)</p><p>$11.48 ($0.41 / Fl Oz)</p><a href="https://www.amazon.com/dp/B0BT1WN3ZD?tag=eloabder-20&linkCode=osi&th=1&psc=1">View Product</a></div><div class="product"><a href="https://www.amazon.com/dp/B09M7SPFSJ?tag=eloabder-20&linkCode=osi&th=1&psc=1"><img src="https://m.media-amazon.com/images/I/31bOOl+IL6L._SL500_.jpg" alt="Product Image"></a><p>Ivory Mild & Gentle Body Wash, Original Scent, 35oz</p><p>$5.97 ($0.17 / Ounce)</p><a href="https://www.amazon.com/dp/B09M7SPFSJ?tag=eloabder-20&linkCode=osi&th=1&psc=1">View Product</a></div><div class="product"><a href="https://www.amazon.com/dp/B0CK4YS1SV?tag=eloabder-20&linkCode=osi&th=1&psc=1"><img src="https://m.media-amazon.com/images/I/518js3kBNfL._SL500_.jpg" alt="Product Image"></a><p>Dr Teal's Body Wash with Pure Epsom Salt, Relax & Relief with Eucalyptus & Spearmint, 24 fl oz (Pack of 2) (Packaging May Vary)</p><p>$11.74 ($0.24 / Fl Oz)</p><a href="https://www.amazon.com/dp/B0CK4YS1SV?tag=eloabder-20&linkCode=osi&th=1&psc=1">View Product</a></div><div class="product"><a href="https://www.amazon.com/dp/B0CNL19TQG?tag=eloabder-20&linkCode=osi&th=1&psc=1"><img src="https://m.media-amazon.com/images/I/61kqkkFXOkL._SL500_.jpg" alt="Product Image"></a><p>Dove Men+Care Body Wash Eucalyptus + Cedar Oil to Rebuild Skin in the Shower with Plant-Based Cleansers and Moisturizers 26 oz</p><p>$9.99 ($0.38 / Fl Oz)</p><a href="https://www.amazon.com/dp/B0CNL19TQG?tag=eloabder-20&linkCode=osi&th=1&psc=1">View Product</a></div><div class="product"><a href="https://www.amazon.com/dp/B01IMEJV5U?tag=eloabder-20&linkCode=osi&th=1&psc=1"><img src="https://m.media-amazon.com/images/I/41q8gXtf06S._SL500_.jpg" alt="Product Image"></a><p>OGX Extra Creamy + Coconut Miracle Oil Ultra Moisture Body Wash, 19.5 Fl Oz</p><p>$6.57 ($0.34 / Fl Oz)</p><a href="https://www.amazon.com/dp/B01IMEJV5U?tag=eloabder-20&linkCode=osi&th=1&psc=1">View Product</a></div>
<div class="product"><a href="https://www.amazon.com/dp/B00A8S6HM4?tag=eloabder-20&linkCode=osi&th=1&psc=1"><img src="https://m.media-amazon.com/images/I/31tIssP5CQL._SL500_.jpg" alt="Product Image"></a><p>Gold Bond Healing Hand Cream, 3 oz., With Aloe, Moisture That Lasts Through Handwashing</p><p>$3.97 ($1.32 / Ounce)</p><a href="https://www.amazon.com/dp/B00A8S6HM4?tag=eloabder-20&linkCode=osi&th=1&psc=1">View Product</a></div><div class="product"><a href="https://www.amazon.com/dp/B006UEOQ5K?tag=eloabder-20&linkCode=osi&th=1&psc=1"><img src="https://m.media-amazon.com/images/I/316StCvRHcL._SL500_.jpg" alt="Product Image"></a><p>L’Occitane Shea Butter Hand Cream 5.1 Oz: Nourishes Very Dry Hands, Protects Skin, With 20% Organic Shea Butter, Vegan, 1 Sold Every 3 Seconds*</p><p>$27.00</p><a href="https://www.amazon.com/dp/B006UEOQ5K?tag=eloabder-20&linkCode=osi&th=1&psc=1">View Product</a></div><div class="product"><a href="https://www.amazon.com/dp/B00EYOSA9G?tag=eloabder-20&linkCode=osi&th=1&psc=1"><img src="https://m.media-amazon.com/images/I/41bhc+gcG0L._SL500_.jpg" alt="Product Image"></a><p>La Roche-Posay Cicaplast Hand Cream, Instant Relief Moisturizing Dry Hands Shea Butter Lotion for Dry Cracked Hands, Non Greasy, Fragrance Free, 1.69 Fl Oz (Pack of 1)</p><p>$11.99 ($7.05 / Fl Oz)</p><a href="https://www.amazon.com/dp/B00EYOSA9G?tag=eloabder-20&linkCode=osi&th=1&psc=1">View Product</a></div><div class="product"><a href="https://www.amazon.com/dp/B00BN2UF54?tag=eloabder-20&linkCode=osi&th=1&psc=1"><img src="https://m.media-amazon.com/images/I/41JdUlyNn5L._SL500_.jpg" alt="Product Image"></a><p>CeraVe Therapeutic Hand Cream for Dry Cracked Hands With Hyaluronic Acid and Niacinamide | Fragrance Free 3 Ounce</p><p>$10.47 ($3.49 / Ounce)</p><a href="https://www.amazon.com/dp/B00BN2UF54?tag=eloabder-20&linkCode=osi&th=1&psc=1">View Product</a></div><div class="product"><a href="https://www.amazon.com/dp/B09QP658PT?tag=eloabder-20&linkCode=osi&th=1&psc=1"><img src="https://m.media-amazon.com/images/I/31W-klVFPhL._SL500_.jpg" alt="Product Image"></a><p>eos Shea Better Hand Cream - Vanilla Cashmere | Instant Hydration + Lasting Protection | 2.5 oz</p><p>$3.97 ($1.59 / Fl Oz)</p><a href="https://www.amazon.com/dp/B09QP658PT?tag=eloabder-20&linkCode=osi&th=1&psc=1">View Product</a></div><div class="product"><a href="https://www.amazon.com/dp/B00121UVU0?tag=eloabder-20&linkCode=osi&th=1&psc=1"><img src="https://m.media-amazon.com/images/I/41eeed+P5BL._SL500_.jpg" alt="Product Image"></a><p>O'Keeffe's Working Hands Hand Cream for Extremely Dry, Cracked Hands, 3.4 Ounce Jar, (Pack 1)</p><p>$8.48 ($2.49 / Ounce)</p><a href="https://www.amazon.com/dp/B00121UVU0?tag=eloabder-20&linkCode=osi&th=1&psc=1">View Product</a></div><div class="product"><a href="https://www.amazon.com/dp/B0148PKYXU?tag=eloabder-20&linkCode=osi&th=1&psc=1"><img src="https://m.media-amazon.com/images/I/41cwut0DGKL._SL500_.jpg" alt="Product Image"></a><p>O'Keeffe's Working Hands Hand Cream, Relieves and Repairs Extremely Dry Hands, 3 oz Tube, (Pack of 2)</p><p>$15.17 ($2.53 / Ounce)</p><a href="https://www.amazon.com/dp/B0148PKYXU?tag=eloabder-20&linkCode=osi&th=1&psc=1">View Product</a></div><div class="product"><a href="https://www.amazon.com/dp/B08Q1B7DVZ?tag=eloabder-20&linkCode=osi&th=1&psc=1"><img src="https://m.media-amazon.com/images/I/41KbVXj2k4L._SL500_.jpg" alt="Product Image"></a><p>Neutrogena Norwegian Formula Moisturizing Hand Cream Formulated with Glycerin for Dry, Rough Hands, Fragrance-Free Intensive Hand Lotion, 2 oz, Pack of 6</p><p>$32.94 ($2.74 / Ounce)</p><a href="https://www.amazon.com/dp/B08Q1B7DVZ?tag=eloabder-20&linkCode=osi&th=1&psc=1">View Product</a></div><div class="product"><a href="https://www.amazon.com/dp/B002PK0ROM?tag=eloabder-20&linkCode=osi&th=1&psc=1"><img src="https://m.media-amazon.com/images/I/51ACxQvzcbL._SL500_.jpg" alt="Product Image"></a><p>Burt's Bees Almond & Milk Hand Cream, 2 Oz (Package May Vary)</p><p>$8.84 ($4.42 / Ounce)</p><a href="https://www.amazon.com/dp/B002PK0ROM?tag=eloabder-20&linkCode=osi&th=1&psc=1">View Product</a></div><div class="product"><a href="https://www.amazon.com/dp/B09YYZWSSY?tag=eloabder-20&linkCode=osi&th=1&psc=1"><img src="https://m.media-amazon.com/images/I/31iud1lgyFL._SL500_.jpg" alt="Product Image"></a><p>Gold Bond Age Renew Crepe Corrector Hand Cream, Replenishing & Smoothing Formula, 3 oz.</p><p>$5.98 ($1.99 / Ounce)</p><a href="https://www.amazon.com/dp/B09YYZWSSY?tag=eloabder-20&linkCode=osi&th=1&psc=1">View Product</a></div>
<div class="product"><a href="https://www.amazon.com/dp/B0002QB9NE?tag=eloabder-20&linkCode=osi&th=1&psc=1"><img src="https://m.media-amazon.com/images/I/416vf0q0uqL._SL500_.jpg" alt="Product Image"></a><p>O'Keeffe's for Healthy Feet Foot Cream, Guaranteed Relief for Extremely Dry, Cracked Feet, Instantly Boosts Moisture Levels, 3.2 Ounce Jar, (Pack of 1)</p><p>$9.01 ($2.82 / Ounce)</p><a href="https://www.amazon.com/dp/B0002QB9NE?tag=eloabder-20&linkCode=osi&th=1&psc=1">View Product</a></div><div class="product"><a href="https://www.amazon.com/dp/B082TSRP9J?tag=eloabder-20&linkCode=osi&th=1&psc=1"><img src="https://m.media-amazon.com/images/I/51coMhCd1ML._SL500_.jpg" alt="Product Image"></a><p>Ebanel Urea Cream 40% plus Salicylic Acid 2%, Foot Cream for Dry Cracked Heels Feet Knees Elbows Hands, Foot Dead Skin Cuticle Callus Remover Toenail Softener, Keratolytic Skin Barrier Repair Cream</p><p>$15.95 ($3.47 / Ounce)</p><a href="https://www.amazon.com/dp/B082TSRP9J?tag=eloabder-20&linkCode=osi&th=1&psc=1">View Product</a></div><div class="product"><a href="https://www.amazon.com/dp/B08YZBKZPB?tag=eloabder-20&linkCode=osi&th=1&psc=1"><img src="https://m.media-amazon.com/images/I/41ktbxpRfPL._SL500_.jpg" alt="Product Image"></a><p>Dr. Scholl's Dry, Cracked Foot Repair Ultra-Hydrating Foot Cream Moisturizer, 3.5 oz, Skin Care Foot Lotion with 25% Urea for Dry Cracked Feet, Heals and Moisturizes for Healthy Feet</p><p>$5.89 ($1.68 / Ounce)</p><a href="https://www.amazon.com/dp/B08YZBKZPB?tag=eloabder-20&linkCode=osi&th=1&psc=1">View Product</a></div><div class="product"><a href="https://www.amazon.com/dp/B0859JFWDT?tag=eloabder-20&linkCode=osi&th=1&psc=1"><img src="https://m.media-amazon.com/images/I/51JZjw73KSL._SL500_.jpg" alt="Product Image"></a><p>New York Biology Tea Tree Oil Foot Cream for Dry Cracked Feet, Athletes Foot, Nail Fungus, Jock Itch, Ringworm, Cracked Heels and Itchy Skin - Foot Cream - 8 oz</p><p>$9.99 ($1.25 / Ounce)</p><a href="https://www.amazon.com/dp/B0859JFWDT?tag=eloabder-20&linkCode=osi&th=1&psc=1">View Product</a></div><div class="product"><a href="https://www.amazon.com/dp/B09854CPGD?tag=eloabder-20&linkCode=osi&th=1&psc=1"><img src="https://m.media-amazon.com/images/I/31CmRbfOBBL._SL500_.jpg" alt="Product Image"></a><p>OUKEYA Urea Cream 40 Percent, Urea Foot & Hand Cream for Dry Cracked, 40 per Urea Lotion for Feet Maximum Strength</p><p>$9.59 ($1.81 / Ounce)</p><a href="https://www.amazon.com/dp/B09854CPGD?tag=eloabder-20&linkCode=osi&th=1&psc=1">View Product</a></div><div class="product"><a href="https://www.amazon.com/dp/B0081C2I22?tag=eloabder-20&linkCode=osi&th=1&psc=1"><img src="https://m.media-amazon.com/images/I/41f3N9+RSFL._SL500_.jpg" alt="Product Image"></a><p>Palmer's Cocoa Butter Formula Foot Magic Moisturizing Foot Cream for Dry, Cracked Heels, Feet Moisturizer with Peppermint Oil & Vitamin E, 2.1 Ounces</p><p>$4.22 ($2.01 / Ounce)</p><a href="https://www.amazon.com/dp/B0081C2I22?tag=eloabder-20&linkCode=osi&th=1&psc=1">View Product</a></div><div class="product"><a href="https://www.amazon.com/dp/B072VSYFNY?tag=eloabder-20&linkCode=osi&th=1&psc=1"><img src="https://m.media-amazon.com/images/I/41mzQGUdFmL._SL500_.jpg" alt="Product Image"></a><p>O'Keeffe's Healthy Feet Intense Renewal Cream with Alpha Hydroxy Acid, Softens and Exfoliates Extremely Dry, Callused Feet, 3oz Tube (Pack of 1)</p><p>$8.77 ($2.92 / Ounce)</p><a href="https://www.amazon.com/dp/B072VSYFNY?tag=eloabder-20&linkCode=osi&th=1&psc=1">View Product</a></div><div class="product"><a href="https://www.amazon.com/dp/B087N7QYN1?tag=eloabder-20&linkCode=osi&th=1&psc=1"><img src="https://m.media-amazon.com/images/I/41AOHWv5UaL._SL500_.jpg" alt="Product Image"></a><p>O'Keeffe's for Healthy Feet Foot Cream, Guaranteed Relief for Extremely Dry, Cracked Feet, Instantly Boosts Moisture Levels, 6.4 Ounce Jar, Value Size, (Pack of 1)</p><p>$15.09 ($2.36 / Ounce)</p><a href="https://www.amazon.com/dp/B087N7QYN1?tag=eloabder-20&linkCode=osi&th=1&psc=1">View Product</a></div><div class="product"><a href="https://www.amazon.com/dp/B07CKKQWSN?tag=eloabder-20&linkCode=osi&th=1&psc=1"><img src="https://m.media-amazon.com/images/I/513WcwplzkL._SL500_.jpg" alt="Product Image"></a><p>Profoot Heel Rescue Foot Cream 16 Ounce Bottle, 2 Pack, for Cracked, Calloused or Chapped Skin</p><p>$13.92 ($0.44 / Ounce)</p><a href="https://www.amazon.com/dp/B07CKKQWSN?tag=eloabder-20&linkCode=osi&th=1&psc=1">View Product</a></div>
<div class="product"><a href="https://www.amazon.com/dp/B0CS2XBMG5?tag=eloabder-20&linkCode=osi&th=1&psc=1"><img src="https://m.media-amazon.com/images/I/41SVGjvtkXL._SL500_.jpg" alt="Product Image"></a><p>SAVILAND Natural Cuticle Oil Pen: 12PCS Revitalizing Cuticle Oil for Nails with Vitamin E For Repair Cuticles Overnight Cuticle Softener Nail Strengthener Protector for Damaged Skin Thin Nail</p><p>$9.99 ($9.99 / Fl Oz)</p><a href="https://www.amazon.com/dp/B0CS2XBMG5?tag=eloabder-20&linkCode=osi&th=1&psc=1">View Product</a></div><div class="product"><a href="https://www.amazon.com/dp/B0037MIMLW?tag=eloabder-20&linkCode=osi&th=1&psc=1"><img src="https://m.media-amazon.com/images/I/41M3z8vrUzL._SL500_.jpg" alt="Product Image"></a><p>CND SolarOil Cuticle Oil, Natural Blend Of Jojoba, Vitamin E, Rice Bran and Sweet Almond Oils, Moisturizes and Conditions Skin, Pack Of 1, 0.25 oz.</p><p>$9.90 ($49.50 / Fl Oz)</p><a href="https://www.amazon.com/dp/B0037MIMLW?tag=eloabder-20&linkCode=osi&th=1&psc=1">View Product</a></div><div class="product"><a href="https://www.amazon.com/dp/B09K3VX6XB?tag=eloabder-20&linkCode=osi&th=1&psc=1"><img src="https://m.media-amazon.com/images/I/41KQk0SauIL._SL500_.jpg" alt="Product Image"></a><p>modelones Cuticle Oil for Nails 15ml Natural Nail Oil for Growth and Strength Damaged Nails Vitamin E Revitalizing Essential Oils Cuticle Care</p><p>$8.99 ($17.63 / Fl Oz)</p><a href="https://www.amazon.com/dp/B09K3VX6XB?tag=eloabder-20&linkCode=osi&th=1&psc=1">View Product</a></div><div class="product"><a href="https://www.amazon.com/dp/B072C4GT6P?tag=eloabder-20&linkCode=osi&th=1&psc=1"><img src="https://m.media-amazon.com/images/I/31AcTRIcNCL._SL500_.jpg" alt="Product Image"></a><p>OPI ProSpa Nail and Cuticle Oil To Go, 0.25 fl oz</p><p>$11.49 ($45.96 / Fl Oz)</p><a href="https://www.amazon.com/dp/B072C4GT6P?tag=eloabder-20&linkCode=osi&th=1&psc=1">View Product</a></div><div class="product"><a href="https://www.amazon.com/dp/B0725XWF6R?tag=eloabder-20&linkCode=osi&th=1&psc=1"><img src="https://m.media-amazon.com/images/I/3167QE6enxL._SL500_.jpg" alt="Product Image"></a><p>OPI ProSpa Nail and Cuticle Oil, 0.29 fl oz</p><p>$10.82 ($37.31 / Fl Oz)</p><a href="https://www.amazon.com/dp/B0725XWF6R?tag=eloabder-20&linkCode=osi&th=1&psc=1">View Product</a></div><div class="product"><a href="https://www.amazon.com/dp/B0CN65Q5LD?tag=eloabder-20&linkCode=osi&th=1&psc=1"><img src="https://m.media-amazon.com/images/I/41ixcyjMHNL._SL500_.jpg" alt="Product Image"></a><p>NXJ INFILILA Cuticle Oil Bulk 3.3 Fl Oz, 100Pcs Mini Cuticle Oil for Nails, Hydrating Cuticle Care Product Ttravel Size for Repaired Cuticles Overnight, Cuticle Repair and Nail Care (Milk & Honey)</p><p>$9.99 ($0.10 / Count)</p><a href="https://www.amazon.com/dp/B0CN65Q5LD?tag=eloabder-20&linkCode=osi&th=1&psc=1">View Product</a></div><div class="product"><a href="https://www.amazon.com/dp/B0B29JZ5KL?tag=eloabder-20&linkCode=osi&th=1&psc=1"><img src="https://m.media-amazon.com/images/I/41c+VvEUnZL._SL500_.jpg" alt="Product Image"></a><p>C CARE Lavender and chamomile Cuticle Oil For Nails - Repairs Cuticles Overnight - Moisturizes and Strengthens Nails and Cuticles - Dropper & Brush included - 2.5oz</p><p>$9.99 ($4.00 / Fl Oz)</p><a href="https://www.amazon.com/dp/B0B29JZ5KL?tag=eloabder-20&linkCode=osi&th=1&psc=1">View Product</a></div>
<div class="product"><a href="https://www.amazon.com/dp/B0CMHSNYG8?tag=eloabder-20&linkCode=osi&th=1&psc=1"><img src="https://m.media-amazon.com/images/I/51iVcKQ6eIL._SL500_.jpg" alt="Product Image"></a><p>JODSONE Gel Nail Set 20 Colors High Shine Gorgeous Gel Polish Base Top Matte Coat Nice Gifts Show Charm</p><p>$19.99</p><a href="https://www.amazon.com/dp/B0CMHSNYG8?tag=eloabder-20&linkCode=osi&th=1&psc=1">View Product</a></div><div class="product"><a href="https://www.amazon.com/dp/B09KC56289?tag=eloabder-20&linkCode=osi&th=1&psc=1"><img src="https://m.media-amazon.com/images/I/51M-P1nM7QL._SL500_.jpg" alt="Product Image"></a><p>JODSONE 36 PCS Gel Nail Polish Set-32 Colors Gel Polish Kit Base Coat Glossy Matte and Glitter Top Coat Nail Polish Set Green Blue Red Pink Collection Gifts for Women</p><p>$25.99</p><a href="https://www.amazon.com/dp/B09KC56289?tag=eloabder-20&linkCode=osi&th=1&psc=1">View Product</a></div><div class="product"><a href="https://www.amazon.com/dp/B0987JZSP8?tag=eloabder-20&linkCode=osi&th=1&psc=1"><img src="https://m.media-amazon.com/images/I/31VZYZfCKbL._SL500_.jpg" alt="Product Image"></a><p>OPI Nature Strong Vegan Nail Polish, Knowledge is Flower, Pink Nail Polish, Natural Origin, Cruelty-Free Nail Lacquer, 0.5 fl oz.</p><p>$12.99 ($25.98 / Fl Oz)</p><a href="https://www.amazon.com/dp/B0987JZSP8?tag=eloabder-20&linkCode=osi&th=1&psc=1">View Product</a></div><div class="product"><a href="https://www.amazon.com/dp/B00GXVVDG0?tag=eloabder-20&linkCode=osi&th=1&psc=1"><img src="https://m.media-amazon.com/images/I/21vF-y2FfJL._SL500_.jpg" alt="Product Image"></a><p>Essie Nail Polish, Salon-Quality, 8-free Vegan, Finish, Mademoiselle, 0.46 Ounces (Packaging May Vary) Sheer Pink</p><p>$8.97</p><a href="https://www.amazon.com/dp/B00GXVVDG0?tag=eloabder-20&linkCode=osi&th=1&psc=1">View Product</a></div><div class="product"><a href="https://www.amazon.com/dp/B00149RO2S?tag=eloabder-20&linkCode=osi&th=1&psc=1"><img src="https://m.media-amazon.com/images/I/411K8WtBjML._SL500_.jpg" alt="Product Image"></a><p>OPI Nail Lacquer, Black Cherry Chutney, Red Nail Polish, 0.5 fl oz</p><p>$11.99 ($23.98 / Fl Oz)</p><a href="https://www.amazon.com/dp/B00149RO2S?tag=eloabder-20&linkCode=osi&th=1&psc=1">View Product</a></div>
<div class="product"><a href="https://www.amazon.com/dp/B07TLZDSWR?tag=eloabder-20&linkCode=osi&th=1&psc=1"><img src="https://m.media-amazon.com/images/I/31lsbbYkXFL._SL500_.jpg" alt="Product Image"></a><p>Pronto 100% Pure Acetone - Quick, Professional Nail Polish Remover - For Natural, Gel, Acrylic, Sculptured Nails (8 FL. OZ.)</p><p>$9.99 ($1.25 / Fl Oz)</p><a href="https://www.amazon.com/dp/B07TLZDSWR?tag=eloabder-20&linkCode=osi&th=1&psc=1">View Product</a></div><div class="product"><a href="https://www.amazon.com/dp/B08N2XBP1D?tag=eloabder-20&linkCode=osi&th=1&psc=1"><img src="https://m.media-amazon.com/images/I/41SDa89WDxL._SL500_.jpg" alt="Product Image"></a><p>Mineral Fusion Nail Polish Remover, 6 fl oz, 2 count</p><p>$16.50</p><a href="https://www.amazon.com/dp/B08N2XBP1D?tag=eloabder-20&linkCode=osi&th=1&psc=1">View Product</a></div><div class="product"><a href="https://www.amazon.com/dp/B004KJ7AGE?tag=eloabder-20&linkCode=osi&th=1&psc=1"><img src="https://m.media-amazon.com/images/I/41jL3jJJEEL._SL500_.jpg" alt="Product Image"></a><p>Super Nail Pure Acetone Polish Remover, 8 Fl Oz</p><p>$6.25</p><a href="https://www.amazon.com/dp/B004KJ7AGE?tag=eloabder-20&linkCode=osi&th=1&psc=1">View Product</a></div><div class="product"><a href="https://www.amazon.com/dp/B0CQLWZGQC?tag=eloabder-20&linkCode=osi&th=1&psc=1"><img src="https://m.media-amazon.com/images/I/51RNLfN+X4L._SL500_.jpg" alt="Product Image"></a><p>Morovan Gel Nail Polish Remover Kit: Gel Polish Remover for Nails with Liquid Latex Tape Peel off Nail Strengthener Cuticle Pusher Quick & Easy Gel Remover for Nails in 3-5 mins No Soaking Or Wrapping</p><p>$9.99</p><a href="https://www.amazon.com/dp/B0CQLWZGQC?tag=eloabder-20&linkCode=osi&th=1&psc=1">View Product</a></div><div class="product"><a href="https://www.amazon.com/dp/B09Z2V94LY?tag=eloabder-20&linkCode=osi&th=1&psc=1"><img src="https://m.media-amazon.com/images/I/41aI3wwnE3L._SL500_.jpg" alt="Product Image"></a><p>Gel Nail Polish Remover 1pcs, Professional Gel Polish Remover for Nails, No Need for Foil, Quick & Easy Polish Remover In 2-3 Minutes, No Need Soaking Or Wrapping-15ml</p><p>$9.99</p><a href="https://www.amazon.com/dp/B09Z2V94LY?tag=eloabder-20&linkCode=osi&th=1&psc=1">View Product</a></div><div class="product"><a href="https://www.amazon.com/dp/B07STW4VR3?tag=eloabder-20&linkCode=osi&th=1&psc=1"><img src="https://m.media-amazon.com/images/I/41H-8Xsu7OL._SL500_.jpg" alt="Product Image"></a><p>Butter LONDON Nail Polish Remover Pads, Nail Scrubbers (10 Count) - 2-in-1 Prep & Lacquer Remover Nail Wipes - Travel-Friendly Gel Fingernail Polish Remover - Cruelty-Free, Paraben-Free & Gluten-Free</p><p>$10.00 ($1.00 / Count)</p><a href="https://www.amazon.com/dp/B07STW4VR3?tag=eloabder-20&linkCode=osi&th=1&psc=1">View Product</a></div><div class="product"><a href="https://www.amazon.com/dp/B001DTZK0C?tag=eloabder-20&linkCode=osi&th=1&psc=1"><img src="https://m.media-amazon.com/images/I/31H2xmoYh2L._SL500_.jpg" alt="Product Image"></a><p>ZOYA Remove Plus 3 in 1 Formula - Liquid Polish Remover, Nail Cleaner, Nail Prep, 8 Fl Oz</p><p>$12.00 ($1.50 / Fl Oz)</p><a href="https://www.amazon.com/dp/B001DTZK0C?tag=eloabder-20&linkCode=osi&th=1&psc=1">View Product</a></div>
<div class="product"><a href="https://www.amazon.com/dp/B07F12SZDS?tag=eloabder-20&linkCode=osi&th=1&psc=1"><img src="https://m.media-amazon.com/images/I/415-o2OwWqL._SL500_.jpg" alt="Product Image"></a><p>Beetles 2 Pcs 15ml No Wipe Gel Top Coat and Base Coat Set - Shine Finish and Long Lasting, Soak Off LED Nail Lamp Gel Base Top Coat Finish Nail Art Design Manicure Gifts for Women</p><p>$7.99</p><a href="https://www.amazon.com/dp/B07F12SZDS?tag=eloabder-20&linkCode=osi&th=1&psc=1">View Product</a></div><div class="product"><a href="https://www.amazon.com/dp/B004220C6E?tag=eloabder-20&linkCode=osi&th=1&psc=1"><img src="https://m.media-amazon.com/images/I/41UDx4gfvEL._SL500_.jpg" alt="Product Image"></a><p>OPI Natural Nail Base Coat, Nail Polish Base Coat, 0.5 fl oz</p><p>$11.99 ($23.98 / Fl Oz)</p><a href="https://www.amazon.com/dp/B004220C6E?tag=eloabder-20&linkCode=osi&th=1&psc=1">View Product</a></div><div class="product"><a href="https://www.amazon.com/dp/B07KYNY7C4?tag=eloabder-20&linkCode=osi&th=1&psc=1"><img src="https://m.media-amazon.com/images/I/41nRG35oupL._SL500_.jpg" alt="Product Image"></a><p>essie nail care, vegan, clear base coat, strengthener, Strong Start, 0.46 fl oz</p><p>$9.28</p><a href="https://www.amazon.com/dp/B07KYNY7C4?tag=eloabder-20&linkCode=osi&th=1&psc=1">View Product</a></div><div class="product"><a href="https://www.amazon.com/dp/B0BX77172B?tag=eloabder-20&linkCode=osi&th=1&psc=1"><img src="https://m.media-amazon.com/images/I/41NS6hYFFYL._SL500_.jpg" alt="Product Image"></a><p>beetles Gel Polish Gel No Wipe Base Coat,15ml for Gel Nail Polish Soak Off LED Nail Lamp Gel Base Coat Upgraded Formula Long-Lasting DIY Home and Nail Salon</p><p>$6.99 ($13.71 / Fl Oz)</p><a href="https://www.amazon.com/dp/B0BX77172B?tag=eloabder-20&linkCode=osi&th=1&psc=1">View Product</a></div><div class="product"><a href="https://www.amazon.com/dp/B0BD4MMFVM?tag=eloabder-20&linkCode=osi&th=1&psc=1"><img src="https://m.media-amazon.com/images/I/414wIShbm+L._SL500_.jpg" alt="Product Image"></a><p>GAOY 16ml 2 Pcs Glassy Gel Top Coat and Base Coat Set,No Wipe Foundation Combination for UV Light Cure Nail Polish</p><p>$6.99</p><a href="https://www.amazon.com/dp/B0BD4MMFVM?tag=eloabder-20&linkCode=osi&th=1&psc=1">View Product</a></div><div class="product"><a href="https://www.amazon.com/dp/B08Z7JSXQ1?tag=eloabder-20&linkCode=osi&th=1&psc=1"><img src="https://m.media-amazon.com/images/I/41+02CKnU7L._SL500_.jpg" alt="Product Image"></a><p>modelones 2024 Upgrade Super Shiny Gel Top Coat, 15ml No Wipe Clear Glossy Gel Base and Top Coat Set, Soak Off Nail Lamp Acid Free Base Top Gel Nail Polish Starter Kit</p><p>$6.35</p><a href="https://www.amazon.com/dp/B08Z7JSXQ1?tag=eloabder-20&linkCode=osi&th=1&psc=1">View Product</a></div><div class="product"><a href="https://www.amazon.com/dp/B00770JW9Q?tag=eloabder-20&linkCode=osi&th=1&psc=1"><img src="https://m.media-amazon.com/images/I/41l5O38NktL._SL500_.jpg" alt="Product Image"></a><p>Seche Clear and Seche Vite, Base Coat and Top Coat for Nail Polish</p><p>$9.99</p><a href="https://www.amazon.com/dp/B00770JW9Q?tag=eloabder-20&linkCode=osi&th=1&psc=1">View Product</a></div><div class="product"><a href="https://www.amazon.com/dp/B07FXR67KP?tag=eloabder-20&linkCode=osi&th=1&psc=1"><img src="https://m.media-amazon.com/images/I/41TDlHtLVPL._SL500_.jpg" alt="Product Image"></a><p>Vishine 15ml No Wipe Top Coat Base Coat Soak off UV LED Drying Long Lasting Shiny Nail Varnish Set</p><p>$8.99</p><a href="https://www.amazon.com/dp/B07FXR67KP?tag=eloabder-20&linkCode=osi&th=1&psc=1">View Product</a></div><div class="product"><a href="https://www.amazon.com/dp/B000VUT39S?tag=eloabder-20&linkCode=osi&th=1&psc=1"><img src="https://m.media-amazon.com/images/I/31XB8+yUKnL._SL500_.jpg" alt="Product Image"></a><p>Orly Base Nail Coat, Bonder, 0.6 Ounce</p><p>$8.00 ($13.33 / Fl Oz)</p><a href="https://www.amazon.com/dp/B000VUT39S?tag=eloabder-20&linkCode=osi&th=1&psc=1">View Product</a></div>
<div class="product"><a href="https://www.amazon.com/dp/B08VZ6VSJ5?tag=eloabder-20&linkCode=osi&th=1&psc=1"><img src="https://m.media-amazon.com/images/I/317piUMa1pL._SL500_.jpg" alt="Product Image"></a><p>KUPA GelFinity - Soak Off Gel - Top Coat Glossy Finish (No-Wipe) 0.5 Fl Oz</p><p>$7.79 ($15.58 / Fl Oz)</p><a href="https://www.amazon.com/dp/B08VZ6VSJ5?tag=eloabder-20&linkCode=osi&th=1&psc=1">View Product</a></div><div class="product"><a href="https://www.amazon.com/dp/B0CHBB9S4J?tag=eloabder-20&linkCode=osi&th=1&psc=1"><img src="https://m.media-amazon.com/images/I/41qRu1votRL._SL500_.jpg" alt="Product Image"></a><p>beetles Gel Polish 2Pcs 15ml No Wipe Top Coat High Gloss Shiny Long-Lasting Clear Gel Top Coat, Soak Off Nail Lamp Nail Gel, Home DIY Professional Manicure and Nail Salon</p><p>$9.98 ($9.78 / Fl Oz)</p><a href="https://www.amazon.com/dp/B0CHBB9S4J?tag=eloabder-20&linkCode=osi&th=1&psc=1">View Product</a></div><div class="product"><a href="https://www.amazon.com/dp/B07FG7ZVFF?tag=eloabder-20&linkCode=osi&th=1&psc=1"><img src="https://m.media-amazon.com/images/I/41zWBPeG5RL._SL500_.jpg" alt="Product Image"></a><p>beetles Gel Polish No Wipe Gel Top Coat - Clear Color Gel Shine Finish and Long Lasting, Soak Off Nail Lamp Gel, 15ml Gift for Girls</p><p>$6.99 ($13.71 / Fl Oz)</p><a href="https://www.amazon.com/dp/B07FG7ZVFF?tag=eloabder-20&linkCode=osi&th=1&psc=1">View Product</a></div><div class="product"><a href="https://www.amazon.com/dp/B08J9WZB29?tag=eloabder-20&linkCode=osi&th=1&psc=1"><img src="https://m.media-amazon.com/images/I/31WQqYx1BLL._SL500_.jpg" alt="Product Image"></a><p>Vishine Top Coat- 15ML No Wipe Top Coat Gel Nail Polish High Gloss Shine Finish Long Lasting Home DIY Professional Manicure</p><p>$6.99 ($13.98 / Fl Oz)</p><a href="https://www.amazon.com/dp/B08J9WZB29?tag=eloabder-20&linkCode=osi&th=1&psc=1">View Product</a></div><div class="product"><a href="https://www.amazon.com/dp/B00178VX50?tag=eloabder-20&linkCode=osi&th=1&psc=1"><img src="https://m.media-amazon.com/images/I/31MWdGSTydL._SL500_.jpg" alt="Product Image"></a><p>OPI Top Coat, Protective High Gloss Shine Nail Polish Top Coat, 0.5 fl oz</p><p>$11.99 ($0.80 / millilitre)</p><a href="https://www.amazon.com/dp/B00178VX50?tag=eloabder-20&linkCode=osi&th=1&psc=1">View Product</a></div><div class="product"><a href="https://www.amazon.com/dp/B00150LT40?tag=eloabder-20&linkCode=osi&th=1&psc=1"><img src="https://m.media-amazon.com/images/I/410pKBFvS9L._SL500_.jpg" alt="Product Image"></a><p>Seche Vite Dry Fast Top Coat - .5 fl oz</p><p>$7.05</p><a href="https://www.amazon.com/dp/B00150LT40?tag=eloabder-20&linkCode=osi&th=1&psc=1">View Product</a></div>
<div class="product"><a href="https://www.amazon.com/dp/B000052WZD?tag=eloabder-20&linkCode=osi&th=1&psc=1"><img src="https://m.media-amazon.com/images/I/31neIP1eUnL._SL500_.jpg" alt="Product Image"></a><p>Trim Nail Files, 2 Count – Dual-Sided Nail Board with 280/320 Grit – Cushioned, Easy Grip for Comfortable Use – Emery Boards for Smoothing & Finishing Nails</p><p>$1.89 ($0.94 / Count)</p><a href="https://www.amazon.com/dp/B000052WZD?tag=eloabder-20&linkCode=osi&th=1&psc=1">View Product</a></div><div class="product"><a href="https://www.amazon.com/dp/B007242LWC?tag=eloabder-20&linkCode=osi&th=1&psc=1"><img src="https://m.media-amazon.com/images/I/41+E1EwskpS._SL500_.jpg" alt="Product Image"></a><p>3 Swords Germany - Brand Quality Double Sided (fine & coarse) Sapphire Metal Pocket Nail File (1 Piece), Made in Solingen Germany</p><p>$9.95</p><a href="https://www.amazon.com/dp/B007242LWC?tag=eloabder-20&linkCode=osi&th=1&psc=1">View Product</a></div><div class="product"><a href="https://www.amazon.com/dp/B0017KCQ2W?tag=eloabder-20&linkCode=osi&th=1&psc=1"><img src="https://m.media-amazon.com/images/I/21bzfUjSMwL._SL500_.jpg" alt="Product Image"></a><p>Revlon Nail Buffer, Gifts for Women, Stocking Stuffers, Shape 'N' Buff Nail File & Buffer, Nail Care Tool, All-in-One Shaping & Buffing, Easy to Use (Pack of 1)</p><p>$3.76</p><a href="https://www.amazon.com/dp/B0017KCQ2W?tag=eloabder-20&linkCode=osi&th=1&psc=1">View Product</a></div>
<div class="product"><a href="https://www.amazon.com/dp/B07M5RNH4Z?tag=eloabder-20&linkCode=osi&th=1&psc=1"><img src="https://m.media-amazon.com/images/I/41VsLZvsbKL._SL500_.jpg" alt="Product Image"></a><p>HAWATOUR Nail Clippers Set, Ultra Sharp Sturdy Fingernail and Toenail Clipper Cutters with Visibly Tin Case, Black</p><p>$9.97</p><a href="https://www.amazon.com/dp/B07M5RNH4Z?tag=eloabder-20&linkCode=osi&th=1&psc=1">View Product</a></div><div class="product"><a href="https://www.amazon.com/dp/B0015HKN3G?tag=eloabder-20&linkCode=osi&th=1&psc=1"><img src="https://m.media-amazon.com/images/I/31Y23jebqxL._SL500_.jpg" alt="Product Image"></a><p>Revlon Nail Clipper, Gifts for Men & Women, Stocking Stuffers, Nail Care Tools, Curved Blade & Foldaway Nail File for Trimming & Grooming, Easy to Use (Pack of 1)</p><p>$2.98</p><a href="https://www.amazon.com/dp/B0015HKN3G?tag=eloabder-20&linkCode=osi&th=1&psc=1">View Product</a></div><div class="product"><a href="https://www.amazon.com/dp/B00CRMHEJE?tag=eloabder-20&linkCode=osi&th=1&psc=1"><img src="https://m.media-amazon.com/images/I/41UM1wHFbiL._SL500_.jpg" alt="Product Image"></a><p>Tweezerman Stainless Steel Nail Combo Set with Fingernail and Toenail Clippers</p><p>$11.98</p><a href="https://www.amazon.com/dp/B00CRMHEJE?tag=eloabder-20&linkCode=osi&th=1&psc=1">View Product</a></div><div class="product"><a href="https://www.amazon.com/dp/B09VPM99J8?tag=eloabder-20&linkCode=osi&th=1&psc=1"><img src="https://m.media-amazon.com/images/I/31t5pEdSClL._SL500_.jpg" alt="Product Image"></a><p>Amazon Basics Nail Clippers 2-Pack, Black</p><p>$5.18</p><a href="https://www.amazon.com/dp/B09VPM99J8?tag=eloabder-20&linkCode=osi&th=1&psc=1">View Product</a></div><div class="product"><a href="https://www.amazon.com/dp/B004NZDY42?tag=eloabder-20&linkCode=osi&th=1&psc=1"><img src="https://m.media-amazon.com/images/I/31ehL-AtFBL._SL500_.jpg" alt="Product Image"></a><p>Revlon Mini Nail Clipper, Nail Care Tools, Curved Blade for Trimming & Grooming, Easy to Use (Pack of 1)</p><p>$2.98</p><a href="https://www.amazon.com/dp/B004NZDY42?tag=eloabder-20&linkCode=osi&th=1&psc=1">View Product</a></div>

<div class="product"><a href="https://www.amazon.com/dp/B0037O2J7I?tag=eloabder-20&linkCode=osi&th=1&psc=1"><img src="https://m.media-amazon.com/images/I/31fwHgXkJ7L._SL500_.jpg" alt="Product Image"></a><p>4 Way Shiny Block / 4 Step Buffing Block Shine Nail Buffer</p><p>$3.99 ($3.99 / Count)</p><a href="https://www.amazon.com/dp/B0037O2J7I?tag=eloabder-20&linkCode=osi&th=1&psc=1">View Product</a></div>

<div class="product"><a href="https://www.amazon.com/dp/B0BRRLF5N6?tag=eloabder-20&linkCode=osi&th=1&psc=1"><img src="https://m.media-amazon.com/images/I/51YW58bcDsL._SL500_.jpg" alt="Product Image"></a><p>Foot Soak Set Pedicure Kit Foot Spa Callus Remover for Feet Cuticle Remover Foot File for Dead Skin Pink Salt Urea Cream for Feet Aloe Lavender Pedicure Supplies Dry Cracked Feet for Women Men</p><p>$15.99</p><a href="https://www.amazon.com/dp/B0BRRLF5N6?tag=eloabder-20&linkCode=osi&th=1&psc=1">View Product</a></div><div class="product"><a href="https://www.amazon.com/dp/B09JWMBYJN?tag=eloabder-20&linkCode=osi&th=1&psc=1"><img src="https://m.media-amazon.com/images/I/51FgTeeSJKL._SL500_.jpg" alt="Product Image"></a><p>nbc BeautiLab Pedicure Kit Foot Soak Set: Bubble Salt, Sugar Scrub, Massage Mask, Massage Lotion in a Box, 4 Step Foot Spa Kit for Dry Feet, Softens Calluses, Tired Feet（3 Set Lavender)</p><p>$16.99 ($1.42 / Ounce)</p><a href="https://www.amazon.com/dp/B09JWMBYJN?tag=eloabder-20&linkCode=osi&th=1&psc=1">View Product</a></div>
<div class="product"><a href="https://www.amazon.com/dp/B07BHCB9Y2?tag=eloabder-20&linkCode=osi&th=1&psc=1"><img src="https://m.media-amazon.com/images/I/51V47D7WZ1L._SL500_.jpg" alt="Product Image"></a><p>PURA D'OR Anti-Thinning Biotin Shampoo & Deep Moisturizing Conditioner Original Gold Label Set (16Oz x2) Natural Earthy Scent, Clinically Tested Proven Results, DHT Blocker Thickening, For Women & Men</p><p>$39.99 ($1.25 / Fl Oz)</p><a href="https://www.amazon.com/dp/B07BHCB9Y2?tag=eloabder-20&linkCode=osi&th=1&psc=1">View Product</a></div><div class="product"><a href="https://www.amazon.com/dp/B07N7MWX72?tag=eloabder-20&linkCode=osi&th=1&psc=1"><img src="https://m.media-amazon.com/images/I/414aNTDFuRL._SL500_.jpg" alt="Product Image"></a><p>Mielle Organics Rosemary Mint Strengthening Shampoo Infused with Biotin, Cleanses and Helps Strengthen Weak and Brittle Hair, 12 Ounces</p><p>$9.97 ($0.83 / Fl Oz)</p><a href="https://www.amazon.com/dp/B07N7MWX72?tag=eloabder-20&linkCode=osi&th=1&psc=1">View Product</a></div><div class="product"><a href="https://www.amazon.com/dp/B08SSM21R4?tag=eloabder-20&linkCode=osi&th=1&psc=1"><img src="https://m.media-amazon.com/images/I/31WbRm+ZKEL._SL500_.jpg" alt="Product Image"></a><p>Redken All Soft Shampoo | Deeply Moisturizes and Hydrates | Softens, Smooths, and Adds Shine | Safe for Color-Treated Hair | Nourishing Shampoo for Dry Hair | With Argan Oil</p><p>$26.00 ($2.57 / Fl Oz)</p><a href="https://www.amazon.com/dp/B08SSM21R4?tag=eloabder-20&linkCode=osi&th=1&psc=1">View Product</a></div><div class="product"><a href="https://www.amazon.com/dp/B00ADRH2OM?tag=eloabder-20&linkCode=osi&th=1&psc=1"><img src="https://m.media-amazon.com/images/I/413WPcPNDbL._SL500_.jpg" alt="Product Image"></a><p>OGX Thick & Full + Biotin & Collagen Volumizing Shampoo, Nutrient-Infused Hair Shampoo with Vitamin B7 Biotin Gives Hair Volume & Body for 72+ Hours, Sulfate-Free Surfactants, 13 fl. oz</p><p>$6.97 ($0.54 / Fl Oz)</p><a href="https://www.amazon.com/dp/B00ADRH2OM?tag=eloabder-20&linkCode=osi&th=1&psc=1">View Product</a></div><div class="product"><a href="https://www.amazon.com/dp/B01ENCBOA0?tag=eloabder-20&linkCode=osi&th=1&psc=1"><img src="https://m.media-amazon.com/images/I/41wcbs9bSAL._SL500_.jpg" alt="Product Image"></a><p>Rosemary and Biotin Shampoo for Thinning Hair - Vegan Volumizing Shampoo for Fine Hair with Argan and Tea Tree Oil - Paraben Silicone and Sulfate Free Shampoo for Dry Damaged Weak and Thin Hair Care</p><p>$12.95 ($1.62 / Fl Oz)</p><a href="https://www.amazon.com/dp/B01ENCBOA0?tag=eloabder-20&linkCode=osi&th=1&psc=1">View Product</a></div><div class="product"><a href="https://www.amazon.com/dp/B00FH692PQ?tag=eloabder-20&linkCode=osi&th=1&psc=1"><img src="https://m.media-amazon.com/images/I/41Sqc25WpzL._SL500_.jpg" alt="Product Image"></a><p>PURA D'OR Original Gold Label Anti-Thinning Biotin Shampoo Natural Earthy Scent, Clinically Tested Proven Results, Herbal DHT Blocker Hair Thickening Products For Women & Men, Color Treated Hair, 16oz</p><p>$29.99 ($1.87 / Fl Oz)</p><a href="https://www.amazon.com/dp/B00FH692PQ?tag=eloabder-20&linkCode=osi&th=1&psc=1">View Product</a></div><div class="product"><a href="https://www.amazon.com/dp/B07D37PQGL?tag=eloabder-20&linkCode=osi&th=1&psc=1"><img src="https://m.media-amazon.com/images/I/31+tZhs5TNL._SL500_.jpg" alt="Product Image"></a><p>Olaplex No. 4 Bond Maintenance Shampoo, Repairs, Strengthens, & Nourishes All Hair Types, Adds Shine & Leaves Hair Feeling Soft, 8.5 fl oz</p><p>$30.00 ($3.53 / Fl Oz)</p><a href="https://www.amazon.com/dp/B07D37PQGL?tag=eloabder-20&linkCode=osi&th=1&psc=1">View Product</a></div><div class="product"><a href="https://www.amazon.com/dp/B07525QJC8?tag=eloabder-20&linkCode=osi&th=1&psc=1"><img src="https://m.media-amazon.com/images/I/31Zl6Upjq4S._SL500_.jpg" alt="Product Image"></a><p>L'Oreal Paris Elvive Total Repair 5 Repairing Shampoo for Damaged Hair Shampoo with Protein and Ceramide for Strong Silky Shiny Healthy Renewed Hair 28 Fl Oz</p><p>$7.68 ($0.27 / Fl Oz)</p><a href="https://www.amazon.com/dp/B07525QJC8?tag=eloabder-20&linkCode=osi&th=1&psc=1">View Product</a></div><div class="product"><a href="https://www.amazon.com/dp/B0098QPV3I?tag=eloabder-20&linkCode=osi&th=1&psc=1"><img src="https://m.media-amazon.com/images/I/31OzU+ogltL._SL500_.jpg" alt="Product Image"></a><p>Moroccanoil Hydrating Shampoo, 8.5 Fl. Oz.</p><p>$26.00 ($3.06 / Fl Oz)</p><a href="https://www.amazon.com/dp/B0098QPV3I?tag=eloabder-20&linkCode=osi&th=1&psc=1">View Product</a></div><div class="product"><a href="https://www.amazon.com/dp/B07HMK15G9?tag=eloabder-20&linkCode=osi&th=1&psc=1"><img src="https://m.media-amazon.com/images/I/31Tdk9qdj7L._SL500_.jpg" alt="Product Image"></a><p>Aveeno Fresh Greens Blend Natural Volumizing Shampoo, Cucumber, Rosemary, for Fine Hair, 12 fl oz</p><p>$8.12 ($0.68 / Ounce)</p><a href="https://www.amazon.com/dp/B07HMK15G9?tag=eloabder-20&linkCode=osi&th=1&psc=1">View Product</a></div>
<div class="product"><a href="https://www.amazon.com/dp/B0752CBW5T?tag=eloabder-20&linkCode=osi&th=1&psc=1"><img src="https://m.media-amazon.com/images/I/31-KMa7LAlS._SL500_.jpg" alt="Product Image"></a><p>L'Oreal Paris Elvive Total Repair 5 Repairing Conditioner for Damaged Hair Conditioner with Protein and Ceramide for Strong Silky Shiny Healthy Renewed Hair 28 Fl Oz</p><p>$8.49 ($0.30 / Fl Oz)</p><a href="https://www.amazon.com/dp/B0752CBW5T?tag=eloabder-20&linkCode=osi&th=1&psc=1">View Product</a></div><div class="product"><a href="https://www.amazon.com/dp/B07CLD17F5?tag=eloabder-20&linkCode=osi&th=1&psc=1"><img src="https://m.media-amazon.com/images/I/61hTHQjDOkL._SL500_.jpg" alt="Product Image"></a><p>Dove Ultra Care Conditioner Coconut & Hydration for Dry Hair Conditioner with Coconut Oil, Jojoba Oil & Sweet Almond Oil 25.4 oz</p><p>$7.49 ($0.29 / Fl Oz)</p><a href="https://www.amazon.com/dp/B07CLD17F5?tag=eloabder-20&linkCode=osi&th=1&psc=1">View Product</a></div><div class="product"><a href="https://www.amazon.com/dp/B0098QQ88U?tag=eloabder-20&linkCode=osi&th=1&psc=1"><img src="https://m.media-amazon.com/images/I/31kA4N9VngL._SL500_.jpg" alt="Product Image"></a><p>Moroccanoil Hydrating Conditioner, 8.5 Fl Oz</p><p>$26.00 ($3.10 / Fl Oz)</p><a href="https://www.amazon.com/dp/B0098QQ88U?tag=eloabder-20&linkCode=osi&th=1&psc=1">View Product</a></div><div class="product"><a href="https://www.amazon.com/dp/B07D37SBHF?tag=eloabder-20&linkCode=osi&th=1&psc=1"><img src="https://m.media-amazon.com/images/I/31ivDW-ouZL._SL500_.jpg" alt="Product Image"></a><p>Olaplex No. 5 Bond Maintenance Conditioner, Repairs, Strengthens, & Nourishes All Hair Types, Leaving Hair Feeling Soft & Adds Shine, 8.5 fl oz"</p><p>$30.00 ($3.53 / Fl Oz)</p><a href="https://www.amazon.com/dp/B07D37SBHF?tag=eloabder-20&linkCode=osi&th=1&psc=1">View Product</a></div><div class="product"><a href="https://www.amazon.com/dp/B07NR2B9HS?tag=eloabder-20&linkCode=osi&th=1&psc=1"><img src="https://m.media-amazon.com/images/I/51pWHfe9iNL._SL500_.jpg" alt="Product Image"></a><p>Aussie 3 Minute Miracle Moist Deep Conditioner for Dry Hair, Avocado & Jojoba Oil, Safe for Color Treated Hair, Nourishing Hydration, Silky Shine, Paraben-Free, 16 Fl Oz Each, Triple Pack</p><p>$20.97 ($0.44 / Fl Oz)</p><a href="https://www.amazon.com/dp/B07NR2B9HS?tag=eloabder-20&linkCode=osi&th=1&psc=1">View Product</a></div><div class="product"><a href="https://www.amazon.com/dp/B0891BBRHW?tag=eloabder-20&linkCode=osi&th=1&psc=1"><img src="https://m.media-amazon.com/images/I/31ndDwe7VSL._SL500_.jpg" alt="Product Image"></a><p>Pureology Hydrate Moisturizing Conditioner | Softens and Deeply Hydrates Dry Hair | For Medium to Thick Color Treated or Natural Hair | Sulfate Free Conditioner | Vegan</p><p>$37.00 ($4.11 / Fl Oz)</p><a href="https://www.amazon.com/dp/B0891BBRHW?tag=eloabder-20&linkCode=osi&th=1&psc=1">View Product</a></div><div class="product"><a href="https://www.amazon.com/dp/B00I32AN4K?tag=eloabder-20&linkCode=osi&th=1&psc=1"><img src="https://m.media-amazon.com/images/I/51KpmxinYYL._SL500_.jpg" alt="Product Image"></a><p>Arvazallia Hydrating Argan Oil Hair Mask and Deep Conditioner for Dry or Damaged Hair - 8.45 Oz</p><p>$12.95 ($1.53 / Fl Oz)</p><a href="https://www.amazon.com/dp/B00I32AN4K?tag=eloabder-20&linkCode=osi&th=1&psc=1">View Product</a></div><div class="product"><a href="https://www.amazon.com/dp/B092PVHFL3?tag=eloabder-20&linkCode=osi&th=1&psc=1"><img src="https://m.media-amazon.com/images/I/31v45qQhKOL._SL500_.jpg" alt="Product Image"></a><p>MONDAY HAIRCARE Moisture Conditioner 12oz for Dry, Coarse, Stressed, Coily and Curly Hair, Made from Coconut Oil, Rice Protein, Shea Butter, & Vitamin E, 100% Recyclable Bottles (350ml) (10434)</p><p>$6.97 ($0.58 / Fl Oz)</p><a href="https://www.amazon.com/dp/B092PVHFL3?tag=eloabder-20&linkCode=osi&th=1&psc=1">View Product</a></div><div class="product"><a href="https://www.amazon.com/dp/B00OVQO66S?tag=eloabder-20&linkCode=osi&th=1&psc=1"><img src="https://m.media-amazon.com/images/I/61S7x6GUaFL._SL500_.jpg" alt="Product Image"></a><p>SheaMoisture Conditioner Intensive Hydration for Dry, Damaged Hair Manuka Honey and Mafura Oil to Nourish and Soften Hair 13 oz</p><p>$9.68 ($0.74 / Fl Oz)</p><a href="https://www.amazon.com/dp/B00OVQO66S?tag=eloabder-20&linkCode=osi&th=1&psc=1">View Product</a></div><div class="product"><a href="https://www.amazon.com/dp/B08BTKN3P9?tag=eloabder-20&linkCode=osi&th=1&psc=1"><img src="https://m.media-amazon.com/images/I/41sjzOJHhiL._SL500_.jpg" alt="Product Image"></a><p>TRESemmé Conditioner Moisture Rich 3 Count for Dry Hair Professional Quality Salon-Healthy Look and Shine Moisture Rich Formulated with Vitamin E and Biotin 28 oz</p><p>$16.80 ($0.20 / Fl Oz)</p><a href="https://www.amazon.com/dp/B08BTKN3P9?tag=eloabder-20&linkCode=osi&th=1&psc=1">View Product</a></div>
<div class="product"><a href="https://www.amazon.com/dp/B01I2ZQJSG?tag=eloabder-20&linkCode=osi&th=1&psc=1"><img src="https://m.media-amazon.com/images/I/41ctrFUeQAL._SL500_.jpg" alt="Product Image"></a><p>Elizavecca cer-100 collagen coating hair protein treatment 100ml</p><p>$7.40 ($2.19 / Fl Oz)</p><a href="https://www.amazon.com/dp/B01I2ZQJSG?tag=eloabder-20&linkCode=osi&th=1&psc=1">View Product</a></div><div class="product"><a href="https://www.amazon.com/dp/B07H3GBSC3?tag=eloabder-20&linkCode=osi&th=1&psc=1"><img src="https://m.media-amazon.com/images/I/41I862UzKRL._SL500_.jpg" alt="Product Image"></a><p>amika soulfood nourishing Mask, 8 Fl oz</p><p>$34.00 ($4.25 / Fl Oz)</p><a href="https://www.amazon.com/dp/B07H3GBSC3?tag=eloabder-20&linkCode=osi&th=1&psc=1">View Product</a></div><div class="product"><a href="https://www.amazon.com/dp/B075L6BL61?tag=eloabder-20&linkCode=osi&th=1&psc=1"><img src="https://m.media-amazon.com/images/I/41zCFV7oGTL._SL500_.jpg" alt="Product Image"></a><p>Karseell Collagen Hair Treatment Deep Repair Conditioning Argan Oil Collagen Hair Mask Essence for Dry Damaged Hair All Hair Types 16.90 oz 500ml</p><p>$23.00 ($1.36 / Fl Oz)</p><a href="https://www.amazon.com/dp/B075L6BL61?tag=eloabder-20&linkCode=osi&th=1&psc=1">View Product</a></div><div class="product"><a href="https://www.amazon.com/dp/B07N7NBYSP?tag=eloabder-20&linkCode=osi&th=1&psc=1"><img src="https://m.media-amazon.com/images/I/515lD0OXQ+L._SL500_.jpg" alt="Product Image"></a><p>Mielle Organics Rosemary Mint Strengthening Hair Masque, Essential Oil & Biotin Deep Treatment, Miracle Repair for Dry, Damaged, & Frizzy Hair, 12 Ounces</p><p>$9.97 ($0.83 / Ounce)</p><a href="https://www.amazon.com/dp/B07N7NBYSP?tag=eloabder-20&linkCode=osi&th=1&psc=1">View Product</a></div><div class="product"><a href="https://www.amazon.com/dp/B0BQ54DQNM?tag=eloabder-20&linkCode=osi&th=1&psc=1"><img src="https://m.media-amazon.com/images/I/41uhtWPJeuL._SL500_.jpg" alt="Product Image"></a><p>Eva NYC Therapy Session Hair Mask, Deep Conditioning Hair Mask Infused with Argan Oil and Plant Protein, 16.9 fl oz</p><p>$19.00 ($1.12 / Fl Oz)</p><a href="https://www.amazon.com/dp/B0BQ54DQNM?tag=eloabder-20&linkCode=osi&th=1&psc=1">View Product</a></div><div class="product"><a href="https://www.amazon.com/dp/B09HR5KSR8?tag=eloabder-20&linkCode=osi&th=1&psc=1"><img src="https://m.media-amazon.com/images/I/51aIw6AhsXL._SL500_.jpg" alt="Product Image"></a><p>K18 Mini Leave-In Molecular Hair Mask, Repairs Dry or Damaged Hair, Reverse Hair Damage from Bleach, Color, Chemical Services & Heat, 0.51 Fl Oz</p><p>$29.00 ($56.86 / Fl Oz)</p><a href="https://www.amazon.com/dp/B09HR5KSR8?tag=eloabder-20&linkCode=osi&th=1&psc=1">View Product</a></div><div class="product"><a href="https://www.amazon.com/dp/B07M7PP9KX?tag=eloabder-20&linkCode=osi&th=1&psc=1"><img src="https://m.media-amazon.com/images/I/41Mpv3wIxEL._SL500_.jpg" alt="Product Image"></a><p>Marc Anthony Grow Long Hair Anti-Breakage Mask, 10.4 OZ</p><p>$8.99 ($0.90 / Fl Oz)</p><a href="https://www.amazon.com/dp/B07M7PP9KX?tag=eloabder-20&linkCode=osi&th=1&psc=1">View Product</a></div>
<div class="product"><a href="https://www.amazon.com/dp/B00BC3YL2W?tag=eloabder-20&linkCode=osi&th=1&psc=1"><img src="https://m.media-amazon.com/images/I/31OKo9u6V4L._SL500_.jpg" alt="Product Image"></a><p>HerStyler Hair Repair Serum - Argan Oil, Vitamin E and Aloe Vera Hair Serum for Frizz Control, Shine and Straightening - Coz Love is in the Hair - 2 Fl. Oz., 60 Ml</p><p>$9.99 ($5.00 / Fl Oz)</p><a href="https://www.amazon.com/dp/B00BC3YL2W?tag=eloabder-20&linkCode=osi&th=1&psc=1">View Product</a></div><div class="product"><a href="https://www.amazon.com/dp/B08N9L6C93?tag=eloabder-20&linkCode=osi&th=1&psc=1"><img src="https://m.media-amazon.com/images/I/3184fIylDmL._SL500_.jpg" alt="Product Image"></a><p>Paul Mitchell Super Skinny Serum, Speeds Up Drying Time, Humidity Resistant, For Frizzy Hair, 5.1 fl. oz.</p><p>$28.50 ($5.59 / Fl Oz)</p><a href="https://www.amazon.com/dp/B08N9L6C93?tag=eloabder-20&linkCode=osi&th=1&psc=1">View Product</a></div><div class="product"><a href="https://www.amazon.com/dp/B081JHTPKP?tag=eloabder-20&linkCode=osi&th=1&psc=1"><img src="https://m.media-amazon.com/images/I/31+F0Qz4RUL._SL500_.jpg" alt="Product Image"></a><p>Mise En Scene Perfect Serum Original - Hair Oil for Frizzy & Dry Hair, Hydration and Nutrition Hair Essence for Damage Care, Floral Fragrance, Korean Hair Care Product, Korean Hair Serum 2.71 Fl. Oz.</p><p>$11.20 ($4.15 / Fl Oz)</p><a href="https://www.amazon.com/dp/B081JHTPKP?tag=eloabder-20&linkCode=osi&th=1&psc=1">View Product</a></div><div class="product"><a href="https://www.amazon.com/dp/B09WMT8HYB?tag=eloabder-20&linkCode=osi&th=1&psc=1"><img src="https://m.media-amazon.com/images/I/31poyY3nFGL._SL500_.jpg" alt="Product Image"></a><p>Hair Growth Serum for Men and Women- Vegan Hair Growth Serum Designed for Thinning Hair & Hair Loss- 1 Month-60ml</p><p>$23.40 ($11.70 / Fl Oz)</p><a href="https://www.amazon.com/dp/B09WMT8HYB?tag=eloabder-20&linkCode=osi&th=1&psc=1">View Product</a></div><div class="product"><a href="https://www.amazon.com/dp/B0CJ7ZVDZR?tag=eloabder-20&linkCode=osi&th=1&psc=1"><img src="https://m.media-amazon.com/images/I/51bMtBk0LHL._SL500_.jpg" alt="Product Image"></a><p>MAREE Hair Styling Serum for Frizzy & Dry Hair - Keratin Styling & Moisturizing Oil Capsules with Avocado, Jojoba & Argan Oil - Leave-in Anti Frizz Conditioner with Vitamins A, C, E & B5-30 Capsules</p><p>$17.95 ($5.61 / Fl Oz)</p><a href="https://www.amazon.com/dp/B0CJ7ZVDZR?tag=eloabder-20&linkCode=osi&th=1&psc=1">View Product</a></div><div class="product"><a href="https://www.amazon.com/dp/B07GSZYLGJ?tag=eloabder-20&linkCode=osi&th=1&psc=1"><img src="https://m.media-amazon.com/images/I/41e6dzzvKtL._SL500_.jpg" alt="Product Image"></a><p>HUSSELL Bali Secret Hair Treatment Serum - no Rinse with Argan Macadamia & Avocado Oils - Vitamins A, E, Pro B5 - Conditioner for Women & Men</p><p>$24.75 ($0.62 / Fl Oz)</p><a href="https://www.amazon.com/dp/B07GSZYLGJ?tag=eloabder-20&linkCode=osi&th=1&psc=1">View Product</a></div><div class="product"><a href="https://www.amazon.com/dp/B000P9DS4Q?tag=eloabder-20&linkCode=osi&th=1&psc=1"><img src="https://m.media-amazon.com/images/I/31m7be8mSHL._SL500_.jpg" alt="Product Image"></a><p>John Frieda Anti Frizz, Frizz Ease Extra Strength Hair Serum with Argan Oil, Anti-Humidity Spray for Hair, Nourishing Treatment for Thick, Coarse Hair, 1.69 Oz</p><p>$10.05 ($5.95 / Fl Oz)</p><a href="https://www.amazon.com/dp/B000P9DS4Q?tag=eloabder-20&linkCode=osi&th=1&psc=1">View Product</a></div><div class="product"><a href="https://www.amazon.com/dp/B01456DJ66?tag=eloabder-20&linkCode=osi&th=1&psc=1"><img src="https://m.media-amazon.com/images/I/41hciQXaA0L._SL500_.jpg" alt="Product Image"></a><p>Vitamins Keratin Protein Hair Serum - Anti Frizz Control Hair Oil Repair Treatment - Hair Gloss Shine & Heat Protectant for Frizzy Dry Damaged Hair</p><p>$21.98 ($5.17 / Fl Oz)</p><a href="https://www.amazon.com/dp/B01456DJ66?tag=eloabder-20&linkCode=osi&th=1&psc=1">View Product</a></div>
<div class="product"><a href="https://www.amazon.com/dp/B07VR1NDSQ?tag=eloabder-20&linkCode=osi&th=1&psc=1"><img src="https://m.media-amazon.com/images/I/41z5MLqbvaL._SL500_.jpg" alt="Product Image"></a><p>Olaplex No. 7 Bonding Oil, Concentrated High Shine Oil, Heat Protectant, Visibly Smooths & Softens Hair, Added Color Vibrancy, Up to 72 Hour Frizz Control, For All Hair Types, 1 fl oz</p><p>$30.00 ($29.70 / Fl Oz)</p><a href="https://www.amazon.com/dp/B07VR1NDSQ?tag=eloabder-20&linkCode=osi&th=1&psc=1">View Product</a></div><div class="product"><a href="https://www.amazon.com/dp/B07N7PK9QK?tag=eloabder-20&linkCode=osi&th=1&psc=1"><img src="https://m.media-amazon.com/images/I/416K3ahcJsL._SL500_.jpg" alt="Product Image"></a><p>Mielle Organics Rosemary Mint Scalp & Hair Strengthening Oil for All Hair Types, 2 Ounce</p><p>$9.50 ($4.75 / Fl Oz)</p><a href="https://www.amazon.com/dp/B07N7PK9QK?tag=eloabder-20&linkCode=osi&th=1&psc=1">View Product</a></div><div class="product"><a href="https://www.amazon.com/dp/B0048EZNR4?tag=eloabder-20&linkCode=osi&th=1&psc=1"><img src="https://m.media-amazon.com/images/I/41TwEUHYLCL._SL500_.jpg" alt="Product Image"></a><p>OGX Renewing + Argan Oil of Morocco Penetrating Hair Oil Treatment, Moisturizing & Strengthening Silky Oil for All Hair Types, Paraben-Free, Sulfated-Surfactants Free, 3.3 fl oz</p><p>$7.97 ($2.42 / Fl Oz)</p><a href="https://www.amazon.com/dp/B0048EZNR4?tag=eloabder-20&linkCode=osi&th=1&psc=1">View Product</a></div><div class="product"><a href="https://www.amazon.com/dp/B01MFXDAL8?tag=eloabder-20&linkCode=osi&th=1&psc=1"><img src="https://m.media-amazon.com/images/I/314VC8Iug2L._SL500_.jpg" alt="Product Image"></a><p>OUAI Hair Oil - Hair Heat Protectant Oil for Frizz Control - Adds Hair Shine and Smooths Split Ends - Color Safe Formula - Paraben, Phthalate and Sulfate Free (1.5 oz)</p><p>$30.00 ($20.00 / Fl Oz)</p><a href="https://www.amazon.com/dp/B01MFXDAL8?tag=eloabder-20&linkCode=osi&th=1&psc=1">View Product</a></div><div class="product"><a href="https://www.amazon.com/dp/B005DYJZ7M?tag=eloabder-20&linkCode=osi&th=1&psc=1"><img src="https://m.media-amazon.com/images/I/51NE8LO8FaL._SL500_.jpg" alt="Product Image"></a><p>OGX Extra Strength Argan Oil Hair Treatment, 3.3 fl oz - Deep Moisturizing Serum for Dry, Damaged & Coarse Hair, Paraben & Sulfate-Free</p><p>$7.97 ($2.42 / Fl Oz)</p><a href="https://www.amazon.com/dp/B005DYJZ7M?tag=eloabder-20&linkCode=osi&th=1&psc=1">View Product</a></div><div class="product"><a href="https://www.amazon.com/dp/B000V8MTIC?tag=eloabder-20&linkCode=osi&th=1&psc=1"><img src="https://m.media-amazon.com/images/I/41Y-cvRBYHL._SL500_.jpg" alt="Product Image"></a><p>Wild Growth Hair Oil 4 Oz</p><p>$9.44 ($2.36 / Fl Oz)</p><a href="https://www.amazon.com/dp/B000V8MTIC?tag=eloabder-20&linkCode=osi&th=1&psc=1">View Product</a></div><div class="product"><a href="https://www.amazon.com/dp/B0CNFF26B4?tag=eloabder-20&linkCode=osi&th=1&psc=1"><img src="https://m.media-amazon.com/images/I/61IXl4BycFL._SL500_.jpg" alt="Product Image"></a><p>Nexxus Ultra Lightweight Hair Oil Repair & Nourish for Intense Nourishment with StyleProtect Technology & Rose of Jericho Oil 4 oz</p><p>$13.18 ($3.99 / Fl Oz)</p><a href="https://www.amazon.com/dp/B0CNFF26B4?tag=eloabder-20&linkCode=osi&th=1&psc=1">View Product</a></div><div class="product"><a href="https://www.amazon.com/dp/B0D2RSCZBD?tag=eloabder-20&linkCode=osi&th=1&psc=1"><img src="https://m.media-amazon.com/images/I/41YHvQncEYL._SL500_.jpg" alt="Product Image"></a><p>Botanic Hearth 100% Pure Rosemary Oil For Hair Growth Infused With Biotin | Hair strengthening Treatment | Nourishing & Volumizing | With Jojoba Oil & Castor Oil | Non GMO Verified | 2 fl oz</p><p>$8.49 ($4.24 / Fl Oz)</p><a href="https://www.amazon.com/dp/B0D2RSCZBD?tag=eloabder-20&linkCode=osi&th=1&psc=1">View Product</a></div>
<div class="product"><a href="https://www.amazon.com/dp/B076FHJ3K5?tag=eloabder-20&linkCode=osi&th=1&psc=1"><img src="https://m.media-amazon.com/images/I/31QAqxeYpoL._SL500_.jpg" alt="Product Image"></a><p>Marc Anthony Leave-In Conditioner Spray & Detangler, Grow Long Biotin - Anti-Frizz Deep Conditioner For Split Ends & Breakage - Vitamin E, Caffeine & Ginseng for Curly, Dry & Damaged Hair</p><p>$7.67 ($0.91 / Fl Oz)</p><a href="https://www.amazon.com/dp/B076FHJ3K5?tag=eloabder-20&linkCode=osi&th=1&psc=1">View Product</a></div><div class="product"><a href="https://www.amazon.com/dp/B078PJCVSQ?tag=eloabder-20&linkCode=osi&th=1&psc=1"><img src="https://m.media-amazon.com/images/I/41emTjMLCbL._SL500_.jpg" alt="Product Image"></a><p>Garnier Fructis Sleek & Shine Leave-In Conditioning Cream for Frizzy, Dry Hair, Plant Keratin + Argan Oil, 10.2 Fl Oz, 2 Count (Packaging May Vary)</p><p>$8.69 ($4.34 / Count)</p><a href="https://www.amazon.com/dp/B078PJCVSQ?tag=eloabder-20&linkCode=osi&th=1&psc=1">View Product</a></div><div class="product"><a href="https://www.amazon.com/dp/B075PTHVKN?tag=eloabder-20&linkCode=osi&th=1&psc=1"><img src="https://m.media-amazon.com/images/I/41er29CRVVL._SL500_.jpg" alt="Product Image"></a><p>Mielle Organics Pomegranate & Honey Leave-In Conditioner, Moisturizing Curl Primer and Detangler, Repair Damage and Prevent Frizz, Treatment For Thick Curly Hair Type 4 Hair, 12-Fluid Ounces</p><p>$12.95 ($1.08 / Fl Oz)</p><a href="https://www.amazon.com/dp/B075PTHVKN?tag=eloabder-20&linkCode=osi&th=1&psc=1">View Product</a></div><div class="product"><a href="https://www.amazon.com/dp/B0BPR45NX4?tag=eloabder-20&linkCode=osi&th=1&psc=1"><img src="https://m.media-amazon.com/images/I/41ZvxMh2+ML._SL500_.jpg" alt="Product Image"></a><p>Mielle Organics Rosemary Mint Strengthening Leave-In Conditioner, Supports Hair Strength, Smooth Conditioner for Dry and Crinkled Hair, Weightless Hair Treatment</p><p>$9.97 ($0.83 / Fl Oz)</p><a href="https://www.amazon.com/dp/B0BPR45NX4?tag=eloabder-20&linkCode=osi&th=1&psc=1">View Product</a></div><div class="product"><a href="https://www.amazon.com/dp/B0899C98ZD?tag=eloabder-20&linkCode=osi&th=1&psc=1"><img src="https://m.media-amazon.com/images/I/3140FuOEnHL._SL500_.jpg" alt="Product Image"></a><p>Pureology Color Fanatic Leave-in Conditioner Hair Treatment Detangler Spray | Protects Hair Color From Fading | Heat Protectant | Vegan | 6.7 Fl Oz</p><p>$35.00 ($5.22 / Fl Oz)</p><a href="https://www.amazon.com/dp/B0899C98ZD?tag=eloabder-20&linkCode=osi&th=1&psc=1">View Product</a></div><div class="product"><a href="https://www.amazon.com/dp/B002FJ11UW?tag=eloabder-20&linkCode=osi&th=1&psc=1"><img src="https://m.media-amazon.com/images/I/31-cZPtTWFL._SL500_.jpg" alt="Product Image"></a><p>Tea Tree Hair and Body Moisturizer Leave-In Conditioner, Body Lotion, After-Shave Cream, For All Hair + Skin Types, 10.14 fl. oz.</p><p>$22.00 ($2.17 / Fl Oz)</p><a href="https://www.amazon.com/dp/B002FJ11UW?tag=eloabder-20&linkCode=osi&th=1&psc=1">View Product</a></div><div class="product"><a href="https://www.amazon.com/dp/B07B895KND?tag=eloabder-20&linkCode=osi&th=1&psc=1"><img src="https://m.media-amazon.com/images/I/21VKaJcT2wL._SL500_.jpg" alt="Product Image"></a><p>OUAI Leave In Conditioner & Heat Protectant Spray - Prime Hair for Style, Smooth Flyaways, Add Shine and Use as Detangling Spray - No Parabens, Sulfates or Phthalates (4.7 oz)</p><p>$29.99 ($6.38 / Ounce)</p><a href="https://www.amazon.com/dp/B07B895KND?tag=eloabder-20&linkCode=osi&th=1&psc=1">View Product</a></div><div class="product"><a href="https://www.amazon.com/dp/B09HN5ZF8C?tag=eloabder-20&linkCode=osi&th=1&psc=1"><img src="https://m.media-amazon.com/images/I/31p+j7QXuqL._SL500_.jpg" alt="Product Image"></a><p>L’Oréal Paris Sulfate Free Moisture 21-in-1 Leave-In Conditioner for Dry Hair, EverPure, 6.8 fl oz (Packaging May Vary)</p><p>$9.97 ($1.47 / Fl Oz)</p><a href="https://www.amazon.com/dp/B09HN5ZF8C?tag=eloabder-20&linkCode=osi&th=1&psc=1">View Product</a></div><div class="product"><a href="https://www.amazon.com/dp/B07NQLWYXW?tag=eloabder-20&linkCode=osi&th=1&psc=1"><img src="https://m.media-amazon.com/images/I/61gQFsuQ1DL._SL500_.jpg" alt="Product Image"></a><p>SheaMoisture Jamaican Black Castor Oil Leave In Conditioner For Damaged Hair 100% Pure Jamaican Black Castor Oil To Soften And Detangle Hair 11.5oz</p><p>$10.97 ($0.95 / Ounce)</p><a href="https://www.amazon.com/dp/B07NQLWYXW?tag=eloabder-20&linkCode=osi&th=1&psc=1">View Product</a></div><div class="product"><a href="https://www.amazon.com/dp/B01LTIAUAG?tag=eloabder-20&linkCode=osi&th=1&psc=1"><img src="https://m.media-amazon.com/images/I/414cIBskUjL._SL500_.jpg" alt="Product Image"></a><p>Cantu Leave-In Conditioning Repair Cream with Argan Oil, 16 oz (Packaging May Vary)</p><p>$6.48 ($0.40 / Ounce)</p><a href="https://www.amazon.com/dp/B01LTIAUAG?tag=eloabder-20&linkCode=osi&th=1&psc=1">View Product</a></div>
<div class="product"><a href="https://www.amazon.com/dp/B00ID1A5TO?tag=eloabder-20&linkCode=osi&th=1&psc=1"><img src="https://m.media-amazon.com/images/I/31QKv7QMILL._SL500_.jpg" alt="Product Image"></a><p>L'Oréal Paris Advanced Hairstyle Sleek It Iron Straight Heat Spray, 5.7 Ounce</p><p>$6.97 ($1.22 / Fl Oz)</p><a href="https://www.amazon.com/dp/B00ID1A5TO?tag=eloabder-20&linkCode=osi&th=1&psc=1">View Product</a></div><div class="product"><a href="https://www.amazon.com/dp/B075FBD7CM?tag=eloabder-20&linkCode=osi&th=1&psc=1"><img src="https://m.media-amazon.com/images/I/31DT9mg1TBL._SL500_.jpg" alt="Product Image"></a><p>Moroccanoil Perfect Defense Heat Protectant, 6 Fl. Oz.</p><p>$30.00 ($5.00 / Ounce)</p><a href="https://www.amazon.com/dp/B075FBD7CM?tag=eloabder-20&linkCode=osi&th=1&psc=1">View Product</a></div><div class="product"><a href="https://www.amazon.com/dp/B004452DPM?tag=eloabder-20&linkCode=osi&th=1&psc=1"><img src="https://m.media-amazon.com/images/I/31+Syj8lOHL._SL500_.jpg" alt="Product Image"></a><p>CHI 44 Iron Guard Thermal Protection Spray, Nourishing Formula Helps Resist Heat Damage to Hair & Tame Frizz, 2 Oz</p><p>$6.99 ($3.50 / Fl Oz)</p><a href="https://www.amazon.com/dp/B004452DPM?tag=eloabder-20&linkCode=osi&th=1&psc=1">View Product</a></div><div class="product"><a href="https://www.amazon.com/dp/B0752KMDQB?tag=eloabder-20&linkCode=osi&th=1&psc=1"><img src="https://m.media-amazon.com/images/I/31kygOyDdnL._SL500_.jpg" alt="Product Image"></a><p>Mielle Mongongo Oil Thermal & Heat Protectant Spray, Protects Hair from Heat Damage, Intense Heat Defense, Curl Pattern Protection, Safe for All Hair Types, 4 Ounce</p><p>$9.97 ($2.49 / Fl Oz)</p><a href="https://www.amazon.com/dp/B0752KMDQB?tag=eloabder-20&linkCode=osi&th=1&psc=1">View Product</a></div><div class="product"><a href="https://www.amazon.com/dp/B06XFVBVQ5?tag=eloabder-20&linkCode=osi&th=1&psc=1"><img src="https://m.media-amazon.com/images/I/31kIW3-nG0L._SL500_.jpg" alt="Product Image"></a><p>Eva NYC Mane Magic 10-in-1 Primer, Heat Protectant for Hair, Infused with Sunflower Seed and Argan Oil for Hair, Sulfate, Paraben & Phthalate Free, 5.4 fl oz</p><p>$12.57 ($2.33 / Fl Oz)</p><a href="https://www.amazon.com/dp/B06XFVBVQ5?tag=eloabder-20&linkCode=osi&th=1&psc=1">View Product</a></div><div class="product"><a href="https://www.amazon.com/dp/B08HDS8GW1?tag=eloabder-20&linkCode=osi&th=1&psc=1"><img src="https://m.media-amazon.com/images/I/317MYEuzMbS._SL500_.jpg" alt="Product Image"></a><p>L'Oreal Paris Elvive Dream Lengths Heat Slayer Pre-Iron Spray Leave-In, 4.4 Ounce</p><p>$7.97 ($1.81 / Fl Oz)</p><a href="https://www.amazon.com/dp/B08HDS8GW1?tag=eloabder-20&linkCode=osi&th=1&psc=1">View Product</a></div><div class="product"><a href="https://www.amazon.com/dp/B0CX6M8B71?tag=eloabder-20&linkCode=osi&th=1&psc=1"><img src="https://m.media-amazon.com/images/I/21VMI5jkDHL._SL500_.jpg" alt="Product Image"></a><p>Hairitage Heat Protectant Spray - Up to 450 Degree Protection + Hydrates + Strengthens Hair - For All Hair Types</p><p>$8.94 ($1.49 / Fl Oz)</p><a href="https://www.amazon.com/dp/B0CX6M8B71?tag=eloabder-20&linkCode=osi&th=1&psc=1">View Product</a></div><div class="product"><a href="https://www.amazon.com/dp/B07H3GCMFG?tag=eloabder-20&linkCode=osi&th=1&psc=1"><img src="https://m.media-amazon.com/images/I/41OXeqapQaL._SL500_.jpg" alt="Product Image"></a><p>amika blockade heat defense serum , 1.69 Fl Oz (Pack of 1)</p><p>$28.00 ($16.47 / Ounce)</p><a href="https://www.amazon.com/dp/B07H3GCMFG?tag=eloabder-20&linkCode=osi&th=1&psc=1">View Product</a></div><div class="product"><a href="https://www.amazon.com/dp/B07HCMHVCW?tag=eloabder-20&linkCode=osi&th=1&psc=1"><img src="https://m.media-amazon.com/images/I/315xZEjPlJS._SL500_.jpg" alt="Product Image"></a><p>Drybar Hot Toddy Heat Protectant Mist Blanc Scent - Full Size| Lightweight Heat Protectant for Hair protects from Heat & Styling with Curling, Straightening and Styling Irons</p><p>$29.00 ($6.30 / Ounce)</p><a href="https://www.amazon.com/dp/B07HCMHVCW?tag=eloabder-20&linkCode=osi&th=1&psc=1">View Product</a></div><div class="product"><a href="https://www.amazon.com/dp/B0CN9N41R2?tag=eloabder-20&linkCode=osi&th=1&psc=1"><img src="https://m.media-amazon.com/images/I/61Y+AIRsnNL._SL500_.jpg" alt="Product Image"></a><p>Nexxus Heat Defense Spray Prep & Protect for 450 degree heat protection, with StyleProtect Technology 6 oz</p><p>$13.64 ($2.27 / Fl Oz)</p><a href="https://www.amazon.com/dp/B0CN9N41R2?tag=eloabder-20&linkCode=osi&th=1&psc=1">View Product</a></div>
<div class="product"><a href="https://www.amazon.com/dp/B000YACKO0?tag=eloabder-20&linkCode=osi&th=1&psc=1"><img src="https://m.media-amazon.com/images/I/21G1pDllGdL._SL500_.jpg" alt="Product Image"></a><p>Kenra Professional Volume Spray 25 50% | Super Hold Finishing & Styling Hairspray | Flake-free & Fast-drying | Wind & Humidity Resistance | All Hair Types | 10 oz</p><p>$22.00 ($2.20 / Ounce)</p><a href="https://www.amazon.com/dp/B000YACKO0?tag=eloabder-20&linkCode=osi&th=1&psc=1">View Product</a></div><div class="product"><a href="https://www.amazon.com/dp/B0010OKF7S?tag=eloabder-20&linkCode=osi&th=1&psc=1"><img src="https://m.media-amazon.com/images/I/21jbVg5zztL._SL500_.jpg" alt="Product Image"></a><p>Sebastian Professional Shaper 55%, Medium Hold Hairspray, 10.6 oz</p><p>$29.99 ($2.83 / Ounce)</p><a href="https://www.amazon.com/dp/B0010OKF7S?tag=eloabder-20&linkCode=osi&th=1&psc=1">View Product</a></div><div class="product"><a href="https://www.amazon.com/dp/B0CGRY5YJB?tag=eloabder-20&linkCode=osi&th=1&psc=1"><img src="https://m.media-amazon.com/images/I/61q0MszNOVL._SL500_.jpg" alt="Product Image"></a><p>TRESemmé Anti-Frizz Finishing Spray Keratin Smooth for a Flexible Hold, Weightless, 7 oz</p><p>$6.98 ($1.00 / Fl Oz)</p><a href="https://www.amazon.com/dp/B0CGRY5YJB?tag=eloabder-20&linkCode=osi&th=1&psc=1">View Product</a></div><div class="product"><a href="https://www.amazon.com/dp/B0872ZWJH2?tag=eloabder-20&linkCode=osi&th=1&psc=1"><img src="https://m.media-amazon.com/images/I/31O-aS4LJ+L._SL500_.jpg" alt="Product Image"></a><p>SexyHair Big Spray & Play Volumizing Hairspray, 10 Oz | Hold and Shine | Up to 72 Hour Humidity Resistance | All Hair Types</p><p>$21.94 ($2.19 / Ounce)</p><a href="https://www.amazon.com/dp/B0872ZWJH2?tag=eloabder-20&linkCode=osi&th=1&psc=1">View Product</a></div><div class="product"><a href="https://www.amazon.com/dp/B000GFWIOU?tag=eloabder-20&linkCode=osi&th=1&psc=1"><img src="https://m.media-amazon.com/images/I/31X7tgfzxQL._SL500_.jpg" alt="Product Image"></a><p>Nexxus Flexible Hold Hairspray Comb Thru for a Lightweight, Brushable Hold, with StyleProtect Technology 10 oz</p><p>$15.98 ($1.60 / Ounce)</p><a href="https://www.amazon.com/dp/B000GFWIOU?tag=eloabder-20&linkCode=osi&th=1&psc=1">View Product</a></div><div class="product"><a href="https://www.amazon.com/dp/B002RS6JSA?tag=eloabder-20&linkCode=osi&th=1&psc=1"><img src="https://m.media-amazon.com/images/I/31+Y7rEXSrL._SL500_.jpg" alt="Product Image"></a><p>CHI 44 Iron Guard Thermal Protection Spray, Nourishing Formula Helps Resist Heat Damage to Hair & Tame Frizz, Clear, 8 Oz</p><p>$13.99 ($1.75 / Fl Oz)</p><a href="https://www.amazon.com/dp/B002RS6JSA?tag=eloabder-20&linkCode=osi&th=1&psc=1">View Product</a></div>
<div class="product"><a href="https://www.amazon.com/dp/B08BTGSTB1?tag=eloabder-20&linkCode=osi&th=1&psc=1"><img src="https://m.media-amazon.com/images/I/41lgs8EMZoL._SL500_.jpg" alt="Product Image"></a><p>Dove Dry Shampoo Volume & Fullness 2 Count for Oily Hair for Refreshed Hair 5 oz</p><p>$13.98 ($1.40 / Ounce)</p><a href="https://www.amazon.com/dp/B08BTGSTB1?tag=eloabder-20&linkCode=osi&th=1&psc=1">View Product</a></div><div class="product"><a href="https://www.amazon.com/dp/B07H349CVV?tag=eloabder-20&linkCode=osi&th=1&psc=1"><img src="https://m.media-amazon.com/images/I/41NnJCW9t4L._SL500_.jpg" alt="Product Image"></a><p>amika Perk Up Dry Shampoo, 5.3 oz. (Pack of 1)</p><p>$28.00 ($5.28 / Ounce)</p><a href="https://www.amazon.com/dp/B07H349CVV?tag=eloabder-20&linkCode=osi&th=1&psc=1">View Product</a></div><div class="product"><a href="https://www.amazon.com/dp/B07KYXYFCH?tag=eloabder-20&linkCode=osi&th=1&psc=1"><img src="https://m.media-amazon.com/images/I/51XCqUPQ3kL._SL500_.jpg" alt="Product Image"></a><p>Batiste Dry Shampoo Original, Cherry, Blush, Tropical (4 pack) 6.73 oz</p><p>$18.40 ($0.68 / Fl Oz )</p><a href="https://www.amazon.com/dp/B07KYXYFCH?tag=eloabder-20&linkCode=osi&th=1&psc=1">View Product</a></div><div class="product"><a href="https://www.amazon.com/dp/B00VXO5RPK?tag=eloabder-20&linkCode=osi&th=1&psc=1"><img src="https://m.media-amazon.com/images/I/31PdfHcw8KL._SL500_.jpg" alt="Product Image"></a><p>Moroccanoil Dry Shampoo Light Tones, 5.4 Fl. Oz.</p><p>$26.00 ($3.77 / Fl Oz)</p><a href="https://www.amazon.com/dp/B00VXO5RPK?tag=eloabder-20&linkCode=osi&th=1&psc=1">View Product</a></div><div class="product"><a href="https://www.amazon.com/dp/B0CJMV7HLS?tag=eloabder-20&linkCode=osi&th=1&psc=1"><img src="https://m.media-amazon.com/images/I/31gMgsK04KL._SL500_.jpg" alt="Product Image"></a><p>Batiste Sweat Activated Dry Shampoo, Neutralizes Odor for Up to 24 Hours & Prevents Sweat Buildup in Hair, Waterless Shampoo, 3.81 Oz</p><p>$9.98 ($1.91 / Ounce)</p><a href="https://www.amazon.com/dp/B0CJMV7HLS?tag=eloabder-20&linkCode=osi&th=1&psc=1">View Product</a></div><div class="product"><a href="https://www.amazon.com/dp/B00GMP4ZN0?tag=eloabder-20&linkCode=osi&th=1&psc=1"><img src="https://m.media-amazon.com/images/I/51C9sFpjj0L._SL500_.jpg" alt="Product Image"></a><p>Batiste Shampoo Dry Fresh 6.73 Ounce (199ml) (3 Pack)</p><p>$14.21 ($0.74 / Fl Oz)</p><a href="https://www.amazon.com/dp/B00GMP4ZN0?tag=eloabder-20&linkCode=osi&th=1&psc=1">View Product</a></div><div class="product"><a href="https://www.amazon.com/dp/B008CYGSZC?tag=eloabder-20&linkCode=osi&th=1&psc=1"><img src="https://m.media-amazon.com/images/I/41FmX163QeL._SL500_.jpg" alt="Product Image"></a><p>Batiste 3 Piece Dry Shampoo Set, Original</p><p>$18.21 ($0.90 / Fl Oz)</p><a href="https://www.amazon.com/dp/B008CYGSZC?tag=eloabder-20&linkCode=osi&th=1&psc=1">View Product</a></div><div class="product"><a href="https://www.amazon.com/dp/B08NRH5DNR?tag=eloabder-20&linkCode=osi&th=1&psc=1"><img src="https://m.media-amazon.com/images/I/511UJeCVLLL._SL500_.jpg" alt="Product Image"></a><p>Batiste Dry Shampoo Spray 4 Pack Variety Mix, Original Clean And Classic, and Tropical Fragrance, 2 Each 6.73 oz.</p><p>$18.64 ($0.69 / Fl Oz)</p><a href="https://www.amazon.com/dp/B08NRH5DNR?tag=eloabder-20&linkCode=osi&th=1&psc=1">View Product</a></div><div class="product"><a href="https://www.amazon.com/dp/B01IAFCTT6?tag=eloabder-20&linkCode=osi&th=1&psc=1"><img src="https://m.media-amazon.com/images/I/51Rqh61NzHL._SL500_.jpg" alt="Product Image"></a><p>Batiste Dry Shampoo, Dark & Deep Brown 6.73 oz (Pack of 3)</p><p>$15.88 ($0.79 / Fl Oz)</p><a href="https://www.amazon.com/dp/B01IAFCTT6?tag=eloabder-20&linkCode=osi&th=1&psc=1">View Product</a></div>
<div class="product"><a href="https://www.amazon.com/dp/B000TG63EW?tag=eloabder-20&linkCode=osi&th=1&psc=1"><img src="https://m.media-amazon.com/images/I/41B2S4r1G9L._SL500_.jpg" alt="Product Image"></a><p>Lottabody Coconut Oil and Shea Wrap Me Foaming Curl Mousse , Creates Soft Wraps, Hair Mousse for Curly Hair, Defines Curls, Anti Frizz, 7 Fl Oz</p><p>$3.98 ($0.57 / Fl Oz)</p><a href="https://www.amazon.com/dp/B000TG63EW?tag=eloabder-20&linkCode=osi&th=1&psc=1">View Product</a></div><div class="product"><a href="https://www.amazon.com/dp/B00147QL8S?tag=eloabder-20&linkCode=osi&th=1&psc=1"><img src="https://m.media-amazon.com/images/I/31GMX6DGyRL._SL500_.jpg" alt="Product Image"></a><p>Kenra Professional Volume Mousse Extra 17 | Firm Hold Mousse | All Hair Types | 8 oz</p><p>$21.00 ($2.62 / Ounce)</p><a href="https://www.amazon.com/dp/B00147QL8S?tag=eloabder-20&linkCode=osi&th=1&psc=1">View Product</a></div><div class="product"><a href="https://www.amazon.com/dp/B07NQCBRK3?tag=eloabder-20&linkCode=osi&th=1&psc=1"><img src="https://m.media-amazon.com/images/I/61ITio7v1qL._SL500_.jpg" alt="Product Image"></a><p>SheaMoisture Curl Mousse Coconut and Hibiscus for Frizz Control Styling Mousse with Shea Butter 7.5 oz</p><p>$10.97 ($1.46 / Fl Oz)</p><a href="https://www.amazon.com/dp/B07NQCBRK3?tag=eloabder-20&linkCode=osi&th=1&psc=1">View Product</a></div><div class="product"><a href="https://www.amazon.com/dp/B0009OMNQQ?tag=eloabder-20&linkCode=osi&th=1&psc=1"><img src="https://m.media-amazon.com/images/I/21BMUFOie3L._SL500_.jpg" alt="Product Image"></a><p>Paul Mitchell Extra-Body Sculpting Foam, Thickens + Builds Body, For Fine Hair, 6.7 oz.</p><p>$16.50 ($2.46 / Fl Oz)</p><a href="https://www.amazon.com/dp/B0009OMNQQ?tag=eloabder-20&linkCode=osi&th=1&psc=1">View Product</a></div>
<div class="product"><a href="https://www.amazon.com/dp/B0050N4DLE?tag=eloabder-20&linkCode=osi&th=1&psc=1"><img src="https://m.media-amazon.com/images/I/31-lmMmL35L._SL500_.jpg" alt="Product Image"></a><p>Garnier Fructis Style Pure Clean Styling Gel 6.8 Fl Oz, 1 Count, (Packaging May Vary)</p><p>$4.49 ($0.66 / Fl Oz)</p><a href="https://www.amazon.com/dp/B0050N4DLE?tag=eloabder-20&linkCode=osi&th=1&psc=1">View Product</a></div><div class="product"><a href="https://www.amazon.com/dp/B0CGRY2LBD?tag=eloabder-20&linkCode=osi&th=1&psc=1"><img src="https://m.media-amazon.com/images/I/31LifKXZKyL._SL500_.jpg" alt="Product Image"></a><p>TRESemmé Hair Gel Ultra Hold No Crunch 24H Frizz Control Alcohol-Free 9 oz</p><p>$6.98 ($0.13 / Fl Oz)</p><a href="https://www.amazon.com/dp/B0CGRY2LBD?tag=eloabder-20&linkCode=osi&th=1&psc=1">View Product</a></div><div class="product"><a href="https://www.amazon.com/dp/B0058YD85W?tag=eloabder-20&linkCode=osi&th=1&psc=1"><img src="https://m.media-amazon.com/images/I/31JUO8eAnvL._SL500_.jpg" alt="Product Image"></a><p>Wetline Xtreme Pro-Expert Styling Gel 15.87 Ounce (450g) (Pack of 1)</p><p>$7.19 ($0.46 / Ounce)</p><a href="https://www.amazon.com/dp/B0058YD85W?tag=eloabder-20&linkCode=osi&th=1&psc=1">View Product</a></div><div class="product"><a href="https://www.amazon.com/dp/B000141PYK?tag=eloabder-20&linkCode=osi&th=1&psc=1"><img src="https://m.media-amazon.com/images/I/31yPG0NXNpL._SL500_.jpg" alt="Product Image"></a><p>Paul Mitchell Extra-Body Sculpting Gel, Thickens + Builds Body, For Fine Hair, 6.8 fl. oz.</p><p>$15.00 ($2.21 / Fl Oz)</p><a href="https://www.amazon.com/dp/B000141PYK?tag=eloabder-20&linkCode=osi&th=1&psc=1">View Product</a></div><div class="product"><a href="https://www.amazon.com/dp/B07K3NC8J9?tag=eloabder-20&linkCode=osi&th=1&psc=1"><img src="https://m.media-amazon.com/images/I/41Ycur-KxBL._SL500_.jpg" alt="Product Image"></a><p>Aussie Instant Freeze Sculpting Hair Gel, Maximum Hold, No Flaking, Long-Lasting, with Jojoba Oil, Sea Kelp, Australian Aloe, Frizz Control, Citrus Floral Scent, 7 Fl Oz Triple Pack</p><p>$14.91 ($0.71 / Ounce)</p><a href="https://www.amazon.com/dp/B07K3NC8J9?tag=eloabder-20&linkCode=osi&th=1&psc=1">View Product</a></div><div class="product"><a href="https://www.amazon.com/dp/B005JT5XLI?tag=eloabder-20&linkCode=osi&th=1&psc=1"><img src="https://m.media-amazon.com/images/I/51wQAASQf5L._SL500_.jpg" alt="Product Image"></a><p>L.A. LOOKS SPORT XTRME HLD GEL 20 OZ (Pack of 3)</p><p>$16.49 ($0.27 / Ounce)</p><a href="https://www.amazon.com/dp/B005JT5XLI?tag=eloabder-20&linkCode=osi&th=1&psc=1">View Product</a></div><div class="product"><a href="https://www.amazon.com/dp/B00G5LLLD8?tag=eloabder-20&linkCode=osi&th=1&psc=1"><img src="https://m.media-amazon.com/images/I/31sxB8opm8L._SL500_.jpg" alt="Product Image"></a><p>American Crew Men's Hair Gel, Firm Hold, Non-Flaking Styling Gel, 3.3 Fl Oz</p><p>$7.44 ($2.25 / Fl Oz)</p><a href="https://www.amazon.com/dp/B00G5LLLD8?tag=eloabder-20&linkCode=osi&th=1&psc=1">View Product</a></div><div class="product"><a href="https://www.amazon.com/dp/B005659H3U?tag=eloabder-20&linkCode=osi&th=1&psc=1"><img src="https://m.media-amazon.com/images/I/318nG1CHFEL._SL500_.jpg" alt="Product Image"></a><p>JOHNNY B. Mode Hair Styling Gel for Men, Alcohol-Free, Water Soluble 16 oz.</p><p>$21.00 ($1.31 / Ounce)</p><a href="https://www.amazon.com/dp/B005659H3U?tag=eloabder-20&linkCode=osi&th=1&psc=1">View Product</a></div><div class="product"><a href="https://www.amazon.com/dp/B09QRVMW6M?tag=eloabder-20&linkCode=osi&th=1&psc=1"><img src="https://m.media-amazon.com/images/I/41zHCW2h4eL._SL500_.jpg" alt="Product Image"></a><p>Got2B Ultra Glued Invincible Styling Gel 2 - 6 oz tubes + 1 Travel 1.25 oz tube</p><p>$14.99</p><a href="https://www.amazon.com/dp/B09QRVMW6M?tag=eloabder-20&linkCode=osi&th=1&psc=1">View Product</a></div>

<div class="product"><a href="https://www.amazon.com/dp/B08GSTPT8Y?tag=eloabder-20&linkCode=osi&th=1&psc=1"><img src="https://m.media-amazon.com/images/I/41sX+hKcbML._SL500_.jpg" alt="Product Image"></a><p>AOA Studio Collection makeup Sponge Set Latex Free and High-definition Set of 6 makeup Wonder blender For Powder Cream and Liquid, Super Soft Wonder Beauty Cosmetic</p><p>$9.95 ($1.66 / Count)</p><a href="https://www.amazon.com/dp/B08GSTPT8Y?tag=eloabder-20&linkCode=osi&th=1&psc=1">View Product</a></div><div class="product"><a href="https://www.amazon.com/dp/B0CJFFR574?tag=eloabder-20&linkCode=osi&th=1&psc=1"><img src="https://m.media-amazon.com/images/I/41nkQ05yLcL._SL500_.jpg" alt="Product Image"></a><p>SUNGBOON EDITOR Deep Collagen Overnight Mask 37gx4ea | The real collagen 2,160,000ppb | Facial Hydrogel Masks with low molecular weight collagen for elasticity, firming, and moisturizing</p><p>$19.00 ($4.75 / Count)</p><a href="https://www.amazon.com/dp/B0CJFFR574?tag=eloabder-20&linkCode=osi&th=1&psc=1">View Product</a></div><div class="product"><a href="https://www.amazon.com/dp/B0C4H1GPG1?tag=eloabder-20&linkCode=osi&th=1&psc=1"><img src="https://m.media-amazon.com/images/I/41jyzyKyY2L._SL500_.jpg" alt="Product Image"></a><p>BEAKEY Latex Free Blender Makeup Sponge for Blending, Pink Makeup Sponge Set, Soft Beauty Sponge, for Flawless Application of Liquid, Cream, and Powder Cosmetics, Pink Makeup Gifts</p><p>$6.99 ($1.40 / Count)</p><a href="https://www.amazon.com/dp/B0C4H1GPG1?tag=eloabder-20&linkCode=osi&th=1&psc=1">View Product</a></div><div class="product"><a href="https://www.amazon.com/dp/B0B45LL4DD?tag=eloabder-20&linkCode=osi&th=1&psc=1"><img src="https://m.media-amazon.com/images/I/31ZNIWikbtL._SL500_.jpg" alt="Product Image"></a><p>Beauty of Joseon Revive Eye Serum with Retinal Niacinamide Correction for Puffy Eye Bags Fine Lines Dark Circles Wrinkles, Korean Skin Care 30ml, 1 fl.oz</p><p>$14.93 ($14.93 / Fl Oz)</p><a href="https://www.amazon.com/dp/B0B45LL4DD?tag=eloabder-20&linkCode=osi&th=1&psc=1">View Product</a></div><div class="product"><a href="https://www.amazon.com/dp/B00PBX3L7K?tag=eloabder-20&linkCode=osi&th=1&psc=1"><img src="https://m.media-amazon.com/images/I/31OiAm-FA8L._SL500_.jpg" alt="Product Image"></a><p>COSRX Snail Mucin 96% Power Repairing Essence 3.38 fl.oz 100ml, Hydrating Serum for Face with Snail Secretion Filtrate for Dull Skin & Fine Lines, Korean Skincare</p><p>$14.50 ($4.29 / Fl Oz)</p><a href="https://www.amazon.com/dp/B00PBX3L7K?tag=eloabder-20&linkCode=osi&th=1&psc=1">View Product</a></div><div class="product"><a href="https://www.amazon.com/dp/B00QPNVC0I?tag=eloabder-20&linkCode=osi&th=1&psc=1"><img src="https://m.media-amazon.com/images/I/31wV3gYUEpL._SL500_.jpg" alt="Product Image"></a><p>Real Techniques Miracle Complexion Sponge Set Duo, 2 Makeup Sponges For Liquid & Cream Makeup, Makeup Blender Sponge For Buildable Coverage, Foundation Sponge For Natural, Dewy Base, Latex-Free Foam</p><p>$7.69 ($3.84 / Count)</p><a href="https://www.amazon.com/dp/B00QPNVC0I?tag=eloabder-20&linkCode=osi&th=1&psc=1">View Product</a></div><div class="product"><a href="https://www.amazon.com/dp/B0CZYJYX4Q?tag=eloabder-20&linkCode=osi&th=1&psc=1"><img src="https://m.media-amazon.com/images/I/31hNatkE-9L._SL500_.jpg" alt="Product Image"></a><p>LANEIGE Lip Glowy Balm Mango: Hydrate, Glossy, Lightweight, Moisturize & Tint with Shea Butter</p><p>$19.00 ($54.29 / Ounce)</p><a href="https://www.amazon.com/dp/B0CZYJYX4Q?tag=eloabder-20&linkCode=osi&th=1&psc=1">View Product</a></div><div class="product"><a href="https://www.amazon.com/dp/B0CXQR14J3?tag=eloabder-20&linkCode=osi&th=1&psc=1"><img src="https://m.media-amazon.com/images/I/31RRaB6c+JL._SL500_.jpg" alt="Product Image"></a><p>e.l.f. Power Grip Dewy Setting Spray, Ultra Fine Mist Made With Hyaluronic Acid, Grips Makeup For A Hydrated, Dewy Finish, Vegan & Cruelty-Free</p><p>$10.00 ($3.70 / Fl Oz)</p><a href="https://www.amazon.com/dp/B0CXQR14J3?tag=eloabder-20&linkCode=osi&th=1&psc=1">View Product</a></div><div class="product"><a href="https://www.amazon.com/dp/B0CZF2T7CK?tag=eloabder-20&linkCode=osi&th=1&psc=1"><img src="https://m.media-amazon.com/images/I/41nBLpIw8wL._SL500_.jpg" alt="Product Image"></a><p>L'Oreal Paris Infallible 3-Second Setting Spray Mist, Microfine Mist for up to 36HR Wear, Clear, 1.76 Fl Oz</p><p>$10.98</p><a href="https://www.amazon.com/dp/B0CZF2T7CK?tag=eloabder-20&linkCode=osi&th=1&psc=1">View Product</a></div>
<div class="product"><a href="https://www.amazon.com/dp/B0D3JDYWZ6?tag=eloabder-20&linkCode=osi&th=1&psc=1"><img src="https://m.media-amazon.com/images/I/41c+v1LLXzL._SL500_.jpg" alt="Product Image"></a><p>e.l.f. Soft Glam Foundation, Medium Coverage, Long-Lasting & Buildable Foundation For A Smooth, Satin Finish, Vegan & Cruelty-Free, 31 Medium Neutral</p><p>$7.99</p><a href="https://www.amazon.com/dp/B0D3JDYWZ6?tag=eloabder-20&linkCode=osi&th=1&psc=1">View Product</a></div><div class="product"><a href="https://www.amazon.com/dp/B00PFCSURS?tag=eloabder-20&linkCode=osi&th=1&psc=1"><img src="https://m.media-amazon.com/images/I/41v54YdLHSL._SL500_.jpg" alt="Product Image"></a><p>Maybelline Fit Me Matte + Poreless Liquid Oil-Free Foundation Makeup, Natural Beige, 1 Count (Packaging May Vary)</p><p>$9.99</p><a href="https://www.amazon.com/dp/B00PFCSURS?tag=eloabder-20&linkCode=osi&th=1&psc=1">View Product</a></div><div class="product"><a href="https://www.amazon.com/dp/B07DFK238H?tag=eloabder-20&linkCode=osi&th=1&psc=1"><img src="https://m.media-amazon.com/images/I/31mAhNJ+4hL._SL500_.jpg" alt="Product Image"></a><p>e.l.f. Flawless Finish Foundation, Lightweight & Medium Coverage, Semi-Matte Finish, Light Ivory, 0.68 Fl Oz (20mL)</p><p>$6.00</p><a href="https://www.amazon.com/dp/B07DFK238H?tag=eloabder-20&linkCode=osi&th=1&psc=1">View Product</a></div><div class="product"><a href="https://www.amazon.com/dp/B01ACPW1SG?tag=eloabder-20&linkCode=osi&th=1&psc=1"><img src="https://m.media-amazon.com/images/I/41aIRzbHxNL._SL500_.jpg" alt="Product Image"></a><p>CoverGirl & Olay Simply Ageless 3-in-1 Liquid Foundation, Matte Finish, Hyaluronic & Vitamin C Formula, Cruelty Free, Classic Ivory, 1 Count</p><p>$10.49</p><a href="https://www.amazon.com/dp/B01ACPW1SG?tag=eloabder-20&linkCode=osi&th=1&psc=1">View Product</a></div><div class="product"><a href="https://www.amazon.com/dp/B000IEMGGE?tag=eloabder-20&linkCode=osi&th=1&psc=1"><img src="https://m.media-amazon.com/images/I/41RtSkNmHSL._SL500_.jpg" alt="Product Image"></a><p>LAURA GELLER NEW YORK Award-Winning Baked Balance-n-Brighten Color Correcting Powder Foundation - Fair - Buildable Light to Medium Coverage - Demi-Matte Natural Finish</p><p>$22.13</p><a href="https://www.amazon.com/dp/B000IEMGGE?tag=eloabder-20&linkCode=osi&th=1&psc=1">View Product</a></div><div class="product"><a href="https://www.amazon.com/dp/B0BCH5WVW6?tag=eloabder-20&linkCode=osi&th=1&psc=1"><img src="https://m.media-amazon.com/images/I/31wajekqpGL._SL500_.jpg" alt="Product Image"></a><p>L'Oreal Paris True Match Super-Blendable Foundation, Medium Coverage Liquid Foundation Makeup, N4, Light Medium, 1 Fl Oz</p><p>$9.97</p><a href="https://www.amazon.com/dp/B0BCH5WVW6?tag=eloabder-20&linkCode=osi&th=1&psc=1">View Product</a></div><div class="product"><a href="https://www.amazon.com/dp/B07MWSP8SG?tag=eloabder-20&linkCode=osi&th=1&psc=1"><img src="https://m.media-amazon.com/images/I/31B37fmqI7L._SL500_.jpg" alt="Product Image"></a><p>e.l.f. Flawless Finish Foundation, Improves Uneven Skin Tone, Lightweight, Medium Coverage & Semi-Matte, Vegan & Cruelty-Free, Beige 0.67 Fl Oz</p><p>$6.00</p><a href="https://www.amazon.com/dp/B07MWSP8SG?tag=eloabder-20&linkCode=osi&th=1&psc=1">View Product</a></div><div class="product"><a href="https://www.amazon.com/dp/B091D8BXSQ?tag=eloabder-20&linkCode=osi&th=1&psc=1"><img src="https://m.media-amazon.com/images/I/31ktknDTqTL._SL500_.jpg" alt="Product Image"></a><p>L'Oreal Paris True Match Nude Hyaluronic Tinted Serum Foundation with 1% Hyaluronic acid, Light 2-3, 1 fl. oz.</p><p>$15.18</p><a href="https://www.amazon.com/dp/B091D8BXSQ?tag=eloabder-20&linkCode=osi&th=1&psc=1">View Product</a></div><div class="product"><a href="https://www.amazon.com/dp/B07Z9WBHXK?tag=eloabder-20&linkCode=osi&th=1&psc=1"><img src="https://m.media-amazon.com/images/I/31c2z97BuBL._SL500_.jpg" alt="Product Image"></a><p>L'Oreal Paris Age Perfect Radiant Serum Foundation with SPF 50, Ivory, 1 fl. oz.</p><p>$14.17</p><a href="https://www.amazon.com/dp/B07Z9WBHXK?tag=eloabder-20&linkCode=osi&th=1&psc=1">View Product</a></div><div class="product"><a href="https://www.amazon.com/dp/B09LCGN136?tag=eloabder-20&linkCode=osi&th=1&psc=1"><img src="https://m.media-amazon.com/images/I/4107EiwloYL._SL500_.jpg" alt="Product Image"></a><p>TIRTIR Mask Fit Red Cushion Foundation | Japan's No.1 Choice for Glass skin, Long-Lasting, Lightweight, Buildable Coverage, Semi-Matte (17C Porcelain, 0.63 Fl Oz (Pack of 1))</p><p>$25.00 ($39.68 / Fl Oz)</p><a href="https://www.amazon.com/dp/B09LCGN136?tag=eloabder-20&linkCode=osi&th=1&psc=1">View Product</a></div>
<div class="product"><a href="https://www.amazon.com/dp/B07Q9V4KMJ?tag=eloabder-20&linkCode=osi&th=1&psc=1"><img src="https://m.media-amazon.com/images/I/31pro1JWTCL._SL500_.jpg" alt="Product Image"></a><p>Maybelline Instant Age Rewind Eraser Dark Circles Treatment Multi-Use Concealer, 115, 1 Count (Packaging May Vary)</p><p>$8.42</p><a href="https://www.amazon.com/dp/B07Q9V4KMJ?tag=eloabder-20&linkCode=osi&th=1&psc=1">View Product</a></div><div class="product"><a href="https://www.amazon.com/dp/B07ZR14WBZ?tag=eloabder-20&linkCode=osi&th=1&psc=1"><img src="https://m.media-amazon.com/images/I/313ljymBVaL._SL500_.jpg" alt="Product Image"></a><p>e.l.f. Hydrating Camo Concealer, Lightweight, Full Coverage, Long Lasting, Conceals, Corrects, Covers, Hydrates, Highlights, Light Sand, Satin Finish, 25 Shades, All-Day Wear, 0.20 Fl Oz</p><p>$7.00</p><a href="https://www.amazon.com/dp/B07ZR14WBZ?tag=eloabder-20&linkCode=osi&th=1&psc=1">View Product</a></div><div class="product"><a href="https://www.amazon.com/dp/B0046VJV36?tag=eloabder-20&linkCode=osi&th=1&psc=1"><img src="https://m.media-amazon.com/images/I/31-ZFCLgLcL._SL500_.jpg" alt="Product Image"></a><p>Maybelline New York Fit Me Liquid Concealer Makeup, Natural Coverage, Lightweight, Conceals, Covers Oil-Free, Fair, 1 Count (Packaging May Vary)</p><p>$6.31</p><a href="https://www.amazon.com/dp/B0046VJV36?tag=eloabder-20&linkCode=osi&th=1&psc=1">View Product</a></div><div class="product"><a href="https://www.amazon.com/dp/B07ZR1CQHS?tag=eloabder-20&linkCode=osi&th=1&psc=1"><img src="https://m.media-amazon.com/images/I/31s0zWRX+4L._SL500_.jpg" alt="Product Image"></a><p>e.l.f. 16HR Camo Concealer, Full Coverage, Highly Pigmented Concealer With Matte Finish, Crease-proof, Vegan & Cruelty-Free, Light Ivory, 0.203 Fl Oz</p><p>$7.00</p><a href="https://www.amazon.com/dp/B07ZR1CQHS?tag=eloabder-20&linkCode=osi&th=1&psc=1">View Product</a></div><div class="product"><a href="https://www.amazon.com/dp/B0814SLHQH?tag=eloabder-20&linkCode=osi&th=1&psc=1"><img src="https://m.media-amazon.com/images/I/312GW4aGnRL._SL500_.jpg" alt="Product Image"></a><p>Neutrogena Healthy Skin Radiant Brightening Cream Concealer with Peptides & Vitamin E Antioxidant,Lightweight Perfecting Concealer,Non-Comedogenic,Bisque Light/Medium 02 neutral undertones,0.24 oz</p><p>$5.62</p><a href="https://www.amazon.com/dp/B0814SLHQH?tag=eloabder-20&linkCode=osi&th=1&psc=1">View Product</a></div><div class="product"><a href="https://www.amazon.com/dp/B007MJKHPA?tag=eloabder-20&linkCode=osi&th=1&psc=1"><img src="https://m.media-amazon.com/images/I/31ljSDY5P1L._SL500_.jpg" alt="Product Image"></a><p>L.A. Girl Pro Conceal HD Concealer, Creamy Beige, 0.28 Ounce</p><p>$4.97 ($17.75 / Ounce)</p><a href="https://www.amazon.com/dp/B007MJKHPA?tag=eloabder-20&linkCode=osi&th=1&psc=1">View Product</a></div><div class="product"><a href="https://www.amazon.com/dp/B09HNMRQN2?tag=eloabder-20&linkCode=osi&th=1&psc=1"><img src="https://m.media-amazon.com/images/I/31vIe0FIEML._SL500_.jpg" alt="Product Image"></a><p>NYX PROFESSIONAL MAKEUP Bare With Me Concealer Serum, Up To 24Hr Hydration - Vanilla</p><p>$9.00</p><a href="https://www.amazon.com/dp/B09HNMRQN2?tag=eloabder-20&linkCode=osi&th=1&psc=1">View Product</a></div><div class="product"><a href="https://www.amazon.com/dp/B06XQWS1N9?tag=eloabder-20&linkCode=osi&th=1&psc=1"><img src="https://m.media-amazon.com/images/I/31rKumTg1GL._SL500_.jpg" alt="Product Image"></a><p>COVERGIRL Smoothers Concealer, Medium 715, 0.14 ounce (packaging may vary)</p><p>$7.28</p><a href="https://www.amazon.com/dp/B06XQWS1N9?tag=eloabder-20&linkCode=osi&th=1&psc=1">View Product</a></div><div class="product"><a href="https://www.amazon.com/dp/B07H67H5LH?tag=eloabder-20&linkCode=osi&th=1&psc=1"><img src="https://m.media-amazon.com/images/I/31bWoYCj-nL._SL500_.jpg" alt="Product Image"></a><p>L'Oreal Paris Makeup Infallible Full Wear Waterproof Matte Concealer, Full Coverage, Ivory, 0.33 fl. oz.</p><p>$11.45</p><a href="https://www.amazon.com/dp/B07H67H5LH?tag=eloabder-20&linkCode=osi&th=1&psc=1">View Product</a></div><div class="product"><a href="https://www.amazon.com/dp/B0B51NLJWQ?tag=eloabder-20&linkCode=osi&th=1&psc=1"><img src="https://m.media-amazon.com/images/I/31GXqccxM0L._SL500_.jpg" alt="Product Image"></a><p>Fièra Luxury Concealer with Anti-Aging - All Day Coverage for Dark Circles, Fine Lines, Wrinkles & Spots - Neutral Beige, 0.5 Ounce</p><p>$27.00</p><a href="https://www.amazon.com/dp/B0B51NLJWQ?tag=eloabder-20&linkCode=osi&th=1&psc=1">View Product</a></div>
<div class="product"><a href="https://www.amazon.com/dp/B01IM0LVFC?tag=eloabder-20&linkCode=osi&th=1&psc=1"><img src="https://m.media-amazon.com/images/I/31r47BdfjGL._SL500_.jpg" alt="Product Image"></a><p>e.l.f. Prime & Stay Finishing Powder, Sets Makeup, Controls Shine & Smooths Complexion, Sheer, 0.18 Oz (5g)</p><p>$4.00</p><a href="https://www.amazon.com/dp/B01IM0LVFC?tag=eloabder-20&linkCode=osi&th=1&psc=1">View Product</a></div><div class="product"><a href="https://www.amazon.com/dp/B004GC74GG?tag=eloabder-20&linkCode=osi&th=1&psc=1"><img src="https://m.media-amazon.com/images/I/41kZTeBUCSL._SL500_.jpg" alt="Product Image"></a><p>Revlon Face Powder, ColorStay 16 Hour Face Makeup, Longwear Medium- Full Coverage with Flawless Finish, Shine & Oil Free, 880 Translucent, 0.3 Oz</p><p>$9.62</p><a href="https://www.amazon.com/dp/B004GC74GG?tag=eloabder-20&linkCode=osi&th=1&psc=1">View Product</a></div><div class="product"><a href="https://www.amazon.com/dp/B0CPFY5F7P?tag=eloabder-20&linkCode=osi&th=1&psc=1"><img src="https://m.media-amazon.com/images/I/41rYvHbKJ0L._SL500_.jpg" alt="Product Image"></a><p>e.l.f. Primer-Infused Bronzer, Long-Lasting, Lightweight & Buildable Powder Bronzer, Delivers A Matte Finish, Vegan & Cruelty-Free, Catching Rays</p><p>$7.00</p><a href="https://www.amazon.com/dp/B0CPFY5F7P?tag=eloabder-20&linkCode=osi&th=1&psc=1">View Product</a></div><div class="product"><a href="https://www.amazon.com/dp/B0B2VXZRHH?tag=eloabder-20&linkCode=osi&th=1&psc=1"><img src="https://m.media-amazon.com/images/I/41p6UtnQJWL._SL500_.jpg" alt="Product Image"></a><p>bareMinerals Barepro 16HR Skin-Perfecting Powder Foundation, Matte Pressed Powder Foundation Full Coverage with Plant-Based Squalene, Oil Control, Vegan</p><p>$42.00 ($150.00 / Ounce)</p><a href="https://www.amazon.com/dp/B0B2VXZRHH?tag=eloabder-20&linkCode=osi&th=1&psc=1">View Product</a></div><div class="product"><a href="https://www.amazon.com/dp/B0D4752RVV?tag=eloabder-20&linkCode=osi&th=1&psc=1"><img src="https://m.media-amazon.com/images/I/31WKVfT2bML._SL500_.jpg" alt="Product Image"></a><p>Revolution Beauty, Loose Baking Powder, Makeup Setting Powder, Long Lasting Coverage, Mattifies & Reduces Shine, Rose, 1.13 Oz</p><p>$8.00</p><a href="https://www.amazon.com/dp/B0D4752RVV?tag=eloabder-20&linkCode=osi&th=1&psc=1">View Product</a></div><div class="product"><a href="https://www.amazon.com/dp/B0C9LPPJ26?tag=eloabder-20&linkCode=osi&th=1&psc=1"><img src="https://m.media-amazon.com/images/I/51iWoZ-wkuL._SL500_.jpg" alt="Product Image"></a><p>AZUREBEAUTY 42 Pcs Dip Nails Powder Starter Kit, 32 Hot Pink Blue Purple Color Changing Spring Dipping Powder Liquid Set with Base Coat/Top Coat/Activator for French Manicure Salon DIY.</p><p>$19.99 ($19.99 / Count)</p><a href="https://www.amazon.com/dp/B0C9LPPJ26?tag=eloabder-20&linkCode=osi&th=1&psc=1">View Product</a></div><div class="product"><a href="https://www.amazon.com/dp/B0D2N1SZ9V?tag=eloabder-20&linkCode=osi&th=1&psc=1"><img src="https://m.media-amazon.com/images/I/41Ogu3bO7hL._SL500_.jpg" alt="Product Image"></a><p>Artdone Chrome Nail Powder Magic White Pearl Kit Mirror Effect Silver Metallic Holographic Dip Nail Powder For Resin Craft & Nail Art Decoration Iridescent Aurora Mermaid Pigment</p><p>$3.99 ($28.28 / Ounce)</p><a href="https://www.amazon.com/dp/B0D2N1SZ9V?tag=eloabder-20&linkCode=osi&th=1&psc=1">View Product</a></div><div class="product"><a href="https://www.amazon.com/dp/B0D19YQWSX?tag=eloabder-20&linkCode=osi&th=1&psc=1"><img src="https://m.media-amazon.com/images/I/21GbGbhBFWL._SL500_.jpg" alt="Product Image"></a><p>NYX PROFESSIONAL MAKEUP Brow Powder Louder Eyebrow Pencil, Brow Pencil with Buildable Volume For Up To 12HR Wear, Vegan Formula - Ash Brown</p><p>$6.00</p><a href="https://www.amazon.com/dp/B0D19YQWSX?tag=eloabder-20&linkCode=osi&th=1&psc=1">View Product</a></div><div class="product"><a href="https://www.amazon.com/dp/B00AOU5NVC?tag=eloabder-20&linkCode=osi&th=1&psc=1"><img src="https://m.media-amazon.com/images/I/31eI9oALZzL._SL500_.jpg" alt="Product Image"></a><p>Neutrogena Mineral Sheers Lightweight Loose Powder Makeup Foundation with Vitamins A, C, & E, Sheer to Medium Buildable Coverage, Skin Tone Enhancer, Face Redness Reducer, Nude 40,.19 oz</p><p>$5.72</p><a href="https://www.amazon.com/dp/B00AOU5NVC?tag=eloabder-20&linkCode=osi&th=1&psc=1">View Product</a></div>
<div class="product"><a href="https://www.amazon.com/dp/B07PNCB73M?tag=eloabder-20&linkCode=osi&th=1&psc=1"><img src="https://m.media-amazon.com/images/I/41+KYSFOLML._SL500_.jpg" alt="Product Image"></a><p>Milani Baked Blush - Petal Primavera (0.12 Ounce) Cruelty-Free Powder Blush - Shape, Contour & Highlight Face for a Shimmery or Matte Finish</p><p>$8.97</p><a href="https://www.amazon.com/dp/B07PNCB73M?tag=eloabder-20&linkCode=osi&th=1&psc=1">View Product</a></div><div class="product"><a href="https://www.amazon.com/dp/B0CPFYGNR7?tag=eloabder-20&linkCode=osi&th=1&psc=1"><img src="https://m.media-amazon.com/images/I/31EJvMa7jyL._SL500_.jpg" alt="Product Image"></a><p>e.l.f. Camo Liquid Blush, Long-lasting Liquid Blush For High-pigment Color, Creates A Soft, Dewy Finish, Vegan & Cruelty-free, Dusty Rosé</p><p>$7.00</p><a href="https://www.amazon.com/dp/B0CPFYGNR7?tag=eloabder-20&linkCode=osi&th=1&psc=1">View Product</a></div><div class="product"><a href="https://www.amazon.com/dp/B0CZ5HLDK9?tag=eloabder-20&linkCode=osi&th=1&psc=1"><img src="https://m.media-amazon.com/images/I/41rZu1cS8QL._SL500_.jpg" alt="Product Image"></a><p>NYX PROFESSIONAL MAKEUP Buttermelt Powder Blush, Fade and Transfer-Resistant Blush, Up to 12HR Make Up Wear, Vegan Formula - For The Butta</p><p>$9.97</p><a href="https://www.amazon.com/dp/B0CZ5HLDK9?tag=eloabder-20&linkCode=osi&th=1&psc=1">View Product</a></div><div class="product"><a href="https://www.amazon.com/dp/B06XDNPXD1?tag=eloabder-20&linkCode=osi&th=1&psc=1"><img src="https://m.media-amazon.com/images/I/41IryPTf51L._SL500_.jpg" alt="Product Image"></a><p>Maybelline Fit Me Powder Blush, Lightweight, Smooth, Blendable, Long-lasting All-Day Face Enhancing Makeup Color, Mauve, 1 Count</p><p>$4.62</p><a href="https://www.amazon.com/dp/B06XDNPXD1?tag=eloabder-20&linkCode=osi&th=1&psc=1">View Product</a></div><div class="product"><a href="https://www.amazon.com/dp/B082YPNTZ4?tag=eloabder-20&linkCode=osi&th=1&psc=1"><img src="https://m.media-amazon.com/images/I/41vtXkWXs8L._SL500_.jpg" alt="Product Image"></a><p>wet n wild Color Icon Blush, Effortless Glow & Seamless Blend infused with Luxuriously Smooth Jojoba Oil, Sheer Finish with a Matte Natural Glow, Cruelty-Free & Vegan - Pinch Me Pink</p><p>$3.28</p><a href="https://www.amazon.com/dp/B082YPNTZ4?tag=eloabder-20&linkCode=osi&th=1&psc=1">View Product</a></div><div class="product"><a href="https://www.amazon.com/dp/B0CPFWJJQJ?tag=eloabder-20&linkCode=osi&th=1&psc=1"><img src="https://m.media-amazon.com/images/I/41+GdEwyGqL._SL500_.jpg" alt="Product Image"></a><p>e.l.f. Primer-Infused Matte Blush, Long-Lasting, Lightweight & Buildable Powder Blush, Delivers A Matte Finish, Vegan & Cruelty-Free, Always Crushing</p><p>$7.00</p><a href="https://www.amazon.com/dp/B0CPFWJJQJ?tag=eloabder-20&linkCode=osi&th=1&psc=1">View Product</a></div><div class="product"><a href="https://www.amazon.com/dp/B0B64GX5LN?tag=eloabder-20&linkCode=osi&th=1&psc=1"><img src="https://m.media-amazon.com/images/I/31aZBeyUSsL._SL500_.jpg" alt="Product Image"></a><p>LAURA GELLER NEW YORK Serum Blush Tint, Lightweight Liquid Blush for Cheeks, Weightless Watercolor Sheer Finish, Practical Pink</p><p>$15.74</p><a href="https://www.amazon.com/dp/B0B64GX5LN?tag=eloabder-20&linkCode=osi&th=1&psc=1">View Product</a></div><div class="product"><a href="https://www.amazon.com/dp/B0BHFBBH25?tag=eloabder-20&linkCode=osi&th=1&psc=1"><img src="https://m.media-amazon.com/images/I/31uqOuPPf5L._SL500_.jpg" alt="Product Image"></a><p>SHEGLAM Color Bloom Liquid Blush Makeup for Cheeks Matte Finish - Love Cake</p><p>$6.99</p><a href="https://www.amazon.com/dp/B0BHFBBH25?tag=eloabder-20&linkCode=osi&th=1&psc=1">View Product</a></div><div class="product"><a href="https://www.amazon.com/dp/B00J56D0G6?tag=eloabder-20&linkCode=osi&th=1&psc=1"><img src="https://m.media-amazon.com/images/I/31MVN0QAhfL._SL500_.jpg" alt="Product Image"></a><p>e.l.f. Cosmetics Powder Blush Palette, Four Blush Shades for Beautiful, Long-Lasting Pigment, Light</p><p>$6.00</p><a href="https://www.amazon.com/dp/B00J56D0G6?tag=eloabder-20&linkCode=osi&th=1&psc=1">View Product</a></div><div class="product"><a href="https://www.amazon.com/dp/B07J47FHR1?tag=eloabder-20&linkCode=osi&th=1&psc=1"><img src="https://m.media-amazon.com/images/I/41Xyor9x2SL._SL500_.jpg" alt="Product Image"></a><p>Nars Blush in ORGASM Full Size 0.16 oz. / 4.8 g in Retail Box New Edition</p><p>$22.00</p><a href="https://www.amazon.com/dp/B07J47FHR1?tag=eloabder-20&linkCode=osi&th=1&psc=1">View Product</a></div>
<div class="product"><a href="https://www.amazon.com/dp/B018B8Q5Z6?tag=eloabder-20&linkCode=osi&th=1&psc=1"><img src="https://m.media-amazon.com/images/I/41D9ZHQRaSL._SL500_.jpg" alt="Product Image"></a><p>Physicians Formula Murumuru Butter Bronzer, Moisturizing, Nourishing Murumuru Butter Blend for Silky All-Day Luminous Glow, Dermatologist Tested, Hypoallergenic, Vegan & Cruelty-Free -Bronzer</p><p>$12.15</p><a href="https://www.amazon.com/dp/B018B8Q5Z6?tag=eloabder-20&linkCode=osi&th=1&psc=1">View Product</a></div><div class="product"><a href="https://www.amazon.com/dp/B001B0H82Q?tag=eloabder-20&linkCode=osi&th=1&psc=1"><img src="https://m.media-amazon.com/images/I/41I3B-YoLkL._SL500_.jpg" alt="Product Image"></a><p>Rimmel London Natural - 022 Sun Bronze - Bronzer, Matte Finish, 0.49oz</p><p>$4.49</p><a href="https://www.amazon.com/dp/B001B0H82Q?tag=eloabder-20&linkCode=osi&th=1&psc=1">View Product</a></div><div class="product"><a href="https://www.amazon.com/dp/B0BM5HX7DN?tag=eloabder-20&linkCode=osi&th=1&psc=1"><img src="https://m.media-amazon.com/images/I/41DwoHQgzsL._SL500_.jpg" alt="Product Image"></a><p>Benefit Hoola Matte Bronzer Mini 0.08 Ounce</p><p>$17.85</p><a href="https://www.amazon.com/dp/B0BM5HX7DN?tag=eloabder-20&linkCode=osi&th=1&psc=1">View Product</a></div><div class="product"><a href="https://www.amazon.com/dp/B07M7NGVW7?tag=eloabder-20&linkCode=osi&th=1&psc=1"><img src="https://m.media-amazon.com/images/I/51dvod9PjTL._SL500_.jpg" alt="Product Image"></a><p>wet n wild Color Icon Bronzer What Shady Beaches</p><p>$2.96</p><a href="https://www.amazon.com/dp/B07M7NGVW7?tag=eloabder-20&linkCode=osi&th=1&psc=1">View Product</a></div><div class="product"><a href="https://www.amazon.com/dp/B07ZR187P5?tag=eloabder-20&linkCode=osi&th=1&psc=1"><img src="https://m.media-amazon.com/images/I/410nkMFZLYL._SL500_.jpg" alt="Product Image"></a><p>e.l.f. Primer-infused Bronzer, Long-Wear, Matte, Bold, Lightweight, Blends Easily, Contours Cheeks, Forever Sun Kissed, All-Day Wear, 0.35 Oz</p><p>$7.00 ($20.00 / Ounce)</p><a href="https://www.amazon.com/dp/B07ZR187P5?tag=eloabder-20&linkCode=osi&th=1&psc=1">View Product</a></div><div class="product"><a href="https://www.amazon.com/dp/B0CPFVTY7M?tag=eloabder-20&linkCode=osi&th=1&psc=1"><img src="https://m.media-amazon.com/images/I/41rO68Q0mlL._SL500_.jpg" alt="Product Image"></a><p>e.l.f. Primer-Infused Bronzer, Long-Lasting, Lightweight & Buildable Powder Bronzer, Delivers A Matte Finish, Vegan & Cruelty-Free, Fresh Tan</p><p>$7.00</p><a href="https://www.amazon.com/dp/B0CPFVTY7M?tag=eloabder-20&linkCode=osi&th=1&psc=1">View Product</a></div><div class="product"><a href="https://www.amazon.com/dp/B00518N3VE?tag=eloabder-20&linkCode=osi&th=1&psc=1"><img src="https://m.media-amazon.com/images/I/41SzIseWK6L._SL500_.jpg" alt="Product Image"></a><p>Milani Baked Bronzer - Glow, Cruelty-Free Shimmer Bronzing Powder to Use For Contour Makeup, Highlighters Makeup, Bronzer Makeup, 0.25 Ounce</p><p>$9.97 ($39.88 / Ounce)</p><a href="https://www.amazon.com/dp/B00518N3VE?tag=eloabder-20&linkCode=osi&th=1&psc=1">View Product</a></div><div class="product"><a href="https://www.amazon.com/dp/B006WZ9O72?tag=eloabder-20&linkCode=osi&th=1&psc=1"><img src="https://m.media-amazon.com/images/I/51rDNo9JnqL._SL500_.jpg" alt="Product Image"></a><p>Physicians Formula Bronze Booster Glow-Boosting Season-to-Season, Customizable Seasonal Glow Glow, Lasting Tan Boost, Hypoallergenic Powder, Cruelty-Free & Hypoallergenic- Light-to-Medium</p><p>$12.98</p><a href="https://www.amazon.com/dp/B006WZ9O72?tag=eloabder-20&linkCode=osi&th=1&psc=1">View Product</a></div><div class="product"><a href="https://www.amazon.com/dp/B0CNTYPSSZ?tag=eloabder-20&linkCode=osi&th=1&psc=1"><img src="https://m.media-amazon.com/images/I/416D4Z7hQ8L._SL500_.jpg" alt="Product Image"></a><p>Milani Cheek Kiss Cream Bronzer-110 Hey Honey</p><p>$9.97</p><a href="https://www.amazon.com/dp/B0CNTYPSSZ?tag=eloabder-20&linkCode=osi&th=1&psc=1">View Product</a></div><div class="product"><a href="https://www.amazon.com/dp/B0CVNKP1FM?tag=eloabder-20&linkCode=osi&th=1&psc=1"><img src="https://m.media-amazon.com/images/I/41v4UlIsUOL._SL500_.jpg" alt="Product Image"></a><p>NYX PROFESSIONAL MAKEUP Matte Buttermelt Bronzer, Longwear Face Makeup with Up to 12 Hours of Wear, Vegan Formula - Butta Than U</p><p>$7.70</p><a href="https://www.amazon.com/dp/B0CVNKP1FM?tag=eloabder-20&linkCode=osi&th=1&psc=1">View Product</a></div>
<div class="product"><a href="https://www.amazon.com/dp/B09288DSSX?tag=eloabder-20&linkCode=osi&th=1&psc=1"><img src="https://m.media-amazon.com/images/I/417z6evbmhL._SL500_.jpg" alt="Product Image"></a><p>KYDA Face Highlighter Palette, High Glossy Face Illuminator Palette, Narutal Glow Finish, Pearl Shimmer Smooth Baked Powder, Lasting Sparkling Highlighter Makeup-SUN GLOW</p><p>$9.99</p><a href="https://www.amazon.com/dp/B09288DSSX?tag=eloabder-20&linkCode=osi&th=1&psc=1">View Product</a></div><div class="product"><a href="https://www.amazon.com/dp/B0C41PSDZF?tag=eloabder-20&linkCode=osi&th=1&psc=1"><img src="https://m.media-amazon.com/images/I/41FLNU-tL-L._SL500_.jpg" alt="Product Image"></a><p>NYX PROFESSIONAL MAKEUP, Jumbo Multi-Use Face Highlighter Stick - Vanilla Ice Cream</p><p>$6.00</p><a href="https://www.amazon.com/dp/B0C41PSDZF?tag=eloabder-20&linkCode=osi&th=1&psc=1">View Product</a></div><div class="product"><a href="https://www.amazon.com/dp/B082YPL2SV?tag=eloabder-20&linkCode=osi&th=1&psc=1"><img src="https://m.media-amazon.com/images/I/51Y+MCkwArL._SL500_.jpg" alt="Product Image"></a><p>Wet n Wild MegaGlo Blushlighter, Blendable Blush & Highlighter Set, Shimmery Metallic Finish, Highlight Bling</p><p>$5.47</p><a href="https://www.amazon.com/dp/B082YPL2SV?tag=eloabder-20&linkCode=osi&th=1&psc=1">View Product</a></div><div class="product"><a href="https://www.amazon.com/dp/B07QPY11KY?tag=eloabder-20&linkCode=osi&th=1&psc=1"><img src="https://m.media-amazon.com/images/I/312T7p8cW6L._SL500_.jpg" alt="Product Image"></a><p>Revolution Beauty, Reloaded Pressed Powder Highlighter, Intensely Pigmented for a High Impact Dewy Finish, Dare To Divulge, 0.22 Oz.</p><p>$6.98</p><a href="https://www.amazon.com/dp/B07QPY11KY?tag=eloabder-20&linkCode=osi&th=1&psc=1">View Product</a></div><div class="product"><a href="https://www.amazon.com/dp/B0C6V67KJW?tag=eloabder-20&linkCode=osi&th=1&psc=1"><img src="https://m.media-amazon.com/images/I/31Yh8b8JEjL._SL500_.jpg" alt="Product Image"></a><p>e.l.f. Halo Glow Highlight Beauty Wand, Liquid Highlighter Wand For Luminous, Glowing Skin, Buildable Formula, Vegan & Cruelty-free,Champagne Campaign</p><p>$9.00</p><a href="https://www.amazon.com/dp/B0C6V67KJW?tag=eloabder-20&linkCode=osi&th=1&psc=1">View Product</a></div><div class="product"><a href="https://www.amazon.com/dp/B073WMG59J?tag=eloabder-20&linkCode=osi&th=1&psc=1"><img src="https://m.media-amazon.com/images/I/51fz8bpJNNL._SL500_.jpg" alt="Product Image"></a><p>wet n wild MegaGlo Highlighting Powder, Highlighter Makeup, Shimmer Glow, Pink Rose Gold Blossom Glow</p><p>$5.47</p><a href="https://www.amazon.com/dp/B073WMG59J?tag=eloabder-20&linkCode=osi&th=1&psc=1">View Product</a></div><div class="product"><a href="https://www.amazon.com/dp/B074PTZCNW?tag=eloabder-20&linkCode=osi&th=1&psc=1"><img src="https://m.media-amazon.com/images/I/31btEAGukiL._SL500_.jpg" alt="Product Image"></a><p>L'Oreal Paris Makeup True Match Lumi Glotion, Natural Glow Enhancer, Illuminator Highlighter Skin Tint, for an All Day Radiant Glow, Light, 1.35 Ounces</p><p>$12.74</p><a href="https://www.amazon.com/dp/B074PTZCNW?tag=eloabder-20&linkCode=osi&th=1&psc=1">View Product</a></div><div class="product"><a href="https://www.amazon.com/dp/B0BD9HYBKD?tag=eloabder-20&linkCode=osi&th=1&psc=1"><img src="https://m.media-amazon.com/images/I/319tXl8nMUL._SL500_.jpg" alt="Product Image"></a><p>LAURA GELLER NEW YORK Baked Natural Glow Highlighter Radiance Enhancing Makeup, French Vanilla</p><p>$18.99</p><a href="https://www.amazon.com/dp/B0BD9HYBKD?tag=eloabder-20&linkCode=osi&th=1&psc=1">View Product</a></div><div class="product"><a href="https://www.amazon.com/dp/B075K784FK?tag=eloabder-20&linkCode=osi&th=1&psc=1"><img src="https://m.media-amazon.com/images/I/51q6Nf009iL._SL500_.jpg" alt="Product Image"></a><p>Physicians Formula Murumuru Butter Highlighter Makeup Face Powder Make Up, Pearl, Dermatologist Approved</p><p>$10.00</p><a href="https://www.amazon.com/dp/B075K784FK?tag=eloabder-20&linkCode=osi&th=1&psc=1">View Product</a></div><div class="product"><a href="https://www.amazon.com/dp/B083574V27?tag=eloabder-20&linkCode=osi&th=1&psc=1"><img src="https://m.media-amazon.com/images/I/41fyFVpDrXL._SL500_.jpg" alt="Product Image"></a><p>Milani Baked Highlighter (Dolce Perla) - Cruelty-Free Powder Highlighter, Highlight Face for a Shimmery or Matte Finish</p><p>$10.97 ($39.18 / Ounce)</p><a href="https://www.amazon.com/dp/B083574V27?tag=eloabder-20&linkCode=osi&th=1&psc=1">View Product</a></div>
<div class="product"><a href="https://www.amazon.com/dp/B09XMYFTB7?tag=eloabder-20&linkCode=osi&th=1&psc=1"><img src="https://m.media-amazon.com/images/I/31t+Ua+JWSL._SL500_.jpg" alt="Product Image"></a><p>e.l.f. Power Grip Primer, Gel-Based & Hydrating Face Primer For Smoothing Skin & Gripping Makeup, Moisturizes & Primes, 0.811 Fl Oz (24 ml)</p><p>$9.98</p><a href="https://www.amazon.com/dp/B09XMYFTB7?tag=eloabder-20&linkCode=osi&th=1&psc=1">View Product</a></div><div class="product"><a href="https://www.amazon.com/dp/B07BHB7QBN?tag=eloabder-20&linkCode=osi&th=1&psc=1"><img src="https://m.media-amazon.com/images/I/31kMxA9EhWL._SL500_.jpg" alt="Product Image"></a><p>Maybelline New York Facestudio Master Prime Primer Makeup, Blur + Pore Minimize, 1 fl. oz.</p><p>$8.99</p><a href="https://www.amazon.com/dp/B07BHB7QBN?tag=eloabder-20&linkCode=osi&th=1&psc=1">View Product</a></div><div class="product"><a href="https://www.amazon.com/dp/B00JZ4V6V4?tag=eloabder-20&linkCode=osi&th=1&psc=1"><img src="https://m.media-amazon.com/images/I/31jO7qDk9zL._SL500_.jpg" alt="Product Image"></a><p>e.l.f. Poreless Face Primer, Restoring Makeup Primer For A Flawless, Smooth Canvas, Infused With Tea Tree & Vitamin A, Vegan & Cruelty-Free, 0.47 Fl Oz</p><p>$7.83</p><a href="https://www.amazon.com/dp/B00JZ4V6V4?tag=eloabder-20&linkCode=osi&th=1&psc=1">View Product</a></div><div class="product"><a href="https://www.amazon.com/dp/B0BQQS5GBQ?tag=eloabder-20&linkCode=osi&th=1&psc=1"><img src="https://m.media-amazon.com/images/I/31TLdF8cy8L._SL500_.jpg" alt="Product Image"></a><p>e.l.f. Power Grip Primer + 4% Niacinamide, Gel-Based & Hydrating Face Primer, Evens Skin & Brightens, Grips Makeup, Vegan & Cruelty-Free, 0.8 Fl Oz</p><p>$10.00</p><a href="https://www.amazon.com/dp/B0BQQS5GBQ?tag=eloabder-20&linkCode=osi&th=1&psc=1">View Product</a></div><div class="product"><a href="https://www.amazon.com/dp/B07NSH2B4D?tag=eloabder-20&linkCode=osi&th=1&psc=1"><img src="https://m.media-amazon.com/images/I/31gmpEmsBmL._SL500_.jpg" alt="Product Image"></a><p>e.l.f. Poreless Putty Primer, Silky, Skin-Perfecting, Lightweight, Long Lasting, Smooths, Hydrates, Minimizes Pores, Flawless Base & Finish, All-Day Wear, Ideal for All Skin Types, 0.74 Fl Oz</p><p>$10.00</p><a href="https://www.amazon.com/dp/B07NSH2B4D?tag=eloabder-20&linkCode=osi&th=1&psc=1">View Product</a></div><div class="product"><a href="https://www.amazon.com/dp/B09WYT4QTJ?tag=eloabder-20&linkCode=osi&th=1&psc=1"><img src="https://m.media-amazon.com/images/I/214qTbvzjrL._SL500_.jpg" alt="Product Image"></a><p>Smashbox The Original Photo Finish Smooth & Blur Oil-Free Makeup Primer - Infused with Vitamin A & E, Reduces The Appearance of Fine Lines and Pores - Travel Size, 0.34 fl oz</p><p>$16.00 ($47.06 / Ounce)</p><a href="https://www.amazon.com/dp/B09WYT4QTJ?tag=eloabder-20&linkCode=osi&th=1&psc=1">View Product</a></div><div class="product"><a href="https://www.amazon.com/dp/B07PQN4XZ1?tag=eloabder-20&linkCode=osi&th=1&psc=1"><img src="https://m.media-amazon.com/images/I/31BdxqUi-iL._SL500_.jpg" alt="Product Image"></a><p>Milk Makeup Hydro Grip Primer - 0.33 fl oz - Hydrates & Grips Makeup for Up to 12 Hours - Prevents Caking - All Skin Types - Fragrance-Free - Vegan, Cruelty Free</p><p>$20.00 ($60.61 / Fl Oz)</p><a href="https://www.amazon.com/dp/B07PQN4XZ1?tag=eloabder-20&linkCode=osi&th=1&psc=1">View Product</a></div><div class="product"><a href="https://www.amazon.com/dp/B00HVI8WYU?tag=eloabder-20&linkCode=osi&th=1&psc=1"><img src="https://m.media-amazon.com/images/I/31educzzSsL._SL500_.jpg" alt="Product Image"></a><p>e.l.f. Hydrating Face Primer, Makeup Primer For Flawless, Smooth Skin & Long-Lasting Makeup, Fills In Pores & Fine Lines, Vegan & Cruelty-free, Small</p><p>$8.00</p><a href="https://www.amazon.com/dp/B00HVI8WYU?tag=eloabder-20&linkCode=osi&th=1&psc=1">View Product</a></div><div class="product"><a href="https://www.amazon.com/dp/B07BHBDN3Y?tag=eloabder-20&linkCode=osi&th=1&psc=1"><img src="https://m.media-amazon.com/images/I/3173qcBCyFL._SL500_.jpg" alt="Product Image"></a><p>Maybelline New York Facestudio Master Prime Primer Makeup, Blur+ Defend, 1 fl. oz.</p><p>$9.77</p><a href="https://www.amazon.com/dp/B07BHBDN3Y?tag=eloabder-20&linkCode=osi&th=1&psc=1">View Product</a></div><div class="product"><a href="https://www.amazon.com/dp/B00I9X3UKM?tag=eloabder-20&linkCode=osi&th=1&psc=1"><img src="https://m.media-amazon.com/images/I/31Bx9WdmmdL._SL500_.jpg" alt="Product Image"></a><p>Rimmel London Stay Matte - 003 - Primer, Ultra-Lightweight, Controls Shine, Doesn’t Feel Greasy, 1oz</p><p>$5.97</p><a href="https://www.amazon.com/dp/B00I9X3UKM?tag=eloabder-20&linkCode=osi&th=1&psc=1">View Product</a></div>
<div class="product"><a href="https://www.amazon.com/dp/B008C131AK?tag=eloabder-20&linkCode=osi&th=1&psc=1"><img src="https://m.media-amazon.com/images/I/41EVShOq3PL._SL500_.jpg" alt="Product Image"></a><p>Maybelline Dream Fresh Skin Hydrating BB cream, 8-in-1 Skin Perfecting Beauty Balm with Broad Spectrum SPF 30, Sheer Tint Coverage, Oil-Free, Medium, 1 Fl Oz</p><p>$7.99</p><a href="https://www.amazon.com/dp/B008C131AK?tag=eloabder-20&linkCode=osi&th=1&psc=1">View Product</a></div><div class="product"><a href="https://www.amazon.com/dp/B0084A5PWQ?tag=eloabder-20&linkCode=osi&th=1&psc=1"><img src="https://m.media-amazon.com/images/I/31RjcO5JPeL._SL500_.jpg" alt="Product Image"></a><p>L'Oréal Paris Makeup Magic Skin Beautifier BB Cream Tinted Moisturizer, Medium, 1 fl oz, 1 Count</p><p>$9.98</p><a href="https://www.amazon.com/dp/B0084A5PWQ?tag=eloabder-20&linkCode=osi&th=1&psc=1">View Product</a></div><div class="product"><a href="https://www.amazon.com/dp/B002B9DWBC?tag=eloabder-20&linkCode=osi&th=1&psc=1"><img src="https://m.media-amazon.com/images/I/41ZejVfTaoL._SL500_.jpg" alt="Product Image"></a><p>MISSHA M Perfect BB Cream No.21 Light Beige for Bright Skin SPF 42 PA +++ 1.69 Fl Oz - Tinted Moisturizer for face with SPF</p><p>$9.90</p><a href="https://www.amazon.com/dp/B002B9DWBC?tag=eloabder-20&linkCode=osi&th=1&psc=1">View Product</a></div><div class="product"><a href="https://www.amazon.com/dp/B00KJ82CN6?tag=eloabder-20&linkCode=osi&th=1&psc=1"><img src="https://m.media-amazon.com/images/I/41VM3jcO3oS._SL500_.jpg" alt="Product Image"></a><p>Maybelline Dream Pure Skin Clearing BB Cream, 8-in-1 Skin Perfecting Beauty Balm With 2% Salicylic Acid, Sheer Tint Coverage, Oil-Free, Light/Medium, 1 Count</p><p>$7.99</p><a href="https://www.amazon.com/dp/B00KJ82CN6?tag=eloabder-20&linkCode=osi&th=1&psc=1">View Product</a></div><div class="product"><a href="https://www.amazon.com/dp/B000V33OGS?tag=eloabder-20&linkCode=osi&th=1&psc=1"><img src="https://m.media-amazon.com/images/I/41I8dzKEI+L._SL500_.jpg" alt="Product Image"></a><p>COVERGIRL Smoothers Lightweight BB Cream, Fair to Light 805, 1.35 oz (Packaging May Vary) Lightweight Hydrating 10-In-1 Skin Enhancer with SPF 21 UV Protection</p><p>$6.97</p><a href="https://www.amazon.com/dp/B000V33OGS?tag=eloabder-20&linkCode=osi&th=1&psc=1">View Product</a></div><div class="product"><a href="https://www.amazon.com/dp/B01E527F38?tag=eloabder-20&linkCode=osi&th=1&psc=1"><img src="https://m.media-amazon.com/images/I/31jXYhER5QL._SL500_.jpg" alt="Product Image"></a><p>COVERGIRL - Clean Matte BB Cream, Oil-Free, Long-Lasting, Sensitive Skin, Lightweight, 100% Cruelty-Free</p><p>$7.99</p><a href="https://www.amazon.com/dp/B01E527F38?tag=eloabder-20&linkCode=osi&th=1&psc=1">View Product</a></div><div class="product"><a href="https://www.amazon.com/dp/B07WTX6SKL?tag=eloabder-20&linkCode=osi&th=1&psc=1"><img src="https://m.media-amazon.com/images/I/41mtjVTdh3L._SL500_.jpg" alt="Product Image"></a><p>MISSHA M Perfect Cover BB Cream No.13 Bright Beige for Fair Skin SPF 42 PA +++ 1.69 Fl Oz - Tinted Moisturizer for face with SPF</p><p>$9.70 ($5.74 / Fl Oz)</p><a href="https://www.amazon.com/dp/B07WTX6SKL?tag=eloabder-20&linkCode=osi&th=1&psc=1">View Product</a></div><div class="product"><a href="https://www.amazon.com/dp/B09BYL7M3G?tag=eloabder-20&linkCode=osi&th=1&psc=1"><img src="https://m.media-amazon.com/images/I/41t-BZ1FdOL._SL500_.jpg" alt="Product Image"></a><p>purlisse Ageless Glow Serum BB Cream SPF 40 : Clean & Cruelty-Free, Full & Flawless Coverage, Hydrates with Collagen | Light 1.4oz</p><p>$39.00 ($37.50 / Fl Oz)</p><a href="https://www.amazon.com/dp/B09BYL7M3G?tag=eloabder-20&linkCode=osi&th=1&psc=1">View Product</a></div><div class="product"><a href="https://www.amazon.com/dp/B08JCK7LSN?tag=eloabder-20&linkCode=osi&th=1&psc=1"><img src="https://m.media-amazon.com/images/I/31KzNyZ7WBL._SL500_.jpg" alt="Product Image"></a><p>PURITO Cica Clearing BB Cream #21 Light Beige 1 fl.oz / 30ml, Vegan bb cream, tinted</p><p>$12.00</p><a href="https://www.amazon.com/dp/B08JCK7LSN?tag=eloabder-20&linkCode=osi&th=1&psc=1">View Product</a></div><div class="product"><a href="https://www.amazon.com/dp/B01M9FG3PS?tag=eloabder-20&linkCode=osi&th=1&psc=1"><img src="https://m.media-amazon.com/images/I/41i-ftNWghL._SL500_.jpg" alt="Product Image"></a><p>pūrlisse Perfect Glow BB Cream SPF 30: Clean & Cruelty-Free, Medium Flawless Coverage, Hydrates with Jasmine | Light 1.4oz</p><p>$36.00 ($26.47 / Fl Oz)</p><a href="https://www.amazon.com/dp/B01M9FG3PS?tag=eloabder-20&linkCode=osi&th=1&psc=1">View Product</a></div>
<div class="product"><a href="https://www.amazon.com/dp/B00RZ4R0ZM?tag=eloabder-20&linkCode=osi&th=1&psc=1"><img src="https://m.media-amazon.com/images/I/41h3Z7gUh4L._SL500_.jpg" alt="Product Image"></a><p>IT Cosmetics Your Skin But Better CC+ Cream, Light (W) - Color Correcting Cream, Full-Coverage Foundation, Hydrating Serum & SPF 50+ Sunscreen - Natural Finish - 1.08 fl oz</p><p>$47.00 ($43.52 / Fl Oz)</p><a href="https://www.amazon.com/dp/B00RZ4R0ZM?tag=eloabder-20&linkCode=osi&th=1&psc=1">View Product</a></div><div class="product"><a href="https://www.amazon.com/dp/B09TSSR6TQ?tag=eloabder-20&linkCode=osi&th=1&psc=1"><img src="https://m.media-amazon.com/images/I/41YfZQIZVHL._SL500_.jpg" alt="Product Image"></a><p>Erborian Color Correcting CC Cream with cica, Tan (Dore) - Lightweight Multi-Purpose Foundation with Illuminating Finish Soothes & Hydrates - SPF Korean Skincare Skin Perfector - 1.5 Oz</p><p>$46.00 ($30.67 / Ounce)</p><a href="https://www.amazon.com/dp/B09TSSR6TQ?tag=eloabder-20&linkCode=osi&th=1&psc=1">View Product</a></div><div class="product"><a href="https://www.amazon.com/dp/B0CG67918Y?tag=eloabder-20&linkCode=osi&th=1&psc=1"><img src="https://m.media-amazon.com/images/I/31ZBRrlGQeL._SL500_.jpg" alt="Product Image"></a><p>Color Correcting CC Cream with SPF 25, Coverage Lightweight Foundation, Hydrating Serum, Even Skin Tone Makeup and Skin Care, Boost Radiance, Refine Skin Texture, Avoid Sun Damage (LightLight, 1PCS)</p><p>$9.99</p><a href="https://www.amazon.com/dp/B0CG67918Y?tag=eloabder-20&linkCode=osi&th=1&psc=1">View Product</a></div><div class="product"><a href="https://www.amazon.com/dp/B07GV322NS?tag=eloabder-20&linkCode=osi&th=1&psc=1"><img src="https://m.media-amazon.com/images/I/318Xp-z4BzL._SL500_.jpg" alt="Product Image"></a><p>IT Cosmetics Your Skin But Better CC+ Cream Illumination - Color Correcting Cream, Full-Coverage Foundation, Hydrating Serum & SPF 50+ Sunscreen Radiant Finish 1.08 fl oz</p><p>$47.00 ($43.52 / Fl Oz)</p><a href="https://www.amazon.com/dp/B07GV322NS?tag=eloabder-20&linkCode=osi&th=1&psc=1">View Product</a></div><div class="product"><a href="https://www.amazon.com/dp/B08TQMG68Q?tag=eloabder-20&linkCode=osi&th=1&psc=1"><img src="https://m.media-amazon.com/images/I/31WzGFVeXLL._SL500_.jpg" alt="Product Image"></a><p>e.l.f. Camo CC Cream, Color Correcting Medium-To-Full Coverage Foundation with SPF 30, Light 240 W, 1.05 Oz (30g)</p><p>$14.29</p><a href="https://www.amazon.com/dp/B08TQMG68Q?tag=eloabder-20&linkCode=osi&th=1&psc=1">View Product</a></div><div class="product"><a href="https://www.amazon.com/dp/B00HUA6LCO?tag=eloabder-20&linkCode=osi&th=1&psc=1"><img src="https://m.media-amazon.com/images/I/31tzzIuzR3L._SL500_.jpg" alt="Product Image"></a><p>Physicians Formula Super CC+ Cream Color-Correction + Care Cream Full Coverage Light Foundation, Anti Aging Hydrating Serum, For Uneven Skin Tone, Dermatologist Approved</p><p>$12.30</p><a href="https://www.amazon.com/dp/B00HUA6LCO?tag=eloabder-20&linkCode=osi&th=1&psc=1">View Product</a></div><div class="product"><a href="https://www.amazon.com/dp/B00E4OQ63I?tag=eloabder-20&linkCode=osi&th=1&psc=1"><img src="https://m.media-amazon.com/images/I/31C4yvovnxL._SL500_.jpg" alt="Product Image"></a><p>Lumene Color Correcting CC Cream - Lightweight Foundation with Medium Coverage - Redness Reducing Face Makeup for a Glowing Complexion - Vegan Formula + Suitable for All Skin Types - Medium (1 fl oz)</p><p>$17.40 ($17.40 / Fl Oz)</p><a href="https://www.amazon.com/dp/B00E4OQ63I?tag=eloabder-20&linkCode=osi&th=1&psc=1">View Product</a></div><div class="product"><a href="https://www.amazon.com/dp/B09TSRF2Q8?tag=eloabder-20&linkCode=osi&th=1&psc=1"><img src="https://m.media-amazon.com/images/I/41lZpQCt9HL._SL500_.jpg" alt="Product Image"></a><p>Erborian Color Correcting CC Cream with Centella Asiatica, Red Correct - Light Multi-Purpose Facial Concealer with Illuminating Finish Soothes & Hydrates - SPF Korean Skincare Skin Perfector - 0.5 Oz</p><p>$25.00 ($50.00 / Ounce)</p><a href="https://www.amazon.com/dp/B09TSRF2Q8?tag=eloabder-20&linkCode=osi&th=1&psc=1">View Product</a></div><div class="product"><a href="https://www.amazon.com/dp/B00U3203IY?tag=eloabder-20&linkCode=osi&th=1&psc=1"><img src="https://m.media-amazon.com/images/I/31BL0K5i4vL._SL500_.jpg" alt="Product Image"></a><p>IT Cosmetics Your Skin But Better CC+ Cream Travel Size, Light (W) - Color Correcting Cream, Full-Coverage Foundation, Hydrating Serum & SPF 50+ Sunscreen - Natural Finish - 0.406 fl oz</p><p>$22.00 ($55.00 / Fl Oz)</p><a href="https://www.amazon.com/dp/B00U3203IY?tag=eloabder-20&linkCode=osi&th=1&psc=1">View Product</a></div>
<div class="product"><a href="https://www.amazon.com/dp/B0CG68RTBB?tag=eloabder-20&linkCode=osi&th=1&psc=1"><img src="https://m.media-amazon.com/images/I/51d8MhcTFdL._SL500_.jpg" alt="Product Image"></a><p>Contour Stick, Highlighter Stick, Blush Stick 3Pcs Cream Contour Kit with Contour Brush, Create Face Contour, Non-greasy, Waterproof Long-lasting Effect, Highlighter Makeup Stick for Beginner Medium</p><p>$6.64 ($1.72 / Ounce)</p><a href="https://www.amazon.com/dp/B0CG68RTBB?tag=eloabder-20&linkCode=osi&th=1&psc=1">View Product</a></div><div class="product"><a href="https://www.amazon.com/dp/B0B7713RZQ?tag=eloabder-20&linkCode=osi&th=1&psc=1"><img src="https://m.media-amazon.com/images/I/51pLW0sMwGL._SL500_.jpg" alt="Product Image"></a><p>4 Colors Cream Contour Sticks Makeup Kit, Primer Face Highlighter Contouring for Beginners, Highlight and Contour Kit, Cream Concealer Makeup Blur Stick, Primer Face Corrector 1#,3#</p><p>$9.98</p><a href="https://www.amazon.com/dp/B0B7713RZQ?tag=eloabder-20&linkCode=osi&th=1&psc=1">View Product</a></div><div class="product"><a href="https://www.amazon.com/dp/B014PVXY5W?tag=eloabder-20&linkCode=osi&th=1&psc=1"><img src="https://m.media-amazon.com/images/I/41Qf+n9Gn-L._SL500_.jpg" alt="Product Image"></a><p>Aesthetica Cosmetics Cream Contour and Highlighting Makeup Kit - Contouring Foundation/Concealer Palette - Vegan & Cruelty Free - Step-by-Step Instructions Included</p><p>$29.97 ($47.57 / Ounce)</p><a href="https://www.amazon.com/dp/B014PVXY5W?tag=eloabder-20&linkCode=osi&th=1&psc=1">View Product</a></div><div class="product"><a href="https://www.amazon.com/dp/B0CSCYCQTP?tag=eloabder-20&linkCode=osi&th=1&psc=1"><img src="https://m.media-amazon.com/images/I/41g9O0LMEpL._SL500_.jpg" alt="Product Image"></a><p>Umadit Contour Stick, Blush Stick, Highlighter Stick, Bronzer Stick, 3 Pcs Cream Contour Kit with Brush for a Flawless Look, Contour Stick Makeup Non-Greasy Waterproof, Long-lasting Fair-Medium</p><p>$14.99</p><a href="https://www.amazon.com/dp/B0CSCYCQTP?tag=eloabder-20&linkCode=osi&th=1&psc=1">View Product</a></div><div class="product"><a href="https://www.amazon.com/dp/B0C6MYW7FC?tag=eloabder-20&linkCode=osi&th=1&psc=1"><img src="https://m.media-amazon.com/images/I/51CRa+rR5yL._SL500_.jpg" alt="Product Image"></a><p>3Pcs Cream Contour Stick Makeup Kit,Shades with Highlighter Stick,Blush Stick and Bronzer Contour Stick for Sculpt the Cheeks,Long Lasting,Waterproof,Matte & Dewy Finish,LIGHT MEDIUM (#02,05,06)</p><p>$12.99</p><a href="https://www.amazon.com/dp/B0C6MYW7FC?tag=eloabder-20&linkCode=osi&th=1&psc=1">View Product</a></div><div class="product"><a href="https://www.amazon.com/dp/B074G44PVR?tag=eloabder-20&linkCode=osi&th=1&psc=1"><img src="https://m.media-amazon.com/images/I/41dMa+Rs2NL._SL500_.jpg" alt="Product Image"></a><p>W7 Lift & Sculpt Cream Contour Kit - Concealing, Highlighting & Contouring Makeup Palette - Step-by-Step Instructions Included</p><p>$6.29 ($8.99 / Ounce)</p><a href="https://www.amazon.com/dp/B074G44PVR?tag=eloabder-20&linkCode=osi&th=1&psc=1">View Product</a></div><div class="product"><a href="https://www.amazon.com/dp/B0045J2GKY?tag=eloabder-20&linkCode=osi&th=1&psc=1"><img src="https://m.media-amazon.com/images/I/31m4Yh07iZL._SL500_.jpg" alt="Product Image"></a><p>Smashbox Step-By-Step Contour, Highlighter, & Bronzer Face Palette with Angled Brush, Light/Medium</p><p>$40.00 ($100.00 / Ounce)</p><a href="https://www.amazon.com/dp/B0045J2GKY?tag=eloabder-20&linkCode=osi&th=1&psc=1">View Product</a></div><div class="product"><a href="https://www.amazon.com/dp/B0169YYBYQ?tag=eloabder-20&linkCode=osi&th=1&psc=1"><img src="https://m.media-amazon.com/images/I/31BGUv-HtUL._SL500_.jpg" alt="Product Image"></a><p>Maybelline Facestudio Master Contour Face Contouring Kit, Light to Medium, 1 Count</p><p>$9.98 ($28.51 / Ounce)</p><a href="https://www.amazon.com/dp/B0169YYBYQ?tag=eloabder-20&linkCode=osi&th=1&psc=1">View Product</a></div><div class="product"><a href="https://www.amazon.com/dp/B00HG1JMB4?tag=eloabder-20&linkCode=osi&th=1&psc=1"><img src="https://m.media-amazon.com/images/I/31wv1eTLSgL._SL500_.jpg" alt="Product Image"></a><p>Anastasia Beverly Hills Contour Powder Kit - Light to Medium Women 0.66 oz</p><p>$40.00 ($60.61 / Ounce)</p><a href="https://www.amazon.com/dp/B00HG1JMB4?tag=eloabder-20&linkCode=osi&th=1&psc=1">View Product</a></div><div class="product"><a href="https://www.amazon.com/dp/B0CZLKZ5MV?tag=eloabder-20&linkCode=osi&th=1&psc=1"><img src="https://m.media-amazon.com/images/I/41bkKtdgzlL._SL500_.jpg" alt="Product Image"></a><p>3Pcs Cream Contour Stick Makeup Kit, Shades with Highlighter Stick, Blush Stick and Bronzer Contour Stick for Sculpt the Cheeks, Long Lasting, Waterproof, Matte & Dewy Finish (LIGHT MEDIUM)</p><p>$9.99</p><a href="https://www.amazon.com/dp/B0CZLKZ5MV?tag=eloabder-20&linkCode=osi&th=1&psc=1">View Product</a></div>
<div class="product"><a href="https://www.amazon.com/dp/B00WZQTCS8?tag=eloabder-20&linkCode=osi&th=1&psc=1"><img src="https://m.media-amazon.com/images/I/41iVoW5QboL._SL500_.jpg" alt="Product Image"></a><p>NYX PROFESSIONAL MAKEUP Micro Brow Pencil, Eyebrow Pencil - Espresso</p><p>$7.33</p><a href="https://www.amazon.com/dp/B00WZQTCS8?tag=eloabder-20&linkCode=osi&th=1&psc=1">View Product</a></div><div class="product"><a href="https://www.amazon.com/dp/B01643FI0I?tag=eloabder-20&linkCode=osi&th=1&psc=1"><img src="https://m.media-amazon.com/images/I/21w1DpgxRoL._SL500_.jpg" alt="Product Image"></a><p>L'Oreal Paris Makeup Brow Stylist Definer Waterproof Eyebrow Pencil, Ultra-Fine Mechanical Pencil, Draws Tiny Brow Hairs and Fills in Sparse Areas and Gaps, Dark Brunette, 0.003 Ounce (Pack of 1)</p><p>$8.98</p><a href="https://www.amazon.com/dp/B01643FI0I?tag=eloabder-20&linkCode=osi&th=1&psc=1">View Product</a></div><div class="product"><a href="https://www.amazon.com/dp/B074VD4X7W?tag=eloabder-20&linkCode=osi&th=1&psc=1"><img src="https://m.media-amazon.com/images/I/41eK8J1W2rL._SL500_.jpg" alt="Product Image"></a><p>Maybelline Total Temptation Eyebrow Definer Pencil, Soft Brown, 1 Count</p><p>$8.99</p><a href="https://www.amazon.com/dp/B074VD4X7W?tag=eloabder-20&linkCode=osi&th=1&psc=1">View Product</a></div><div class="product"><a href="https://www.amazon.com/dp/B0797NNXS7?tag=eloabder-20&linkCode=osi&th=1&psc=1"><img src="https://m.media-amazon.com/images/I/31M1oepnAnL._SL500_.jpg" alt="Product Image"></a><p>wet n wild Ultimate Eyebrow Retractable Definer Pencil, Dark Brown, Dual-Sided, Fine Tip, Shapes, Defines, Fills Brows Makeup</p><p>$3.26</p><a href="https://www.amazon.com/dp/B0797NNXS7?tag=eloabder-20&linkCode=osi&th=1&psc=1">View Product</a></div><div class="product"><a href="https://www.amazon.com/dp/B0B52KG7YP?tag=eloabder-20&linkCode=osi&th=1&psc=1"><img src="https://m.media-amazon.com/images/I/31Mi4FEPxYL._SL500_.jpg" alt="Product Image"></a><p>e.l.f. Instant Lift Brow Pencil, Dual-Ended Precision Brow Pencils For Shaping & Defining Eyebrows, Vegan & Cruelty-Free, Neutral Brown, 2-Pack</p><p>$5.00</p><a href="https://www.amazon.com/dp/B0B52KG7YP?tag=eloabder-20&linkCode=osi&th=1&psc=1">View Product</a></div><div class="product"><a href="https://www.amazon.com/dp/B0CPFY8K8W?tag=eloabder-20&linkCode=osi&th=1&psc=1"><img src="https://m.media-amazon.com/images/I/21SmXiqZZYL._SL500_.jpg" alt="Product Image"></a><p>e.l.f. Instant Lift Waterproof Brow Pencil, Long-Lasting Eyebrow Pencil For Grooming & Shaping Brows, Vegan & Cruelty-free, Deep Brown</p><p>$4.00</p><a href="https://www.amazon.com/dp/B0CPFY8K8W?tag=eloabder-20&linkCode=osi&th=1&psc=1">View Product</a></div><div class="product"><a href="https://www.amazon.com/dp/B0779TDXZD?tag=eloabder-20&linkCode=osi&th=1&psc=1"><img src="https://m.media-amazon.com/images/I/31lQjBd5GoL._SL500_.jpg" alt="Product Image"></a><p>COVERGIRL - Easy Breezy Brow Micro-Fine + Define Pencil, Micro-fine tip, no sharpening required, Built-in spoolie-brush, 100% Cruelty-Free</p><p>$6.98</p><a href="https://www.amazon.com/dp/B0779TDXZD?tag=eloabder-20&linkCode=osi&th=1&psc=1">View Product</a></div><div class="product"><a href="https://www.amazon.com/dp/B001ESKLZQ?tag=eloabder-20&linkCode=osi&th=1&psc=1"><img src="https://m.media-amazon.com/images/I/31bw47frHzS._SL500_.jpg" alt="Product Image"></a><p>COVERGIRL - Easy Breezy Brow Fill + Define Brow Pencil, Sharpener Included, Long-Lasting, Deeply Pigmented, Blendable Formula, 100% Cruelty-Free</p><p>$4.47</p><a href="https://www.amazon.com/dp/B001ESKLZQ?tag=eloabder-20&linkCode=osi&th=1&psc=1">View Product</a></div><div class="product"><a href="https://www.amazon.com/dp/B0BZB5S5VZ?tag=eloabder-20&linkCode=osi&th=1&psc=1"><img src="https://m.media-amazon.com/images/I/21yggYcUn7L._SL500_.jpg" alt="Product Image"></a><p>Maybelline Express Brow Ultra Slim Eyebrow Makeup, Brow Pencil with Precision Tip and Spoolie for Defined Eyebrows, Ash Brown, 1 Count</p><p>$7.99</p><a href="https://www.amazon.com/dp/B0BZB5S5VZ?tag=eloabder-20&linkCode=osi&th=1&psc=1">View Product</a></div><div class="product"><a href="https://www.amazon.com/dp/B0D12PWNK6?tag=eloabder-20&linkCode=osi&th=1&psc=1"><img src="https://m.media-amazon.com/images/I/51u7eOlEtFL._SL500_.jpg" alt="Product Image"></a><p>iMethod Microblading Eyebrow Pen - Eyebrow Pencil Magical 2-in-1 Dual-Ended Eye Brow Pencils for Women with 4-Fork-Tip & Precise Brush-Tip Create Natural Hair-Like Brows, Last All-Day, Dark Brown</p><p>$14.97 ($14.97 / Count)</p><a href="https://www.amazon.com/dp/B0D12PWNK6?tag=eloabder-20&linkCode=osi&th=1&psc=1">View Product</a></div>
<div class="product"><a href="https://www.amazon.com/dp/B08M58SWB1?tag=eloabder-20&linkCode=osi&th=1&psc=1"><img src="https://m.media-amazon.com/images/I/310xAdliG2L._SL500_.jpg" alt="Product Image"></a><p>NYX PROFESSIONAL MAKEUP The Brow Glue, Extreme Hold Eyebrow Gel - Clear</p><p>$9.97</p><a href="https://www.amazon.com/dp/B08M58SWB1?tag=eloabder-20&linkCode=osi&th=1&psc=1">View Product</a></div><div class="product"><a href="https://www.amazon.com/dp/B0CXZHMR7J?tag=eloabder-20&linkCode=osi&th=1&psc=1"><img src="https://m.media-amazon.com/images/I/31Yeo2ybK3L._SL500_.jpg" alt="Product Image"></a><p>L'Oreal Paris Infallible Up To 24H Wear Brow Lamination, Water-Resistant Longwear Eyebrow Gel Make Up, Clear/Transparent, 0.16 Fl Oz</p><p>$10.98</p><a href="https://www.amazon.com/dp/B0CXZHMR7J?tag=eloabder-20&linkCode=osi&th=1&psc=1">View Product</a></div><div class="product"><a href="https://www.amazon.com/dp/B00INCDKDQ?tag=eloabder-20&linkCode=osi&th=1&psc=1"><img src="https://m.media-amazon.com/images/I/31av5tR14oL._SL500_.jpg" alt="Product Image"></a><p>NYX PROFESSIONAL MAKEUP Control Freak Eyebrow Gel - Clear</p><p>$5.25</p><a href="https://www.amazon.com/dp/B00INCDKDQ?tag=eloabder-20&linkCode=osi&th=1&psc=1">View Product</a></div><div class="product"><a href="https://www.amazon.com/dp/B0815D98F3?tag=eloabder-20&linkCode=osi&th=1&psc=1"><img src="https://m.media-amazon.com/images/I/21QZMOUJnZL._SL500_.jpg" alt="Product Image"></a><p>e.l.f. Wow Brow Gel, Volumizing, Buildable, Wax-Gel Hybrid, Creates Full, Voluminous-Looking Brows, Locks Brow Hairs In Place, Neutral Brown, Fiber-Infused, 0.12 Oz</p><p>$5.00</p><a href="https://www.amazon.com/dp/B0815D98F3?tag=eloabder-20&linkCode=osi&th=1&psc=1">View Product</a></div><div class="product"><a href="https://www.amazon.com/dp/B0CZ9RC3LP?tag=eloabder-20&linkCode=osi&th=1&psc=1"><img src="https://m.media-amazon.com/images/I/31iejSSA86L._SL500_.jpg" alt="Product Image"></a><p>Maybelline Super Lock Brow Glue Eyebrow Gel, Lightweight Brow Gel For Up To 24HR Hold, Clear, 1 Count</p><p>$8.98</p><a href="https://www.amazon.com/dp/B0CZ9RC3LP?tag=eloabder-20&linkCode=osi&th=1&psc=1">View Product</a></div><div class="product"><a href="https://www.amazon.com/dp/B07GYBFBLY?tag=eloabder-20&linkCode=osi&th=1&psc=1"><img src="https://m.media-amazon.com/images/I/41kXdvFl3lL._SL500_.jpg" alt="Product Image"></a><p>L'Oreal Paris Unbelieva-Brow Longwear Waterproof Tinted Brow Gel, Smudge-resistant, Transfer- Proof, Quick Drying, Easy and quick application with precise brush, Blonde, 0.15 fl. oz.</p><p>$14.99</p><a href="https://www.amazon.com/dp/B07GYBFBLY?tag=eloabder-20&linkCode=osi&th=1&psc=1">View Product</a></div><div class="product"><a href="https://www.amazon.com/dp/B0BSP2J3BH?tag=eloabder-20&linkCode=osi&th=1&psc=1"><img src="https://m.media-amazon.com/images/I/316Jdh8JQ8L._SL500_.jpg" alt="Product Image"></a><p>e.l.f. Clear Lash & Brow Mascara 2-Pack, Conditioning Clear Brow & Lash Gel For Grooming, Defining & Separating, Long-Lasting, Vegan & Cruelty-Free</p><p>$5.00</p><a href="https://www.amazon.com/dp/B0BSP2J3BH?tag=eloabder-20&linkCode=osi&th=1&psc=1">View Product</a></div><div class="product"><a href="https://www.amazon.com/dp/B0D3FGY5D6?tag=eloabder-20&linkCode=osi&th=1&psc=1"><img src="https://m.media-amazon.com/images/I/31aAxHQKwVL._SL500_.jpg" alt="Product Image"></a><p>e.l.f. Brow Laminating Gel, Strong-Hold, Clear-Drying & Water-Resistant Brow Gel Creates Laminated Brows, Comb & Sculpt Brows, Vegan & Cruelty-free</p><p>$8.00</p><a href="https://www.amazon.com/dp/B0D3FGY5D6?tag=eloabder-20&linkCode=osi&th=1&psc=1">View Product</a></div><div class="product"><a href="https://www.amazon.com/dp/B00GI21NZA?tag=eloabder-20&linkCode=osi&th=1&psc=1"><img src="https://m.media-amazon.com/images/I/31w5F4g8lsL._SL500_.jpg" alt="Product Image"></a><p>Anastasia Beverly Hills - Clear Brow Gel</p><p>$22.00 ($22.00 / Count)</p><a href="https://www.amazon.com/dp/B00GI21NZA?tag=eloabder-20&linkCode=osi&th=1&psc=1">View Product</a></div>
<div class="product"><a href="https://www.amazon.com/dp/B001AAVC7Y?tag=eloabder-20&linkCode=osi&th=1&psc=1"><img src="https://m.media-amazon.com/images/I/51pWQb458XL._SL500_.jpg" alt="Product Image"></a><p>Palladio Brow Powder for Eyebrows, Soft and Natural Eyebrow Powder with Jojoba Oil & Shea Butter, Helps Enhance & Define Brows, Compact Size for Purse or Travel, Includes Applicator Brush, Taupe</p><p>$8.99</p><a href="https://www.amazon.com/dp/B001AAVC7Y?tag=eloabder-20&linkCode=osi&th=1&psc=1">View Product</a></div><div class="product"><a href="https://www.amazon.com/dp/B082YQ4QXJ?tag=eloabder-20&linkCode=osi&th=1&psc=1"><img src="https://m.media-amazon.com/images/I/41eSAKmXl+L._SL500_.jpg" alt="Product Image"></a><p>wet n wild Ultimate Eyebrow Makeup Kit, Eyebrow Powder Dark Brown, Brow Hair Removal Tweezers, Wax, Brush</p><p>$4.47</p><a href="https://www.amazon.com/dp/B082YQ4QXJ?tag=eloabder-20&linkCode=osi&th=1&psc=1">View Product</a></div><div class="product"><a href="https://www.amazon.com/dp/B06XRTKFLK?tag=eloabder-20&linkCode=osi&th=1&psc=1"><img src="https://m.media-amazon.com/images/I/41XwKxED0-L._SL500_.jpg" alt="Product Image"></a><p>COVERGIRL - Easy Breezy Brow Powder Kit, three shades brow definer, professional double-ended angled brush, effortless, 100% Cruelty-Free</p><p>$8.83</p><a href="https://www.amazon.com/dp/B06XRTKFLK?tag=eloabder-20&linkCode=osi&th=1&psc=1">View Product</a></div><div class="product"><a href="https://www.amazon.com/dp/B00L1JKKMC?tag=eloabder-20&linkCode=osi&th=1&psc=1"><img src="https://m.media-amazon.com/images/I/31bkV3lHN+L._SL500_.jpg" alt="Product Image"></a><p>Anastasia Beverly Hills - Brow Powder Duo - Soft Brown</p><p>$23.00</p><a href="https://www.amazon.com/dp/B00L1JKKMC?tag=eloabder-20&linkCode=osi&th=1&psc=1">View Product</a></div><div class="product"><a href="https://www.amazon.com/dp/B00MGK9Q5M?tag=eloabder-20&linkCode=osi&th=1&psc=1"><img src="https://m.media-amazon.com/images/I/415oCHJxIQL._SL500_.jpg" alt="Product Image"></a><p>Rimmel Brow This Way Sculpting Kit, Medium Brown, Powder 0.04 Ounce, Wax 0.03 Ounce</p><p>$6.99</p><a href="https://www.amazon.com/dp/B00MGK9Q5M?tag=eloabder-20&linkCode=osi&th=1&psc=1">View Product</a></div><div class="product"><a href="https://www.amazon.com/dp/B0051UM9VC?tag=eloabder-20&linkCode=osi&th=1&psc=1"><img src="https://m.media-amazon.com/images/I/41Y-UExgalL._SL500_.jpg" alt="Product Image"></a><p>Billion Dollar BrowBillion Dollar Brows - Eyebrow Powder - Blonde Powder, Blonde,</p><p>$10.99</p><a href="https://www.amazon.com/dp/B0051UM9VC?tag=eloabder-20&linkCode=osi&th=1&psc=1">View Product</a></div><div class="product"><a href="https://www.amazon.com/dp/B08KJBZTJG?tag=eloabder-20&linkCode=osi&th=1&psc=1"><img src="https://m.media-amazon.com/images/I/41MbUKhqKML._SL500_.jpg" alt="Product Image"></a><p>Eyebrow powder three-color eyebrow palette beauty contour eyebrow pencil professional eye makeup eyebrow filler1</p><p>$5.16 ($24.57 / Ounce)</p><a href="https://www.amazon.com/dp/B08KJBZTJG?tag=eloabder-20&linkCode=osi&th=1&psc=1">View Product</a></div><div class="product"><a href="https://www.amazon.com/dp/B0C5N2BWM2?tag=eloabder-20&linkCode=osi&th=1&psc=1"><img src="https://m.media-amazon.com/images/I/41JRf57GnvL._SL500_.jpg" alt="Product Image"></a><p>Eyebrow Powder Makeup Kit-3 Colors Eye Brow Powder Palette Long-Lasting Waterproof, Dark/light Brown Brow Filler, Fill & Sculpt Full Eyebrows for Women, With Mirror, Brow Brush & Razor-Set 02</p><p>$7.99 ($38.05 / Ounce)</p><a href="https://www.amazon.com/dp/B0C5N2BWM2?tag=eloabder-20&linkCode=osi&th=1&psc=1">View Product</a></div><div class="product"><a href="https://www.amazon.com/dp/B00M42I62G?tag=eloabder-20&linkCode=osi&th=1&psc=1"><img src="https://m.media-amazon.com/images/I/51Se54PcS2L._SL500_.jpg" alt="Product Image"></a><p>Marie-José & Co Medium Brown Eyebrow Powder - Perfect eyebrows, powder smooth!</p><p>$17.95</p><a href="https://www.amazon.com/dp/B00M42I62G?tag=eloabder-20&linkCode=osi&th=1&psc=1">View Product</a></div>
<div class="product"><a href="https://www.amazon.com/dp/B085WR3YDT?tag=eloabder-20&linkCode=osi&th=1&psc=1"><img src="https://m.media-amazon.com/images/I/41cuO8PyoTL._SL500_.jpg" alt="Product Image"></a><p>wet n wild Color Icon Cream Eyeshadow Multi-Stick, Moisturizing, Nourishing Velvety Cream-to-Powder Buildable & Blendable Formula, Cruelty-Free & Vegan - Champagne Room</p><p>$3.28</p><a href="https://www.amazon.com/dp/B085WR3YDT?tag=eloabder-20&linkCode=osi&th=1&psc=1">View Product</a></div><div class="product"><a href="https://www.amazon.com/dp/B01IW02HX2?tag=eloabder-20&linkCode=osi&th=1&psc=1"><img src="https://m.media-amazon.com/images/I/510F-WOAL4L._SL500_.jpg" alt="Product Image"></a><p>NYX PROFESSIONAL MAKEUP Ultimate Shadow Palette, Eyeshadow Palette - Warm Neutrals</p><p>$9.99</p><a href="https://www.amazon.com/dp/B01IW02HX2?tag=eloabder-20&linkCode=osi&th=1&psc=1">View Product</a></div><div class="product"><a href="https://www.amazon.com/dp/B092JQ23N5?tag=eloabder-20&linkCode=osi&th=1&psc=1"><img src="https://m.media-amazon.com/images/I/51OUufwItlL._SL500_.jpg" alt="Product Image"></a><p>URBAN DECAY 24/7 Longwear Eyeshadow Single (Sin - Champagne Shimmer), High-Pigment Eye Shadow Compact, Smooth & Blendable Colors, Crease-free, Vegan - 0.06 oz</p><p>$22.00</p><a href="https://www.amazon.com/dp/B092JQ23N5?tag=eloabder-20&linkCode=osi&th=1&psc=1">View Product</a></div><div class="product"><a href="https://www.amazon.com/dp/B00L5SMFJU?tag=eloabder-20&linkCode=osi&th=1&psc=1"><img src="https://m.media-amazon.com/images/I/41-WaM3A3tL._SL500_.jpg" alt="Product Image"></a><p>Covergirl Eye Enhancers Eye Shadow Palette, Natural Nudes, 0.19 Ounce</p><p>$5.48</p><a href="https://www.amazon.com/dp/B00L5SMFJU?tag=eloabder-20&linkCode=osi&th=1&psc=1">View Product</a></div><div class="product"><a href="https://www.amazon.com/dp/B01LW1983J?tag=eloabder-20&linkCode=osi&th=1&psc=1"><img src="https://m.media-amazon.com/images/I/51EsPf59XBL._SL500_.jpg" alt="Product Image"></a><p>Julep Eyeshadow 101 Crème to Powder Waterproof Eyeshadow Stick, Champagne Shimmer</p><p>$18.00</p><a href="https://www.amazon.com/dp/B01LW1983J?tag=eloabder-20&linkCode=osi&th=1&psc=1">View Product</a></div><div class="product"><a href="https://www.amazon.com/dp/B0D3FGFBGQ?tag=eloabder-20&linkCode=osi&th=1&psc=1"><img src="https://m.media-amazon.com/images/I/31HD2nUWJSL._SL500_.jpg" alt="Product Image"></a><p>e.l.f. Lock It Down Eyeshadow Primer, Smooth, Creamy Primer For Long-Lasting Eyeshadow, Intensifies Liquid & Powder Color, Vegan & Cruelty-free</p><p>$7.00</p><a href="https://www.amazon.com/dp/B0D3FGFBGQ?tag=eloabder-20&linkCode=osi&th=1&psc=1">View Product</a></div><div class="product"><a href="https://www.amazon.com/dp/B00UKP1M2K?tag=eloabder-20&linkCode=osi&th=1&psc=1"><img src="https://m.media-amazon.com/images/I/41hSsvPHKxL._SL500_.jpg" alt="Product Image"></a><p>Maybelline The Blushed Nudes Eyeshadow Palette Makeup, 12 Pigmented Matte & Shimmer Shades, Blendable Powder, 1 Count</p><p>$9.32</p><a href="https://www.amazon.com/dp/B00UKP1M2K?tag=eloabder-20&linkCode=osi&th=1&psc=1">View Product</a></div><div class="product"><a href="https://www.amazon.com/dp/B07MQJRK7N?tag=eloabder-20&linkCode=osi&th=1&psc=1"><img src="https://m.media-amazon.com/images/I/41yzRaUSPiL._SL500_.jpg" alt="Product Image"></a><p>Highly Pigmented Eye Makeup Palette, Matte Shimmer Metallic Eyeshadow Pallet Long Lasting Blendable Natural Colors Make Up Eye Shadows Cosmetics Gift Kit</p><p>$7.39</p><a href="https://www.amazon.com/dp/B07MQJRK7N?tag=eloabder-20&linkCode=osi&th=1&psc=1">View Product</a></div><div class="product"><a href="https://www.amazon.com/dp/B08RS6WNX7?tag=eloabder-20&linkCode=osi&th=1&psc=1"><img src="https://m.media-amazon.com/images/I/51qCii788PL._SL500_.jpg" alt="Product Image"></a><p>wet n wild Color Icon 5-Pan Palette Brown Walking On Eggshells</p><p>$3.19</p><a href="https://www.amazon.com/dp/B08RS6WNX7?tag=eloabder-20&linkCode=osi&th=1&psc=1">View Product</a></div><div class="product"><a href="https://www.amazon.com/dp/B073ZBGLJF?tag=eloabder-20&linkCode=osi&th=1&psc=1"><img src="https://m.media-amazon.com/images/I/41go9Ug8AOL._SL500_.jpg" alt="Product Image"></a><p>BestLand 2 Pack 12 Colors Makeup Nude Colors Eyeshadow Palette Natural Nude Matte Shimmer Glitter Pigment Eye Shadow Pallete Set Waterproof Smokey Professional Beauty Makeup Kit (2 PCS)</p><p>$9.99</p><a href="https://www.amazon.com/dp/B073ZBGLJF?tag=eloabder-20&linkCode=osi&th=1&psc=1">View Product</a></div>
<div class="product"><a href="https://www.amazon.com/dp/B095PSJ7QV?tag=eloabder-20&linkCode=osi&th=1&psc=1"><img src="https://m.media-amazon.com/images/I/41KLL00KKZL._SL500_.jpg" alt="Product Image"></a><p>URBAN DECAY Naked3 Mini Eyeshadow Palette - Pigmented Eye Makeup Palette For On the Go - Ultra Blendable - Up to 12 Hour Wear</p><p>$35.00</p><a href="https://www.amazon.com/dp/B095PSJ7QV?tag=eloabder-20&linkCode=osi&th=1&psc=1">View Product</a></div><div class="product"><a href="https://www.amazon.com/dp/B07DZZG8X4?tag=eloabder-20&linkCode=osi&th=1&psc=1"><img src="https://m.media-amazon.com/images/I/41Rbe3ixSHL._SL500_.jpg" alt="Product Image"></a><p>Rimmel London Magnif'Eyes Eyeshadow Palette, 12 Shades, Blendable Formula, Versatile, 007, Crimson, 0.5oz</p><p>$3.70</p><a href="https://www.amazon.com/dp/B07DZZG8X4?tag=eloabder-20&linkCode=osi&th=1&psc=1">View Product</a></div><div class="product"><a href="https://www.amazon.com/dp/B00HIFA24O?tag=eloabder-20&linkCode=osi&th=1&psc=1"><img src="https://m.media-amazon.com/images/I/41pHzrdjcPL._SL500_.jpg" alt="Product Image"></a><p>URBAN DECAY Naked 3, Soft Pink Neutral Eyeshadow Palette, Matte, Pearl, Metallic, Shimmer Finish, 12 Mauve Brown & Nude Eye Shadows, Natural Soft Glam Smokey Eye Makeup, Vegan, Cruelty-free</p><p>$59.00</p><a href="https://www.amazon.com/dp/B00HIFA24O?tag=eloabder-20&linkCode=osi&th=1&psc=1">View Product</a></div><div class="product"><a href="https://www.amazon.com/dp/B0CP49R493?tag=eloabder-20&linkCode=osi&th=1&psc=1"><img src="https://m.media-amazon.com/images/I/41mV4uKx5HL._SL500_.jpg" alt="Product Image"></a><p>FLYEEO Neutral Brown Eye Shadow palette- Rose Gold Dark Brown Eyeshadow Palette Colorful 9 Colors, Matte Shimmer Highly Pigmented Nude Eyeshadow Palette Makeup Naturing-Looking Long Lasting</p><p>$5.88</p><a href="https://www.amazon.com/dp/B0CP49R493?tag=eloabder-20&linkCode=osi&th=1&psc=1">View Product</a></div><div class="product"><a href="https://www.amazon.com/dp/B0CYX9V642?tag=eloabder-20&linkCode=osi&th=1&psc=1"><img src="https://m.media-amazon.com/images/I/51jaIKsO-uL._SL500_.jpg" alt="Product Image"></a><p>imakeupnow 45 Shades Eye Shadow Makeup Palette Set Colorful Bright, High Pigmented Eyeshadow Pallets, Matte Shimmer Glitter for Halloween</p><p>$7.59</p><a href="https://www.amazon.com/dp/B0CYX9V642?tag=eloabder-20&linkCode=osi&th=1&psc=1">View Product</a></div>
<div class="product"><a href="https://www.amazon.com/dp/B0C9TXLWLY?tag=eloabder-20&linkCode=osi&th=1&psc=1"><img src="https://m.media-amazon.com/images/I/31-5KVw5KDL._SL500_.jpg" alt="Product Image"></a><p>PRIME PROMETICS PrimeEyes Glide Eyeliner for Mature Women – Water-Resistant, Long-Stay and Mess-Proof – Gel Cream Texture, Discreet Sharpener and Effective Smudger (Black)</p><p>$28.00 ($28.00 / Count)</p><a href="https://www.amazon.com/dp/B0C9TXLWLY?tag=eloabder-20&linkCode=osi&th=1&psc=1">View Product</a></div><div class="product"><a href="https://www.amazon.com/dp/B07MWSXPT1?tag=eloabder-20&linkCode=osi&th=1&psc=1"><img src="https://m.media-amazon.com/images/I/315xthaPi6L._SL500_.jpg" alt="Product Image"></a><p>e.l.f. No Budge Retractable Eyeliner, Creamy, Ultra-Pigmented & Waterproof, Creates Bold & Defined Lines, Vegan & Cruelty-Free, Black 0.006 Oz</p><p>$4.00</p><a href="https://www.amazon.com/dp/B07MWSXPT1?tag=eloabder-20&linkCode=osi&th=1&psc=1">View Product</a></div><div class="product"><a href="https://www.amazon.com/dp/B07W8JJ61X?tag=eloabder-20&linkCode=osi&th=1&psc=1"><img src="https://m.media-amazon.com/images/I/31wj5vRROwL._SL500_.jpg" alt="Product Image"></a><p>Maybelline Hyper Easy Liquid Pen No-Skip Eyeliner, Satin Finish, Waterproof Formula, Pitch Black, 0.018 Fl Oz</p><p>$8.38</p><a href="https://www.amazon.com/dp/B07W8JJ61X?tag=eloabder-20&linkCode=osi&th=1&psc=1">View Product</a></div><div class="product"><a href="https://www.amazon.com/dp/B01J1A3TFW?tag=eloabder-20&linkCode=osi&th=1&psc=1"><img src="https://m.media-amazon.com/images/I/51z42sdOArL._SL500_.jpg" alt="Product Image"></a><p>Revlon Pencil Eyeliner, ColorStay Eye Makeup with Built-in Sharpener, Waterproof, Smudge-proof, Longwearing with Ultra-Fine Tip, 201 Black, 2 count (Pack of 1)</p><p>$11.38</p><a href="https://www.amazon.com/dp/B01J1A3TFW?tag=eloabder-20&linkCode=osi&th=1&psc=1">View Product</a></div><div class="product"><a href="https://www.amazon.com/dp/B074Y8LM6T?tag=eloabder-20&linkCode=osi&th=1&psc=1"><img src="https://m.media-amazon.com/images/I/316blXt1KxL._SL500_.jpg" alt="Product Image"></a><p>NYX PROFESSIONAL MAKEUP Epic Ink Liner, Waterproof Liquid Eyeliner - Black, Vegan Formula</p><p>$7.50</p><a href="https://www.amazon.com/dp/B074Y8LM6T?tag=eloabder-20&linkCode=osi&th=1&psc=1">View Product</a></div><div class="product"><a href="https://www.amazon.com/dp/B005G9E9FW?tag=eloabder-20&linkCode=osi&th=1&psc=1"><img src="https://m.media-amazon.com/images/I/51poZdEojrL._SL500_.jpg" alt="Product Image"></a><p>NYX PROFESSIONAL MAKEUP Vivid Rich Mechanical Eye Pencil, Vivid Rich Mechanical, Creamy Retractable Eyeliner - Smokin Topaz, Brown Eyeliner</p><p>$6.00</p><a href="https://www.amazon.com/dp/B005G9E9FW?tag=eloabder-20&linkCode=osi&th=1&psc=1">View Product</a></div><div class="product"><a href="https://www.amazon.com/dp/B082YQ8TXR?tag=eloabder-20&linkCode=osi&th=1&psc=1"><img src="https://m.media-amazon.com/images/I/31Et4E-arpL._SL500_.jpg" alt="Product Image"></a><p>wet n wild Mega Last Breakup Proof Liquid Eyeliner - Quick Drying, Smudge-Resistant, 16-Hour Wear - Cruelty-Free & Vegan - Black</p><p>$5.47</p><a href="https://www.amazon.com/dp/B082YQ8TXR?tag=eloabder-20&linkCode=osi&th=1&psc=1">View Product</a></div><div class="product"><a href="https://www.amazon.com/dp/B07NX61ZHN?tag=eloabder-20&linkCode=osi&th=1&psc=1"><img src="https://m.media-amazon.com/images/I/31kQNTwJazL._SL500_.jpg" alt="Product Image"></a><p>Rimmel London exaggerate auto waterproof eye definer in blackest black, 2 Count</p><p>$6.97</p><a href="https://www.amazon.com/dp/B07NX61ZHN?tag=eloabder-20&linkCode=osi&th=1&psc=1">View Product</a></div><div class="product"><a href="https://www.amazon.com/dp/B082YPRCMM?tag=eloabder-20&linkCode=osi&th=1&psc=1"><img src="https://m.media-amazon.com/images/I/317ubI9GTBL._SL500_.jpg" alt="Product Image"></a><p>wet n wild Mega Last Breakup Proof Eyeliner, Quick Drying, Waterproof, 16-Hour Wear - Cruelty-Free & Vegan - Blackest Black</p><p>$2.28</p><a href="https://www.amazon.com/dp/B082YPRCMM?tag=eloabder-20&linkCode=osi&th=1&psc=1">View Product</a></div><div class="product"><a href="https://www.amazon.com/dp/B07GX832KD?tag=eloabder-20&linkCode=osi&th=1&psc=1"><img src="https://m.media-amazon.com/images/I/315wR2F58-L._SL500_.jpg" alt="Product Image"></a><p>Maybelline TattooStudio Long-Lasting Sharpenable Eyeliner Pencil, Glide on Smooth Gel Pigments with 36 Hour Wear, Waterproof, Deep Onyx, 1 Count</p><p>$6.42</p><a href="https://www.amazon.com/dp/B07GX832KD?tag=eloabder-20&linkCode=osi&th=1&psc=1">View Product</a></div>
<div class="product"><a href="https://www.amazon.com/dp/B0BG7MWNNN?tag=eloabder-20&linkCode=osi&th=1&psc=1"><img src="https://m.media-amazon.com/images/I/41E8W4N+FkL._SL500_.jpg" alt="Product Image"></a><p>Prime Prometics PrimeLash Mascara for Older Women – Volumizing, Incredible Length in 2 Coats – Long-Stay, Zero Clumps, Hypoallergenic (Brown)</p><p>$28.00</p><a href="https://www.amazon.com/dp/B0BG7MWNNN?tag=eloabder-20&linkCode=osi&th=1&psc=1">View Product</a></div><div class="product"><a href="https://www.amazon.com/dp/B00T0C9XRK?tag=eloabder-20&linkCode=osi&th=1&psc=1"><img src="https://m.media-amazon.com/images/I/41IP2ZEXFNL._SL500_.jpg" alt="Product Image"></a><p>essence | Lash Princess False Lash Effect Mascara | Volumizing & Lengthening | Cruelty Free & Paraben Free</p><p>$4.99 ($12.17 / Fl Oz )</p><a href="https://www.amazon.com/dp/B00T0C9XRK?tag=eloabder-20&linkCode=osi&th=1&psc=1">View Product</a></div><div class="product"><a href="https://www.amazon.com/dp/B08H3JPH74?tag=eloabder-20&linkCode=osi&th=1&psc=1"><img src="https://m.media-amazon.com/images/I/31hf532TEHL._SL500_.jpg" alt="Product Image"></a><p>Maybelline Lash Sensational Sky High Washable Mascara Makeup, Volumizing, Lengthening, Defining, Curling, Multiplying, Buildable Formula, Blackest Black, 1 Count</p><p>$9.98</p><a href="https://www.amazon.com/dp/B08H3JPH74?tag=eloabder-20&linkCode=osi&th=1&psc=1">View Product</a></div><div class="product"><a href="https://www.amazon.com/dp/B01DPA6OHO?tag=eloabder-20&linkCode=osi&th=1&psc=1"><img src="https://m.media-amazon.com/images/I/31xGLWu4IKL._SL500_.jpg" alt="Product Image"></a><p>L'Oreal Paris Makeup Voluminous Lash Boosting Conditioning Primer Mascara, White Primer, 0.24 fl; oz.</p><p>$8.88</p><a href="https://www.amazon.com/dp/B01DPA6OHO?tag=eloabder-20&linkCode=osi&th=1&psc=1">View Product</a></div><div class="product"><a href="https://www.amazon.com/dp/B06XF2TR11?tag=eloabder-20&linkCode=osi&th=1&psc=1"><img src="https://m.media-amazon.com/images/I/31B6RR270IL._SL500_.jpg" alt="Product Image"></a><p>L'Oreal Paris Voluminous Makeup Lash Paradise Mascara, Voluptuous Volume, Intense Length, Feathery Soft Full Lashes, No Flaking, No Smudging, No Clumping, Blackest Black, 1 Count</p><p>$9.97</p><a href="https://www.amazon.com/dp/B06XF2TR11?tag=eloabder-20&linkCode=osi&th=1&psc=1">View Product</a></div><div class="product"><a href="https://www.amazon.com/dp/B004BCTFVS?tag=eloabder-20&linkCode=osi&th=1&psc=1"><img src="https://m.media-amazon.com/images/I/31-ICBRxi9L._SL500_.jpg" alt="Product Image"></a><p>L'Oreal Paris Makeup Voluminous Original Volume Building Mascara, Blackest Black, 0.28 fl; Oz, 1 Count</p><p>$8.95</p><a href="https://www.amazon.com/dp/B004BCTFVS?tag=eloabder-20&linkCode=osi&th=1&psc=1">View Product</a></div><div class="product"><a href="https://www.amazon.com/dp/B004BD107O?tag=eloabder-20&linkCode=osi&th=1&psc=1"><img src="https://m.media-amazon.com/images/I/31OWqsdljyL._SL500_.jpg" alt="Product Image"></a><p>L'Oreal Paris Makeup Telescopic Original Lengthening Mascara, Blackest Black, 0.27 Fl Oz (1 Count)</p><p>$10.99</p><a href="https://www.amazon.com/dp/B004BD107O?tag=eloabder-20&linkCode=osi&th=1&psc=1">View Product</a></div><div class="product"><a href="https://www.amazon.com/dp/B00PFCT2R0?tag=eloabder-20&linkCode=osi&th=1&psc=1"><img src="https://m.media-amazon.com/images/I/31RyE6ZtDIL._SL500_.jpg" alt="Product Image"></a><p>Maybelline Lash Sensational Washable Mascara, Lengthening and Volumizing for a Full Fan Effect, Blackest Black, 1 Count</p><p>$8.91</p><a href="https://www.amazon.com/dp/B00PFCT2R0?tag=eloabder-20&linkCode=osi&th=1&psc=1">View Product</a></div><div class="product"><a href="https://www.amazon.com/dp/B08TPCHYLW?tag=eloabder-20&linkCode=osi&th=1&psc=1"><img src="https://m.media-amazon.com/images/I/31EWIaihEwL._SL500_.jpg" alt="Product Image"></a><p>Lancôme Lash Idôle Lash-Lifting & Volumizing Mascara - Black Mascara for Instant Volume, Length & Lift - Smudge Proof & Up To 24H Wear - Black</p><p>$30.00 ($111.11 / Fl Oz)</p><a href="https://www.amazon.com/dp/B08TPCHYLW?tag=eloabder-20&linkCode=osi&th=1&psc=1">View Product</a></div><div class="product"><a href="https://www.amazon.com/dp/B079X4DB3J?tag=eloabder-20&linkCode=osi&th=1&psc=1"><img src="https://m.media-amazon.com/images/I/31jCqqzhgIL._SL500_.jpg" alt="Product Image"></a><p>essence | Volume Booster Lash Primer Mascara | Infused with Mango Butter and Acai Oil for Nurtured Lashes | Conditioning Mascara Primer | White | Vegan | Paraben & Cruelty Free (Pack of 1)</p><p>$4.99</p><a href="https://www.amazon.com/dp/B079X4DB3J?tag=eloabder-20&linkCode=osi&th=1&psc=1">View Product</a></div>
<div class="product"><a href="https://www.amazon.com/dp/B079B8BFR3?tag=eloabder-20&linkCode=osi&th=1&psc=1"><img src="https://m.media-amazon.com/images/I/41DSmndr3KL._SL500_.jpg" alt="Product Image"></a><p>KISS Looks So Natural, False Eyelashes, Shy', 12 mm, Includes 5 Pairs Of Lashes, Contact Lens Friendly, Easy to Apply, Reusable Strip Lashes, Glue On</p><p>$7.09</p><a href="https://www.amazon.com/dp/B079B8BFR3?tag=eloabder-20&linkCode=osi&th=1&psc=1">View Product</a></div><div class="product"><a href="https://www.amazon.com/dp/B09MQCDVM7?tag=eloabder-20&linkCode=osi&th=1&psc=1"><img src="https://m.media-amazon.com/images/I/510lQqrrVtL._SL500_.jpg" alt="Product Image"></a><p>False Eyelashes 14mm Faux 3D Mink Lashes Natural Look Fluffy Cat Eye Wispy Lashes Pack by Kiromiro, 14 Pairs</p><p>$8.89</p><a href="https://www.amazon.com/dp/B09MQCDVM7?tag=eloabder-20&linkCode=osi&th=1&psc=1">View Product</a></div><div class="product"><a href="https://www.amazon.com/dp/B0C5QK1QHP?tag=eloabder-20&linkCode=osi&th=1&psc=1"><img src="https://m.media-amazon.com/images/I/51eSQ4cj35L._SL500_.jpg" alt="Product Image"></a><p>Veleasha Lashes 5D Faux Mink Lashes 100% Handmade Luxurious Fake Eyelashes Lightweight Fluffy False Eyelashes 5 Pairs Pack (G2)</p><p>$6.98 ($1.40 / Count)</p><a href="https://www.amazon.com/dp/B0C5QK1QHP?tag=eloabder-20&linkCode=osi&th=1&psc=1">View Product</a></div><div class="product"><a href="https://www.amazon.com/dp/B00DS4EIEE?tag=eloabder-20&linkCode=osi&th=1&psc=1"><img src="https://m.media-amazon.com/images/I/415k4JSKxOL._SL500_.jpg" alt="Product Image"></a><p>KISS So Wispy, False Eyelashes, Style #11', 12 mm, Includes 5 Pairs Of Lashes, Contact Lens Friendly, Easy to Apply, Reusable Strip Lashes, Glue On, Mulitpack</p><p>$8.97 ($1.79 / Count)</p><a href="https://www.amazon.com/dp/B00DS4EIEE?tag=eloabder-20&linkCode=osi&th=1&psc=1">View Product</a></div><div class="product"><a href="https://www.amazon.com/dp/B08R6PR7ND?tag=eloabder-20&linkCode=osi&th=1&psc=1"><img src="https://m.media-amazon.com/images/I/41r4c3ZiCWL._SL500_.jpg" alt="Product Image"></a><p>KISS My Lash But Better, False Eyelashes, All Mine', 10 mm, Includes 1 Pair Of Lashes, Contact Lens Friendly, Easy to Apply, Reusable Strip Lashes, Glue-On</p><p>$3.97</p><a href="https://www.amazon.com/dp/B08R6PR7ND?tag=eloabder-20&linkCode=osi&th=1&psc=1">View Product</a></div><div class="product"><a href="https://www.amazon.com/dp/B0B1LRRTCH?tag=eloabder-20&linkCode=osi&th=1&psc=1"><img src="https://m.media-amazon.com/images/I/41gc2Df+nAL._SL500_.jpg" alt="Product Image"></a><p>GMAGICTOBO False Eyelashes Natural Half Lashes Short Wispy Clear Band Lashes Pack Cat Eye 3D Faux Mink Lashes Fake Eyelashes 7 Pairs Multipack</p><p>$8.59 ($1.23 / Count)</p><a href="https://www.amazon.com/dp/B0B1LRRTCH?tag=eloabder-20&linkCode=osi&th=1&psc=1">View Product</a></div><div class="product"><a href="https://www.amazon.com/dp/B0BX3YHN14?tag=eloabder-20&linkCode=osi&th=1&psc=1"><img src="https://m.media-amazon.com/images/I/51YYa1vTElL._SL500_.jpg" alt="Product Image"></a><p>KISS imPRESS Falsies False Eyelashes, Lash Clusters, Voluminous', 14 mm, Includes 20 Clusters, 1 applicator, Contact Lens Friendly, Easy to Apply, Reusable Strip Lashes</p><p>$12.72</p><a href="https://www.amazon.com/dp/B0BX3YHN14?tag=eloabder-20&linkCode=osi&th=1&psc=1">View Product</a></div><div class="product"><a href="https://www.amazon.com/dp/B00YYHHI1E?tag=eloabder-20&linkCode=osi&th=1&psc=1"><img src="https://m.media-amazon.com/images/I/419bv9iNI9L._SL500_.jpg" alt="Product Image"></a><p>Ardell False Eyelashes Demi Wispies Black, 1 pack (6 pairs per pack)</p><p>$9.74 ($1.95 / Count)</p><a href="https://www.amazon.com/dp/B00YYHHI1E?tag=eloabder-20&linkCode=osi&th=1&psc=1">View Product</a></div><div class="product"><a href="https://www.amazon.com/dp/B0CG5SY8J1?tag=eloabder-20&linkCode=osi&th=1&psc=1"><img src="https://m.media-amazon.com/images/I/41SWlZB3plL._SL500_.jpg" alt="Product Image"></a><p>Natural Lashes Natural Eyelashes Short Eyelashes Natural Look False Eyelashes Wispy Eye Lashes 10mm Small Lashes Fake Lashes K50</p><p>$7.93 ($1.13 / Count)</p><a href="https://www.amazon.com/dp/B0CG5SY8J1?tag=eloabder-20&linkCode=osi&th=1&psc=1">View Product</a></div><div class="product"><a href="https://www.amazon.com/dp/B08SPVMDTV?tag=eloabder-20&linkCode=osi&th=1&psc=1"><img src="https://m.media-amazon.com/images/I/41Q6wh0HacL._SL500_.jpg" alt="Product Image"></a><p>KISS Falscara Multipack False Eyelashes, Lash Clusters, Natural Wispy Wisps', 10mm-12mm-14mm, Includes 24 Assorted Lengths Wisps, Contact Lens Friendly, Easy to Apply, Reusable Strip Lashes</p><p>$6.47 ($0.27 / Count)</p><a href="https://www.amazon.com/dp/B08SPVMDTV?tag=eloabder-20&linkCode=osi&th=1&psc=1">View Product</a></div>
<div class="product"><a href="https://www.amazon.com/dp/B01BMMOAFU?tag=eloabder-20&linkCode=osi&th=1&psc=1"><img src="https://m.media-amazon.com/images/I/41RH+KsNzoS._SL500_.jpg" alt="Product Image"></a><p>KISS Strip Lash Adhesive, Lash Glue, 24hr Strip Eyelash Adhesive, Clear, Includes Lash Adhesive, Long Lasting Wear, Can Be Used with Strip Lashes and Lash Clusters</p><p>$3.97 ($23.35 / Ounce)</p><a href="https://www.amazon.com/dp/B01BMMOAFU?tag=eloabder-20&linkCode=osi&th=1&psc=1">View Product</a></div><div class="product"><a href="https://www.amazon.com/dp/B0BFRB2LNS?tag=eloabder-20&linkCode=osi&th=1&psc=1"><img src="https://m.media-amazon.com/images/I/41uxD-vIXQL._SL500_.jpg" alt="Product Image"></a><p>Cluster Lash Bond and Seal, Lash Cluster Glue for Individual Eyelash Extensions Strong Hold Individual Lash Glue Individual Eyelashes Glue Mascara for Personal Makeup Use at Home(5ml)</p><p>$8.99 ($52.88 / Fl Oz)</p><a href="https://www.amazon.com/dp/B0BFRB2LNS?tag=eloabder-20&linkCode=osi&th=1&psc=1">View Product</a></div><div class="product"><a href="https://www.amazon.com/dp/B006UZMXZY?tag=eloabder-20&linkCode=osi&th=1&psc=1"><img src="https://m.media-amazon.com/images/I/41YrQ9QUhlL._SL500_.jpg" alt="Product Image"></a><p>DUO Brush-On Lash Adhesive with Vitamins A, C & E, Clear, 0.18 oz, 1-Pack</p><p>$4.92 ($27.33 / Ounce)</p><a href="https://www.amazon.com/dp/B006UZMXZY?tag=eloabder-20&linkCode=osi&th=1&psc=1">View Product</a></div><div class="product"><a href="https://www.amazon.com/dp/B0BVLL8ZQF?tag=eloabder-20&linkCode=osi&th=1&psc=1"><img src="https://m.media-amazon.com/images/I/41OSC3l2NuL._SL500_.jpg" alt="Product Image"></a><p>Lash Glue Bond and Seal Long Lasting Strong Hold Waterproof 2 in 1 Cluster Eyelash Glue for DIY Lash Extensions by Mavphnee</p><p>$7.99 ($23.50 / Fl Oz)</p><a href="https://www.amazon.com/dp/B0BVLL8ZQF?tag=eloabder-20&linkCode=osi&th=1&psc=1">View Product</a></div><div class="product"><a href="https://www.amazon.com/dp/B01N143CA0?tag=eloabder-20&linkCode=osi&th=1&psc=1"><img src="https://m.media-amazon.com/images/I/31DwI2yjwYL._SL500_.jpg" alt="Product Image"></a><p>Extra Strong Eyelash Extension Glue Stacy Lash (0.17fl.oz / 5ml) / 0.5-1 Sec Dry/Retention – 8 Weeks/Black Adhesive/Professional Supplies</p><p>$21.49 ($126.41 / Fl Oz)</p><a href="https://www.amazon.com/dp/B01N143CA0?tag=eloabder-20&linkCode=osi&th=1&psc=1">View Product</a></div><div class="product"><a href="https://www.amazon.com/dp/B00RH8XUZK?tag=eloabder-20&linkCode=osi&th=1&psc=1"><img src="https://m.media-amazon.com/images/I/41ywEIr4LGL._SL500_.jpg" alt="Product Image"></a><p>i-Envy by KISS Super Strong Hold Eyelash Adhesive, Brush on, Waterproof Long-Lasting Strip Lash Glue, Natural-Looking Allergy & Latex Free with Brush Applicator (Clear)</p><p>$5.09</p><a href="https://www.amazon.com/dp/B00RH8XUZK?tag=eloabder-20&linkCode=osi&th=1&psc=1">View Product</a></div><div class="product"><a href="https://www.amazon.com/dp/B0B138BNSQ?tag=eloabder-20&linkCode=osi&th=1&psc=1"><img src="https://m.media-amazon.com/images/I/41y28D4CT2L._SL500_.jpg" alt="Product Image"></a><p>AOA Studio Eyelash Lash Glue Enhancers 4pcs Strip Lash Adhesive Strong Hold Water Proof Formula No Irritation Latex Free Long Lasing Quick Dry Eyelash adhesive 0.17oz Each (4 Pack) (Clear)</p><p>$8.95 ($2.24 / Count)</p><a href="https://www.amazon.com/dp/B0B138BNSQ?tag=eloabder-20&linkCode=osi&th=1&psc=1">View Product</a></div><div class="product"><a href="https://www.amazon.com/dp/B0CGKV8WRR?tag=eloabder-20&linkCode=osi&th=1&psc=1"><img src="https://m.media-amazon.com/images/I/31KsdJxWyQL._SL500_.jpg" alt="Product Image"></a><p>FlutterHabit Made for This Adhesive Lash Glue for Eyelash Extensions - Your Ultimate All-Day Hold Lash Cluster Glue for Effortless, Stunning, and Long-Lasting Eyelashes - All-in-one Lash Glue</p><p>$17.99</p><a href="https://www.amazon.com/dp/B0CGKV8WRR?tag=eloabder-20&linkCode=osi&th=1&psc=1">View Product</a></div><div class="product"><a href="https://www.amazon.com/dp/B09HK77CF1?tag=eloabder-20&linkCode=osi&th=1&psc=1"><img src="https://m.media-amazon.com/images/I/41md8lf4CYL._SL500_.jpg" alt="Product Image"></a><p>Lilac St - Pro Lash Glue - Long Lasting & Fast Drying Lash Application - Mini Mascara Wand Applicator - Latex Free - Vegan & Cruelty Free - Black</p><p>$19.00 ($111.76 / Ounce)</p><a href="https://www.amazon.com/dp/B09HK77CF1?tag=eloabder-20&linkCode=osi&th=1&psc=1">View Product</a></div><div class="product"><a href="https://www.amazon.com/dp/B07BGT18DP?tag=eloabder-20&linkCode=osi&th=1&psc=1"><img src="https://m.media-amazon.com/images/I/41FjwdBfRYL._SL500_.jpg" alt="Product Image"></a><p>Extra Strong Evolution Eyelash Extension Glue Stacy Lash (0.17fl.oz/5ml)/1-2 Sec Dry/Retention – 8 Weeks/Professional Supplies/Black Adhesive</p><p>$21.99 ($129.35 / Fl Oz)</p><a href="https://www.amazon.com/dp/B07BGT18DP?tag=eloabder-20&linkCode=osi&th=1&psc=1">View Product</a></div>
<div class="product"><a href="https://www.amazon.com/dp/B09T8DQ1SG?tag=eloabder-20&linkCode=osi&th=1&psc=1"><img src="https://m.media-amazon.com/images/I/41gpuwrIhOL._SL500_.jpg" alt="Product Image"></a><p>Maybelline Super Stay Vinyl Ink Longwear No-Budge Liquid Lipcolor Makeup, Highly Pigmented Color and Instant Shine, Royal, Deep Wine Red Lipstick, 0.14 fl oz, 1 Count</p><p>$9.98</p><a href="https://www.amazon.com/dp/B09T8DQ1SG?tag=eloabder-20&linkCode=osi&th=1&psc=1">View Product</a></div><div class="product"><a href="https://www.amazon.com/dp/B08H4FSGDX?tag=eloabder-20&linkCode=osi&th=1&psc=1"><img src="https://m.media-amazon.com/images/I/31OAiyoloML._SL500_.jpg" alt="Product Image"></a><p>Maybelline Super Stay Matte Ink Liquid Lipstick Makeup, Long Lasting High Impact Color, Up to 16H Wear, Exhilarator, Ruby Red, 1 Count</p><p>$9.18</p><a href="https://www.amazon.com/dp/B08H4FSGDX?tag=eloabder-20&linkCode=osi&th=1&psc=1">View Product</a></div><div class="product"><a href="https://www.amazon.com/dp/B07XTTDTWR?tag=eloabder-20&linkCode=osi&th=1&psc=1"><img src="https://m.media-amazon.com/images/I/31M4QldCq3L._SL500_.jpg" alt="Product Image"></a><p>REVLON Lipstick, Super Lustrous Lipstick, Creamy Formula For Soft, Fuller-Looking Lips, Moisturized Feel in Nudes & Browns, Bare It All (755) 0.15 oz</p><p>$6.48</p><a href="https://www.amazon.com/dp/B07XTTDTWR?tag=eloabder-20&linkCode=osi&th=1&psc=1">View Product</a></div><div class="product"><a href="https://www.amazon.com/dp/B079KFP7NT?tag=eloabder-20&linkCode=osi&th=1&psc=1"><img src="https://m.media-amazon.com/images/I/41Ih8G0FSmL._SL500_.jpg" alt="Product Image"></a><p>wet n wild Silk Finish Lipstick, Hydrating Rich Buildable Lip Color, Formulated with Vitamins A,E, & Macadamia for Ultimate Hydration, Cruelty-Free & Vegan - Raging Red</p><p>$1.29</p><a href="https://www.amazon.com/dp/B079KFP7NT?tag=eloabder-20&linkCode=osi&th=1&psc=1">View Product</a></div><div class="product"><a href="https://www.amazon.com/dp/B002F3R44K?tag=eloabder-20&linkCode=osi&th=1&psc=1"><img src="https://m.media-amazon.com/images/I/41-gXIE96GL._SL500_.jpg" alt="Product Image"></a><p>Revlon Lipstick, Super Lustrous Lipstick, Creamy Formula For Soft, Fuller-Looking Lips, Moisturized Feel in Pinks, Pink In The Afternoon (415) 0.15 oz</p><p>$6.48</p><a href="https://www.amazon.com/dp/B002F3R44K?tag=eloabder-20&linkCode=osi&th=1&psc=1">View Product</a></div><div class="product"><a href="https://www.amazon.com/dp/B001LFER98?tag=eloabder-20&linkCode=osi&th=1&psc=1"><img src="https://m.media-amazon.com/images/I/41wezVKuIoL._SL500_.jpg" alt="Product Image"></a><p>REVLON Lipstick, Super Lustrous Lipstick, Creamy Formula For Soft, Fuller-Looking Lips, Moisturized Feel in Reds & Corals, Peach Me (628) 0.15 oz</p><p>$4.99</p><a href="https://www.amazon.com/dp/B001LFER98?tag=eloabder-20&linkCode=osi&th=1&psc=1">View Product</a></div><div class="product"><a href="https://www.amazon.com/dp/B0046VESH0?tag=eloabder-20&linkCode=osi&th=1&psc=1"><img src="https://m.media-amazon.com/images/I/31yAUm+1KhL._SL500_.jpg" alt="Product Image"></a><p>MAYBELLINE Super Stay 24, 2-Step Liquid Lipstick Makeup, Long Lasting Highly Pigmented Color with Moisturizing Balm, Blush On, Pink, 1 Count</p><p>$8.98</p><a href="https://www.amazon.com/dp/B0046VESH0?tag=eloabder-20&linkCode=osi&th=1&psc=1">View Product</a></div>
<div class="product"><a href="https://www.amazon.com/dp/B09SP2XHKT?tag=eloabder-20&linkCode=osi&th=1&psc=1"><img src="https://m.media-amazon.com/images/I/31KGrScgA8L._SL500_.jpg" alt="Product Image"></a><p>NYX PROFESSIONAL MAKEUP Butter Gloss, Non-Sticky Lip Gloss - Sugar Glass (Clear)</p><p>$5.97</p><a href="https://www.amazon.com/dp/B09SP2XHKT?tag=eloabder-20&linkCode=osi&th=1&psc=1">View Product</a></div><div class="product"><a href="https://www.amazon.com/dp/B08GSTZ7ZW?tag=eloabder-20&linkCode=osi&th=1&psc=1"><img src="https://m.media-amazon.com/images/I/41nPuTtXVgL._SL500_.jpg" alt="Product Image"></a><p>Ruby Kisses Broadway Vita-Lip Clear Lip Gloss - Moisturizing, Hydrating, Nourishing with Mint, Rosehip, Coconut, Mango, Argan, Honey & Shea</p><p>$7.99 ($2.12 / Ounce)</p><a href="https://www.amazon.com/dp/B08GSTZ7ZW?tag=eloabder-20&linkCode=osi&th=1&psc=1">View Product</a></div><div class="product"><a href="https://www.amazon.com/dp/B015RPE14S?tag=eloabder-20&linkCode=osi&th=1&psc=1"><img src="https://m.media-amazon.com/images/I/31FRC3fz7EL._SL500_.jpg" alt="Product Image"></a><p>L.A. Colors High Shine Shea Butter Lip Gloss, Clear, 0.14 Ounce</p><p>$1.98</p><a href="https://www.amazon.com/dp/B015RPE14S?tag=eloabder-20&linkCode=osi&th=1&psc=1">View Product</a></div><div class="product"><a href="https://www.amazon.com/dp/B00Q26VWZI?tag=eloabder-20&linkCode=osi&th=1&psc=1"><img src="https://m.media-amazon.com/images/I/31Bqig96T0L._SL500_.jpg" alt="Product Image"></a><p>Rimmel Stay Glossy Lip Gloss - Non-Sticky and Lightweight Formula for Lip Color and Shine - 130 Blushing Belgraves, .18oz</p><p>$3.97</p><a href="https://www.amazon.com/dp/B00Q26VWZI?tag=eloabder-20&linkCode=osi&th=1&psc=1">View Product</a></div><div class="product"><a href="https://www.amazon.com/dp/B081C6PXZJ?tag=eloabder-20&linkCode=osi&th=1&psc=1"><img src="https://m.media-amazon.com/images/I/51+emO79aqL._SL500_.jpg" alt="Product Image"></a><p>NICKA K NEW YORK VARIETY SET OF 5 NK Hydrating Lip Gel - Vitamin E (Clear, Rosehip Oil, Bubble Gum, Cherry, Strawberry)</p><p>$5.41</p><a href="https://www.amazon.com/dp/B081C6PXZJ?tag=eloabder-20&linkCode=osi&th=1&psc=1">View Product</a></div><div class="product"><a href="https://www.amazon.com/dp/B085S94V2K?tag=eloabder-20&linkCode=osi&th=1&psc=1"><img src="https://m.media-amazon.com/images/I/41fsuEw2mbL._SL500_.jpg" alt="Product Image"></a><p>Maybelline Lifter Gloss, Hydrating Lip Gloss with Hyaluronic Acid, Moon, Nude Pink, 0.18 Ounce</p><p>$7.71</p><a href="https://www.amazon.com/dp/B085S94V2K?tag=eloabder-20&linkCode=osi&th=1&psc=1">View Product</a></div><div class="product"><a href="https://www.amazon.com/dp/B01N1ZC8JZ?tag=eloabder-20&linkCode=osi&th=1&psc=1"><img src="https://m.media-amazon.com/images/I/41fsaqWz6SL._SL500_.jpg" alt="Product Image"></a><p>Broadway Vita-Lip Clear Lip Gloss 0.47oz/14ml (5PCS Mint & Coconut & Rosehip & Mango Butter & Argan Oil) (5 PCS SET)</p><p>$5.99</p><a href="https://www.amazon.com/dp/B01N1ZC8JZ?tag=eloabder-20&linkCode=osi&th=1&psc=1">View Product</a></div><div class="product"><a href="https://www.amazon.com/dp/B07DY2QRF6?tag=eloabder-20&linkCode=osi&th=1&psc=1"><img src="https://m.media-amazon.com/images/I/31qXrVfhvCL._SL500_.jpg" alt="Product Image"></a><p>LANEIGE Lip Glowy Balm Berry: Hydrate, Glossy, Lightweight, Moisturize & Tint with Shea Butter</p><p>$19.00 ($54.29 / Ounce)</p><a href="https://www.amazon.com/dp/B07DY2QRF6?tag=eloabder-20&linkCode=osi&th=1&psc=1">View Product</a></div><div class="product"><a href="https://www.amazon.com/dp/B0BSR85M24?tag=eloabder-20&linkCode=osi&th=1&psc=1"><img src="https://m.media-amazon.com/images/I/31eKHNoE3KL._SL500_.jpg" alt="Product Image"></a><p>e.l.f. Lip Lacquer, Nourishing, Non-Sticky Ultra-Shine Lip Gloss With Sheer Color, Infused With Vitamins A & E, Vegan & Cruelty-Free, Whisper Pink</p><p>$3.00</p><a href="https://www.amazon.com/dp/B0BSR85M24?tag=eloabder-20&linkCode=osi&th=1&psc=1">View Product</a></div><div class="product"><a href="https://www.amazon.com/dp/B09DMGWJKY?tag=eloabder-20&linkCode=osi&th=1&psc=1"><img src="https://m.media-amazon.com/images/I/41nIFmIKHRL._SL500_.jpg" alt="Product Image"></a><p>Broadway Vita-Lip Clear Lip Gloss Moisturizing Hydrating Nourishing Long Lasting High Shine Glossy Lip Care Gloss 0.47oz/14ml (10 PCS SET)</p><p>$9.99</p><a href="https://www.amazon.com/dp/B09DMGWJKY?tag=eloabder-20&linkCode=osi&th=1&psc=1">View Product</a></div>
<div class="product"><a href="https://www.amazon.com/dp/B079ZX2QBD?tag=eloabder-20&linkCode=osi&th=1&psc=1"><img src="https://m.media-amazon.com/images/I/41b133H9ouL._SL500_.jpg" alt="Product Image"></a><p>NYX PROFESSIONAL MAKEUP Slim Lip Pencil, Long-Lasting Creamy Lip Liner - Espresso</p><p>$3.99</p><a href="https://www.amazon.com/dp/B079ZX2QBD?tag=eloabder-20&linkCode=osi&th=1&psc=1">View Product</a></div><div class="product"><a href="https://www.amazon.com/dp/B01LTI19EM?tag=eloabder-20&linkCode=osi&th=1&psc=1"><img src="https://m.media-amazon.com/images/I/31dqwnDSWYL._SL500_.jpg" alt="Product Image"></a><p>Revlon Lip Liner, Colorstay Lip Makeup with Built-in-Sharpener, Longwear Rich Lip Colors, Smooth Application, 630 Nude, 0.01 oz</p><p>$6.94</p><a href="https://www.amazon.com/dp/B01LTI19EM?tag=eloabder-20&linkCode=osi&th=1&psc=1">View Product</a></div><div class="product"><a href="https://www.amazon.com/dp/B07PKW2MKF?tag=eloabder-20&linkCode=osi&th=1&psc=1"><img src="https://m.media-amazon.com/images/I/41Z7GVpsqBL._SL500_.jpg" alt="Product Image"></a><p>wet n wild Lip Liner Perfect Pout Matte Retractable Gel Lip Liner Pencil, Purple Lay Down the Mauves</p><p>$3.29</p><a href="https://www.amazon.com/dp/B07PKW2MKF?tag=eloabder-20&linkCode=osi&th=1&psc=1">View Product</a></div><div class="product"><a href="https://www.amazon.com/dp/B0CMYQBRTW?tag=eloabder-20&linkCode=osi&th=1&psc=1"><img src="https://m.media-amazon.com/images/I/21uY0T3ER3L._SL500_.jpg" alt="Product Image"></a><p>e.l.f. Cream Glide Lip Liner, Highly-Pigmented Pencil For Shaping & Sculpting Lips, Semi-Matte Finish, Vegan & Cruelty-Free, Truth or Bare</p><p>$2.00</p><a href="https://www.amazon.com/dp/B0CMYQBRTW?tag=eloabder-20&linkCode=osi&th=1&psc=1">View Product</a></div><div class="product"><a href="https://www.amazon.com/dp/B01LZ2A9H5?tag=eloabder-20&linkCode=osi&th=1&psc=1"><img src="https://m.media-amazon.com/images/I/317eibjWZ1L._SL500_.jpg" alt="Product Image"></a><p>Maybelline Color Sensational Shaping Lip Liner with Self-Sharpening Tip, Magnetic Mauve, Mauve Pink, 1 Count</p><p>$6.98</p><a href="https://www.amazon.com/dp/B01LZ2A9H5?tag=eloabder-20&linkCode=osi&th=1&psc=1">View Product</a></div><div class="product"><a href="https://www.amazon.com/dp/B0CZBMYB36?tag=eloabder-20&linkCode=osi&th=1&psc=1"><img src="https://m.media-amazon.com/images/I/313kn3zESlL._SL500_.jpg" alt="Product Image"></a><p>MAYBELLINE Lifter Liner Lip Liner Pencil with Hyaluronic Acid, On It, 1 Count</p><p>$7.98</p><a href="https://www.amazon.com/dp/B0CZBMYB36?tag=eloabder-20&linkCode=osi&th=1&psc=1">View Product</a></div><div class="product"><a href="https://www.amazon.com/dp/B013VWRYXE?tag=eloabder-20&linkCode=osi&th=1&psc=1"><img src="https://m.media-amazon.com/images/I/51DYeydMNqL._SL500_.jpg" alt="Product Image"></a><p>12pc Italia Deluxe Ultra Fine Lip Liner set of 12 color</p><p>$9.85</p><a href="https://www.amazon.com/dp/B013VWRYXE?tag=eloabder-20&linkCode=osi&th=1&psc=1">View Product</a></div><div class="product"><a href="https://www.amazon.com/dp/B08CFSS35N?tag=eloabder-20&linkCode=osi&th=1&psc=1"><img src="https://m.media-amazon.com/images/I/212BftJ6SzL._SL500_.jpg" alt="Product Image"></a><p>Rimmel Lasting Finish 8HR Soft Lip Liner Pencil - Vibrant, Blendable Formula to Lock Lipstick in Place for 8 Hours - 705 Cappuccino, .04oz</p><p>$5.99</p><a href="https://www.amazon.com/dp/B08CFSS35N?tag=eloabder-20&linkCode=osi&th=1&psc=1">View Product</a></div><div class="product"><a href="https://www.amazon.com/dp/B0BVPNQW1C?tag=eloabder-20&linkCode=osi&th=1&psc=1"><img src="https://m.media-amazon.com/images/I/31a29qwVsOL._SL500_.jpg" alt="Product Image"></a><p>Sacheu Lip Liner Stay-N - Peel Off Lip Liner Tattoo, Peel Off Lip Stain, Long Lasting Lip Stain Peel Off, Infused with Hyaluronic Acid & Vitamin E, For All Skin Types, p-INKED</p><p>$12.00</p><a href="https://www.amazon.com/dp/B0BVPNQW1C?tag=eloabder-20&linkCode=osi&th=1&psc=1">View Product</a></div><div class="product"><a href="https://www.amazon.com/dp/B005G9LPDQ?tag=eloabder-20&linkCode=osi&th=1&psc=1"><img src="https://m.media-amazon.com/images/I/31S6bAW3pDL._SL500_.jpg" alt="Product Image"></a><p>NYX PROFESSIONAL MAKEUP Mechanical Lip Liner Pencil, Nude Pink</p><p>$4.99</p><a href="https://www.amazon.com/dp/B005G9LPDQ?tag=eloabder-20&linkCode=osi&th=1&psc=1">View Product</a></div>
<div class="product"><a href="https://www.amazon.com/dp/B0C7W6GW8P?tag=eloabder-20&linkCode=osi&th=1&psc=1"><img src="https://m.media-amazon.com/images/I/31Z6RdO3GRL._SL500_.jpg" alt="Product Image"></a><p>e.l.f. Squeeze Me Lip Balm, Moisturizing Lip Balm For A Sheer Tint Of Color, Infused With Hyaluronic Acid, Vegan & Cruelty-free, Strawberry</p><p>$4.00</p><a href="https://www.amazon.com/dp/B0C7W6GW8P?tag=eloabder-20&linkCode=osi&th=1&psc=1">View Product</a></div><div class="product"><a href="https://www.amazon.com/dp/B001R1UD3K?tag=eloabder-20&linkCode=osi&th=1&psc=1"><img src="https://m.media-amazon.com/images/I/41QzfNZqHrL._SL500_.jpg" alt="Product Image"></a><p>Carmex Original Flavor Moisturizing Lip Balm Tube Value Pack,0.35 Ounce (3 Count)</p><p>$2.94</p><a href="https://www.amazon.com/dp/B001R1UD3K?tag=eloabder-20&linkCode=osi&th=1&psc=1">View Product</a></div><div class="product"><a href="https://www.amazon.com/dp/B07QYWXCCT?tag=eloabder-20&linkCode=osi&th=1&psc=1"><img src="https://m.media-amazon.com/images/I/51T+6mCUskL._SL500_.jpg" alt="Product Image"></a><p>Jack Black Intense Therapy Lip Balm, 0.25-Oz., Pack of 3 – Natural Mint & Shea Butter, SPF 25 Sun Protection, Lip Moisturizer, Hydrating Lip Balm with SPF, Long Lasting Treatment</p><p>$24.00 ($32.00 / Ounce)</p><a href="https://www.amazon.com/dp/B07QYWXCCT?tag=eloabder-20&linkCode=osi&th=1&psc=1">View Product</a></div><div class="product"><a href="https://www.amazon.com/dp/B0044B4HSM?tag=eloabder-20&linkCode=osi&th=1&psc=1"><img src="https://m.media-amazon.com/images/I/51-qb5fLclL._SL500_.jpg" alt="Product Image"></a><p>Blistex Medicated Lip Balm, 0.15 Ounce, 3 Count (Pack of 1) Prevent Dryness & Chapping, SPF 15 Sun Protection, Seals in Moisture, Hydrating Lip Balm, Easy Glide Formula for Full Coverage</p><p>$3.94</p><a href="https://www.amazon.com/dp/B0044B4HSM?tag=eloabder-20&linkCode=osi&th=1&psc=1">View Product</a></div><div class="product"><a href="https://www.amazon.com/dp/B0C1TFHMCT?tag=eloabder-20&linkCode=osi&th=1&psc=1"><img src="https://m.media-amazon.com/images/I/51aYODckhsL._SL500_.jpg" alt="Product Image"></a><p>Vaseline Lip Therapy Care Original, Fast-Acting Nourishment, Ideal for Chapped, Dry, Cracked, or Damaged Lips, Lip Balm, 0.16 Ounce (Pack of 4)</p><p>$5.00</p><a href="https://www.amazon.com/dp/B0C1TFHMCT?tag=eloabder-20&linkCode=osi&th=1&psc=1">View Product</a></div><div class="product"><a href="https://www.amazon.com/dp/B0CZXG68J4?tag=eloabder-20&linkCode=osi&th=1&psc=1"><img src="https://m.media-amazon.com/images/I/41Xkis0092L._SL500_.jpg" alt="Product Image"></a><p>CNP Honey Lip Butter (0.5 fl.oz / 15ml) - Propolis Lipcerin™, Hydrating Overnight Manuka Lip Balm & Mask, 12hrs Long-lasting Moisture, Gentle Exfoliation, Hygienic Twist Dispenser, Korean Skin Care</p><p>$13.64 ($27.28 / Fl Oz)</p><a href="https://www.amazon.com/dp/B0CZXG68J4?tag=eloabder-20&linkCode=osi&th=1&psc=1">View Product</a></div><div class="product"><a href="https://www.amazon.com/dp/B07MSG1HPK?tag=eloabder-20&linkCode=osi&th=1&psc=1"><img src="https://m.media-amazon.com/images/I/21RmonQcC5L._SL500_.jpg" alt="Product Image"></a><p>La Roche-Posay Cicaplast Lip Balm B5 | Hydrating Lip Balm with Shea Butter | Lip Treatment for Dry Cracked Lips | Moisturizing and Repairing Lip Balm | Fragrance Free</p><p>$9.99</p><a href="https://www.amazon.com/dp/B07MSG1HPK?tag=eloabder-20&linkCode=osi&th=1&psc=1">View Product</a></div>
<div class="product"><a href="https://www.amazon.com/dp/B099RYFLSW?tag=eloabder-20&linkCode=osi&th=1&psc=1"><img src="https://m.media-amazon.com/images/I/31IMjST8noL._SL500_.jpg" alt="Product Image"></a><p>ETUDE Dear Darling Water Tint Cherry Ade (21AD) | Vivid Color Lip Stain with Moisturizing Weightless & Non-sticky Finish Lip Stain | Smudge-proof & Lightweight Lip Tint | K-beauty</p><p>$6.67 ($20.84 / Fl Oz)</p><a href="https://www.amazon.com/dp/B099RYFLSW?tag=eloabder-20&linkCode=osi&th=1&psc=1">View Product</a></div><div class="product"><a href="https://www.amazon.com/dp/B0C7Q4Q9SX?tag=eloabder-20&linkCode=osi&th=1&psc=1"><img src="https://m.media-amazon.com/images/I/51SO2tY6q-L._SL500_.jpg" alt="Product Image"></a><p>6 Colors Lip Tint Stain Set, Korean Lip Gloss Plumping Mini Liquid Lipstick, Multi-use Lip and Cheek Tint,Waterproof&Long Lasting,Natural Lip Stain Non-Sticky,Vivid Color (Avocado)</p><p>$7.99 ($4.00 / Fl Oz)</p><a href="https://www.amazon.com/dp/B0C7Q4Q9SX?tag=eloabder-20&linkCode=osi&th=1&psc=1">View Product</a></div><div class="product"><a href="https://www.amazon.com/dp/B0B56TC2G5?tag=eloabder-20&linkCode=osi&th=1&psc=1"><img src="https://m.media-amazon.com/images/I/31wrei57oIL._SL500_.jpg" alt="Product Image"></a><p>essence | What a Tint! Lip & Cheek Tint | Long-Lasting Liquid Blush & Lip Stain | Non-Sticky & Kiss-Proof | Vegan & Cruelty Free</p><p>$4.99 ($31.19 / Fl Oz)</p><a href="https://www.amazon.com/dp/B0B56TC2G5?tag=eloabder-20&linkCode=osi&th=1&psc=1">View Product</a></div><div class="product"><a href="https://www.amazon.com/dp/B0163BMUFM?tag=eloabder-20&linkCode=osi&th=1&psc=1"><img src="https://m.media-amazon.com/images/I/41p6DP49DfL._SL500_.jpg" alt="Product Image"></a><p>Burt's Bees Lip Tint Balm with Long Lasting 2 in 1 Duo Tinted Balm Formula, Color Infused with Deeply Hydrating Shea Butter for a Natural Looking Buildable Finish, Fiery Red Dahlia (2-Pack)</p><p>$9.20</p><a href="https://www.amazon.com/dp/B0163BMUFM?tag=eloabder-20&linkCode=osi&th=1&psc=1">View Product</a></div><div class="product"><a href="https://www.amazon.com/dp/B07NTPQRL5?tag=eloabder-20&linkCode=osi&th=1&psc=1"><img src="https://m.media-amazon.com/images/I/21-ZJZEUADL._SL500_.jpg" alt="Product Image"></a><p>Honest Beauty Tinted Lip Balm | Antioxidant-rich Acai Extracts + Avocado Oil | EWG Certified, Vegan, Cruelty Free | Summer Melon</p><p>$7.80</p><a href="https://www.amazon.com/dp/B07NTPQRL5?tag=eloabder-20&linkCode=osi&th=1&psc=1">View Product</a></div><div class="product"><a href="https://www.amazon.com/dp/B0CMJXGCFQ?tag=eloabder-20&linkCode=osi&th=1&psc=1"><img src="https://m.media-amazon.com/images/I/31c6yEqB00L._SL500_.jpg" alt="Product Image"></a><p>e.l.f. Glow Reviver Lip Oil, Nourishing Tinted Lip Oil For A High-shine Finish, Infused With Jojoba Oil, Vegan & Cruelty-free, Jam Session</p><p>$8.00</p><a href="https://www.amazon.com/dp/B0CMJXGCFQ?tag=eloabder-20&linkCode=osi&th=1&psc=1">View Product</a></div><div class="product"><a href="https://www.amazon.com/dp/B0B9YHX8DX?tag=eloabder-20&linkCode=osi&th=1&psc=1"><img src="https://m.media-amazon.com/images/I/31A-yoM7ZqL._SL500_.jpg" alt="Product Image"></a><p>Wonderskin Wonder Blading Lip Stain Peel Off Masque - Long Lasting, Waterproof and Transfer Proof Nude Lip Tint, Matte Finish Peel Off Lip Stain (Whimsical Masque)</p><p>$22.00</p><a href="https://www.amazon.com/dp/B0B9YHX8DX?tag=eloabder-20&linkCode=osi&th=1&psc=1">View Product</a></div><div class="product"><a href="https://www.amazon.com/dp/B0C3CWWMJM?tag=eloabder-20&linkCode=osi&th=1&psc=1"><img src="https://m.media-amazon.com/images/I/51evW1YGQdL._SL500_.jpg" alt="Product Image"></a><p>Eakroo 6 Colors Lip Tint Stain Mini Liquid Lipstick, Korean Lip Gloss Moisturizing Natural, Multi-Use Lip and Cheek Tint, Non-Stick Cup, Lightweight, High Pigment, Long-Lasting, Vivid Color</p><p>$7.99 ($2.89 / Fl Oz)</p><a href="https://www.amazon.com/dp/B0C3CWWMJM?tag=eloabder-20&linkCode=osi&th=1&psc=1">View Product</a></div><div class="product"><a href="https://www.amazon.com/dp/B09LB91W1H?tag=eloabder-20&linkCode=osi&th=1&psc=1"><img src="https://m.media-amazon.com/images/I/21UsOgVkNxL._SL500_.jpg" alt="Product Image"></a><p>CoverGirl Clean Fresh Tinted Lip Balm, Vegan Formula, Hydrating, Natural Finish, Cruelty Free, Bliss You Berry, 1 Count</p><p>$5.88 ($42.00 / Ounce)</p><a href="https://www.amazon.com/dp/B09LB91W1H?tag=eloabder-20&linkCode=osi&th=1&psc=1">View Product</a></div>
<div class="product"><a href="https://www.amazon.com/dp/B0B4F8FP1V?tag=eloabder-20&linkCode=osi&th=1&psc=1"><img src="https://m.media-amazon.com/images/I/31zD0oZazrL._SL500_.jpg" alt="Product Image"></a><p>e.l.f. Cosmetics Glossy Lip Stain, Lightweight, Long-Wear Lip Stain For A Sheer Pop Of Color & Subtle Gloss Effect, Berry Queen</p><p>$6.00</p><a href="https://www.amazon.com/dp/B0B4F8FP1V?tag=eloabder-20&linkCode=osi&th=1&psc=1">View Product</a></div><div class="product"><a href="https://www.amazon.com/dp/B0B9YH9PZK?tag=eloabder-20&linkCode=osi&th=1&psc=1"><img src="https://m.media-amazon.com/images/I/31irqkpVbvL._SL500_.jpg" alt="Product Image"></a><p>Wonderskin Wonder Blading Lip Stain Peel Off Masque - Long Lasting, Waterproof and Transfer Proof Pink Lip Tint, Matte Finish Peel Off Lip Stain (First Kiss Masque)</p><p>$22.00</p><a href="https://www.amazon.com/dp/B0B9YH9PZK?tag=eloabder-20&linkCode=osi&th=1&psc=1">View Product</a></div><div class="product"><a href="https://www.amazon.com/dp/B0CLYN8F9L?tag=eloabder-20&linkCode=osi&th=1&psc=1"><img src="https://m.media-amazon.com/images/I/218WFwKw6qL._SL500_.jpg" alt="Product Image"></a><p>COVERGIRL Outlast, 05 All-Star, Lipstain, Smooth Application, Precise Pen-Like Tip, Transfer-Proof, Satin Stained Finish, Vegan Formula, 0.06oz</p><p>$8.98</p><a href="https://www.amazon.com/dp/B0CLYN8F9L?tag=eloabder-20&linkCode=osi&th=1&psc=1">View Product</a></div><div class="product"><a href="https://www.amazon.com/dp/B0CLDDVBF4?tag=eloabder-20&linkCode=osi&th=1&psc=1"><img src="https://m.media-amazon.com/images/I/318rUce3+fL._SL500_.jpg" alt="Product Image"></a><p>Sacheu Lip Liner Stay-N - Peel Off Lip Liner Tattoo, Peel Off Lip Stain, Long Lasting Lip Stain Peel Off, Infused with Hyaluronic Acid & Vitamin E, For All Skin Types, HEY-zel</p><p>$12.00 ($100.00 / Fl Oz)</p><a href="https://www.amazon.com/dp/B0CLDDVBF4?tag=eloabder-20&linkCode=osi&th=1&psc=1">View Product</a></div><div class="product"><a href="https://www.amazon.com/dp/B001CWGFYU?tag=eloabder-20&linkCode=osi&th=1&psc=1"><img src="https://m.media-amazon.com/images/I/41wMMGxFtlL._SL500_.jpg" alt="Product Image"></a><p>Palladio Lip Stain, Hydrating and Waterproof Formula, Matte Color Look, Longlasting All Day Wear Lip Color, Smudge Proof Natural Finish, Precise Chisel Tip Marker, Nude</p><p>$8.99</p><a href="https://www.amazon.com/dp/B001CWGFYU?tag=eloabder-20&linkCode=osi&th=1&psc=1">View Product</a></div><div class="product"><a href="https://www.amazon.com/dp/B0CHJ8YL6G?tag=eloabder-20&linkCode=osi&th=1&psc=1"><img src="https://m.media-amazon.com/images/I/41amIuqcaJL._SL500_.jpg" alt="Product Image"></a><p>Cilrofelr Peel Off Lip Liner Stain, Long Wear Tattoo Lip Liner with Tweezer, Peel Off Lip Stain with Matte Finish, Long Lasting, Waterproof, Transfer-proof, Highly Pigmented Color (Mauve)</p><p>$14.99 ($187.38 / Fl Oz)</p><a href="https://www.amazon.com/dp/B0CHJ8YL6G?tag=eloabder-20&linkCode=osi&th=1&psc=1">View Product</a></div><div class="product"><a href="https://www.amazon.com/dp/B0CNCSLDBB?tag=eloabder-20&linkCode=osi&th=1&psc=1"><img src="https://m.media-amazon.com/images/I/31EPLmbi1eL._SL500_.jpg" alt="Product Image"></a><p>ETUDE Fixing Tint #05 Midnight Mauve (23AD) | Long Lasting High Pigmented Liquid Lipstick | Waterproof Lightweight Matte Finish Lip Stain | Full Coverage</p><p>$12.00</p><a href="https://www.amazon.com/dp/B0CNCSLDBB?tag=eloabder-20&linkCode=osi&th=1&psc=1">View Product</a></div><div class="product"><a href="https://www.amazon.com/dp/B0CKF2WFNQ?tag=eloabder-20&linkCode=osi&th=1&psc=1"><img src="https://m.media-amazon.com/images/I/41GyA+oYguL._SL500_.jpg" alt="Product Image"></a><p>NOONI Korean Lip Oil - Applefig | Lip Stain, Gift, Long-Lasting, Moisturizing, Plumping, Revitalizing for Dry Lips, Waterproof, No Peel Off, Korean Lip Tint, Magenta Purple, 0.12 Fl Oz</p><p>$12.00 ($100.00 / Fl Oz)</p><a href="https://www.amazon.com/dp/B0CKF2WFNQ?tag=eloabder-20&linkCode=osi&th=1&psc=1">View Product</a></div>
<div class="product"><a href="https://www.amazon.com/dp/B01NAI251H?tag=eloabder-20&linkCode=osi&th=1&psc=1"><img src="https://m.media-amazon.com/images/I/51gC3z3vEIL._SL500_.jpg" alt="Product Image"></a><p>Handmade Heroes 100% Natural Lip Scrub, Vegan Conditioning Coconut Exfoliator - Gentle Exfoliant, Sugar Polish and Scrubber for Chapped Dry Lips, 1oz (Coconut Sorbet)</p><p>$6.99</p><a href="https://www.amazon.com/dp/B01NAI251H?tag=eloabder-20&linkCode=osi&th=1&psc=1">View Product</a></div><div class="product"><a href="https://www.amazon.com/dp/B0C7WQ3Z6H?tag=eloabder-20&linkCode=osi&th=1&psc=1"><img src="https://m.media-amazon.com/images/I/318wm99nh1L._SL500_.jpg" alt="Product Image"></a><p>e.l.f. Lip Exfoliator, Moisturizing Scented Lip Scrub For Exfoliating & Smoothing Lips, Infused With Jojoba Oil, Vegan & Cruelty-free, Strawberry</p><p>$5.00 ($50.00 / Ounce)</p><a href="https://www.amazon.com/dp/B0C7WQ3Z6H?tag=eloabder-20&linkCode=osi&th=1&psc=1">View Product</a></div><div class="product"><a href="https://www.amazon.com/dp/B0759HSBQC?tag=eloabder-20&linkCode=osi&th=1&psc=1"><img src="https://m.media-amazon.com/images/I/3165YiRlcNL._SL500_.jpg" alt="Product Image"></a><p>Revlon Lip Scrub Balm, Kiss Sugar Scrub Exfoliator, Lip Makeup with 24 Hour Long Lasting Hydration, Sugar Mint, 0.09 oz</p><p>$5.48</p><a href="https://www.amazon.com/dp/B0759HSBQC?tag=eloabder-20&linkCode=osi&th=1&psc=1">View Product</a></div><div class="product"><a href="https://www.amazon.com/dp/B0B15MRHM4?tag=eloabder-20&linkCode=osi&th=1&psc=1"><img src="https://m.media-amazon.com/images/I/414XRjPg6AL._SL500_.jpg" alt="Product Image"></a><p>Brooklyn Botany Lip Scrub Exfoliator 1 oz – Lip Moisturizer for Dry Lips and Chapped Lips – Gentle Lip Exfoliator for Smooth and Brighter Lips – Vanilla Flavor</p><p>$7.99</p><a href="https://www.amazon.com/dp/B0B15MRHM4?tag=eloabder-20&linkCode=osi&th=1&psc=1">View Product</a></div><div class="product"><a href="https://www.amazon.com/dp/B0CNQ72M6B?tag=eloabder-20&linkCode=osi&th=1&psc=1"><img src="https://m.media-amazon.com/images/I/310xvYvYEkL._SL500_.jpg" alt="Product Image"></a><p>W7 Sweet Dreams Lip Scrub & Overnight Lip Mask Duo - 2Pcs Set - Strawberry Flavour - Exfoliate, Condition, Soothe & Hydrate</p><p>$9.95 ($4.98 / Count)</p><a href="https://www.amazon.com/dp/B0CNQ72M6B?tag=eloabder-20&linkCode=osi&th=1&psc=1">View Product</a></div><div class="product"><a href="https://www.amazon.com/dp/B09FYYRJ4Y?tag=eloabder-20&linkCode=osi&th=1&psc=1"><img src="https://m.media-amazon.com/images/I/41HDVJYOBRL._SL500_.jpg" alt="Product Image"></a><p>Lip Scrub Treatment, Lip Scrubs Exfoliating Moisturizer Sugar Lip Surb Cruelty-Free for Repairing Dry & Chapped & Peeling and Cracked Lips, the Best Gift for Lip Care in Autumn and Winter(Orange)</p><p>$2.99 ($1.04 / Ounce)</p><a href="https://www.amazon.com/dp/B09FYYRJ4Y?tag=eloabder-20&linkCode=osi&th=1&psc=1">View Product</a></div><div class="product"><a href="https://www.amazon.com/dp/B083588MZP?tag=eloabder-20&linkCode=osi&th=1&psc=1"><img src="https://m.media-amazon.com/images/I/31qe+dPu0WL._SL500_.jpg" alt="Product Image"></a><p>Milani Rose Sugar Lip Scrub - Lip Exfoliator to Help With Lip Care and Lip Repair</p><p>$7.04 ($7.04 / Count)</p><a href="https://www.amazon.com/dp/B083588MZP?tag=eloabder-20&linkCode=osi&th=1&psc=1">View Product</a></div><div class="product"><a href="https://www.amazon.com/dp/B085NDWSZW?tag=eloabder-20&linkCode=osi&th=1&psc=1"><img src="https://m.media-amazon.com/images/I/31QVvbj+z9L._SL500_.jpg" alt="Product Image"></a><p>3 Pcs Lip Scrub Brush,Lip Scrubber Exfoliator,Silicone Lip Brush Tool Double-Sided Mini Exfoliating Brush For Men Women Lip Lightening For Dark Lips Exfoliator Scrub Brush</p><p>$3.47 ($1.16 / Count)</p><a href="https://www.amazon.com/dp/B085NDWSZW?tag=eloabder-20&linkCode=osi&th=1&psc=1">View Product</a></div><div class="product"><a href="https://www.amazon.com/dp/B0CMQ6YN87?tag=eloabder-20&linkCode=osi&th=1&psc=1"><img src="https://m.media-amazon.com/images/I/41KZ7zmBA8L._SL500_.jpg" alt="Product Image"></a><p>EJW Nourishing Lip Scrub - Infused with Coconut Oil, Olive Fruit Oil, and Jojoba Seed Oil, 1.05oz - Exfoliate, Hydrate, and Glow for Chapped Dry, Dark Lips</p><p>$7.27</p><a href="https://www.amazon.com/dp/B0CMQ6YN87?tag=eloabder-20&linkCode=osi&th=1&psc=1">View Product</a></div>
<div class="product"><a href="https://www.amazon.com/dp/B01LYWTZT2?tag=eloabder-20&linkCode=osi&th=1&psc=1"><img src="https://m.media-amazon.com/images/I/315xsyPtBfL._SL500_.jpg" alt="Product Image"></a><p>Too Faced Lip Injection Travel Size Extreme Lip Plumper, Original, 0.1 Fl Oz</p><p>$16.00 ($160.00 / Fl Oz)</p><a href="https://www.amazon.com/dp/B01LYWTZT2?tag=eloabder-20&linkCode=osi&th=1&psc=1">View Product</a></div><div class="product"><a href="https://www.amazon.com/dp/B094LT5LM4?tag=eloabder-20&linkCode=osi&th=1&psc=1"><img src="https://m.media-amazon.com/images/I/1174dCa9FqS._SL500_.jpg" alt="Product Image"></a><p>City Beauty City Lips Plumping Lip Gloss - Ultra High-Shine Gloss for Fuller, Healthier, Younger-Looking Lips | Hydrating & Smoothing Lip Treatment Lip Plumper with Hyaluronic Acid & Oligopeptides</p><p>$35.00 ($218.75 / Fl Oz)</p><a href="https://www.amazon.com/dp/B094LT5LM4?tag=eloabder-20&linkCode=osi&th=1&psc=1">View Product</a></div><div class="product"><a href="https://www.amazon.com/dp/B08XZQ4YQ2?tag=eloabder-20&linkCode=osi&th=1&psc=1"><img src="https://m.media-amazon.com/images/I/41cN7l9csUL._SL500_.jpg" alt="Product Image"></a><p>essence | What the Fake! Plumping Lip Filler | Lip Gloss for Full, Voluminous Lips | Translucent Pearly Finish | Vegan & Cruelty Free, Gluten Free, Paraben Free</p><p>$4.99 ($35.64 / Fl Oz )</p><a href="https://www.amazon.com/dp/B08XZQ4YQ2?tag=eloabder-20&linkCode=osi&th=1&psc=1">View Product</a></div><div class="product"><a href="https://www.amazon.com/dp/B0CR7GSPFP?tag=eloabder-20&linkCode=osi&th=1&psc=1"><img src="https://m.media-amazon.com/images/I/41y+VaB2iDL._SL500_.jpg" alt="Product Image"></a><p>NYX PROFESSIONAL MAKEUP Duck Plump High Pigment Plumping Lip Gloss with Spicy Ginger, Vegan Lip Makeup - Cherry Spice (Transparent Red)</p><p>$9.75</p><a href="https://www.amazon.com/dp/B0CR7GSPFP?tag=eloabder-20&linkCode=osi&th=1&psc=1">View Product</a></div><div class="product"><a href="https://www.amazon.com/dp/B0CPYMLVJJ?tag=eloabder-20&linkCode=osi&th=1&psc=1"><img src="https://m.media-amazon.com/images/I/31qGoOFwP7L._SL500_.jpg" alt="Product Image"></a><p>e.l.f. Pout Clout Lip Plumping Pen, Nourishing Lip Balm For Sheer Color & Shine, Plumps & Moisturizes, Vegan & Cruelty-Free, In The Clear</p><p>$8.00</p><a href="https://www.amazon.com/dp/B0CPYMLVJJ?tag=eloabder-20&linkCode=osi&th=1&psc=1">View Product</a></div><div class="product"><a href="https://www.amazon.com/dp/B086QRYHYT?tag=eloabder-20&linkCode=osi&th=1&psc=1"><img src="https://m.media-amazon.com/images/I/41IVWGl-frL._SL500_.jpg" alt="Product Image"></a><p>KISSIO Lip Plumper,Natural Lip Plumper for Day Use,Lip Plumping Gloss Make Lips Fuller and Moisturizing 5.5ml</p><p>$9.89</p><a href="https://www.amazon.com/dp/B086QRYHYT?tag=eloabder-20&linkCode=osi&th=1&psc=1">View Product</a></div><div class="product"><a href="https://www.amazon.com/dp/B074G382ZR?tag=eloabder-20&linkCode=osi&th=1&psc=1"><img src="https://m.media-amazon.com/images/I/31h-Mpx5OOL._SL500_.jpg" alt="Product Image"></a><p>e.l.f. Lip Plumping Gloss, Hydrating, Nourishing, Invigorating, High-Shine, Plumps, Volumizes, Cools, Soothes, Shimmer, Pink Cosmo 8 Ounce 0.09 Fl Oz</p><p>$7.00</p><a href="https://www.amazon.com/dp/B074G382ZR?tag=eloabder-20&linkCode=osi&th=1&psc=1">View Product</a></div><div class="product"><a href="https://www.amazon.com/dp/B08RRY5PF2?tag=eloabder-20&linkCode=osi&th=1&psc=1"><img src="https://m.media-amazon.com/images/I/41HjvvFXBpL._SL500_.jpg" alt="Product Image"></a><p>Physicians Formula Mineral Wear Diamond Lip Plumper Gloss, Dermatologist Tested, Light Pink Princess Cut</p><p>$7.28</p><a href="https://www.amazon.com/dp/B08RRY5PF2?tag=eloabder-20&linkCode=osi&th=1&psc=1">View Product</a></div>
<div class="product"><a href="https://www.amazon.com/dp/B017PCGAXQ?tag=eloabder-20&linkCode=osi&th=1&psc=1"><img src="https://m.media-amazon.com/images/I/31-daQlUgGL._SL500_.jpg" alt="Product Image"></a><p>Garnier Micellar Water For Waterproof Makeup, Hydrating Facial Cleanser & Makeup Remover, Suitable for Sensitive Skin, Vegan, Cruelty Free, 13.5 Fl Oz (400mL), 1 Count</p><p>$8.97 ($0.66 / Fl Oz)</p><a href="https://www.amazon.com/dp/B017PCGAXQ?tag=eloabder-20&linkCode=osi&th=1&psc=1">View Product</a></div><div class="product"><a href="https://www.amazon.com/dp/B017PCGABI?tag=eloabder-20&linkCode=osi&th=1&psc=1"><img src="https://m.media-amazon.com/images/I/3106WC85aAL._SL500_.jpg" alt="Product Image"></a><p>Garnier Micellar Water, Hydrating Facial Cleanser & Makeup Remover, Suitable for Sensitive Skin, Vegan, Cruelty Free, 13.5 Fl Oz (400mL), 1 Count</p><p>$8.97 ($0.66 / Fl Oz)</p><a href="https://www.amazon.com/dp/B017PCGABI?tag=eloabder-20&linkCode=osi&th=1&psc=1">View Product</a></div><div class="product"><a href="https://www.amazon.com/dp/B00U2VQZDS?tag=eloabder-20&linkCode=osi&th=1&psc=1"><img src="https://m.media-amazon.com/images/I/41VzZfHAKpL._SL500_.jpg" alt="Product Image"></a><p>Neutrogena Makeup Remover Wipes, Ultra-Soft Cleansing Facial Towelettes for Waterproof Makeup, Alcohol-Free, Plant-Based, Twin Pack, 25 Count (Pack of 2)</p><p>$8.97 ($0.18 / Count)</p><a href="https://www.amazon.com/dp/B00U2VQZDS?tag=eloabder-20&linkCode=osi&th=1&psc=1">View Product</a></div><div class="product"><a href="https://www.amazon.com/dp/B07T9JV956?tag=eloabder-20&linkCode=osi&th=1&psc=1"><img src="https://m.media-amazon.com/images/I/310x+0QrxsL._SL500_.jpg" alt="Product Image"></a><p>Neutrogena Gentle Oil-Free Eye Makeup Remover & Cleanser for Sensitive Eyes, Non-Greasy Makeup Remover, Removes Waterproof Mascara, Dermatologist & Ophthalmologist Tested, 8.0 fl. oz</p><p>$9.39 ($1.17 / Fl Oz)</p><a href="https://www.amazon.com/dp/B07T9JV956?tag=eloabder-20&linkCode=osi&th=1&psc=1">View Product</a></div><div class="product"><a href="https://www.amazon.com/dp/B01M31HY3S?tag=eloabder-20&linkCode=osi&th=1&psc=1"><img src="https://m.media-amazon.com/images/I/319i79e7f4L._SL500_.jpg" alt="Product Image"></a><p>Cetaphil Gentle Waterproof Makeup Remover, Mother's Day Gifts, Oil-Free Formula Suitable for Sensitive Skin, 6.0 Fluid Ounce</p><p>$9.87 ($1.64 / Fl Oz)</p><a href="https://www.amazon.com/dp/B01M31HY3S?tag=eloabder-20&linkCode=osi&th=1&psc=1">View Product</a></div><div class="product"><a href="https://www.amazon.com/dp/B07SS6LFRG?tag=eloabder-20&linkCode=osi&th=1&psc=1"><img src="https://m.media-amazon.com/images/I/31Mwa89HfCL._SL500_.jpg" alt="Product Image"></a><p>Amazon Basics Eye Makeup Remover, Removes Waterproof Mascara, Dermatologist Tested, Fragrance Free, 5.5 Fl Oz (Pack of 1)</p><p>$5.99 ($1.09 / Fl Oz)</p><a href="https://www.amazon.com/dp/B07SS6LFRG?tag=eloabder-20&linkCode=osi&th=1&psc=1">View Product</a></div><div class="product"><a href="https://www.amazon.com/dp/B08TQTT8LK?tag=eloabder-20&linkCode=osi&th=1&psc=1"><img src="https://m.media-amazon.com/images/I/31R-Y-dhjEL._SL500_.jpg" alt="Product Image"></a><p>e.l.f. Holy Hydration! Makeup Melting Cleansing Balm, Face Cleanser & Makeup Remover, Infused with Hyaluronic Acid to Hydrate Skin, 2 Oz</p><p>$11.00 ($5.50 / Ounce)</p><a href="https://www.amazon.com/dp/B08TQTT8LK?tag=eloabder-20&linkCode=osi&th=1&psc=1">View Product</a></div><div class="product"><a href="https://www.amazon.com/dp/B08Q3CQM7X?tag=eloabder-20&linkCode=osi&th=1&psc=1"><img src="https://m.media-amazon.com/images/I/31edyzkByfL._SL500_.jpg" alt="Product Image"></a><p>JUNO & Co. Clean 10 Cleansing Balm 10 Ingredients Makeup Remover 85g / 3.0oz</p><p>$14.99 ($5.00 / Ounce)</p><a href="https://www.amazon.com/dp/B08Q3CQM7X?tag=eloabder-20&linkCode=osi&th=1&psc=1">View Product</a></div><div class="product"><a href="https://www.amazon.com/dp/B0B1PP1XCM?tag=eloabder-20&linkCode=osi&th=1&psc=1"><img src="https://m.media-amazon.com/images/I/31kOCqV2+BL._SL500_.jpg" alt="Product Image"></a><p>CeraVe Cleansing Balm for Sensitive Skin | Hydrating Makeup Remover with Ceramides and Plant-based Jojoba Oil for Face | Non-Comedogenic Fragrance Free Non-Greasy |1.3 Ounces</p><p>$9.97 ($7.67 / Ounce)</p><a href="https://www.amazon.com/dp/B0B1PP1XCM?tag=eloabder-20&linkCode=osi&th=1&psc=1">View Product</a></div><div class="product"><a href="https://www.amazon.com/dp/B0BX65V1BZ?tag=eloabder-20&linkCode=osi&th=1&psc=1"><img src="https://m.media-amazon.com/images/I/31t6WiWvdDL._SL500_.jpg" alt="Product Image"></a><p>Prime Prometics PrimeSkin Beauty Water – Deeply Hydrating Pro-Age Make-Up Remover for Mature Women – Clean, One Swipe – for All Skin Types – pH balanced, Hypoallergenic</p><p>$27.00 ($5.29 / Fl Oz)</p><a href="https://www.amazon.com/dp/B0BX65V1BZ?tag=eloabder-20&linkCode=osi&th=1&psc=1">View Product</a></div>
<div class="product"><a href="https://www.amazon.com/dp/B0B642XWV8?tag=eloabder-20&linkCode=osi&th=1&psc=1"><img src="https://m.media-amazon.com/images/I/31PQPhUWqyL._SL500_.jpg" alt="Product Image"></a><p>Cetaphil Face and Body Wipes, Gentle Skin Cleansing Cloths, Mother's Day Gifts, 25 Count (Pack of 2), for Dry, Sensitive Skin, Flip Top Closure, Hypoallergenic, Fragrance Free</p><p>$13.69 ($0.27 / Count)</p><a href="https://www.amazon.com/dp/B0B642XWV8?tag=eloabder-20&linkCode=osi&th=1&psc=1">View Product</a></div><div class="product"><a href="https://www.amazon.com/dp/B0B644ZQLV?tag=eloabder-20&linkCode=osi&th=1&psc=1"><img src="https://m.media-amazon.com/images/I/41E5FGVZrnL._SL500_.jpg" alt="Product Image"></a><p>Cetaphil Face and Body Wipes, Gentle Skin Cleansing Cloths, 25 Count (Pack of 3), for Dry, Sensitive Skin, Flip Top Closure, Great for the Gym, Hypoallergenic, Fragrance Free</p><p>$20.91 ($0.28 / Count)</p><a href="https://www.amazon.com/dp/B0B644ZQLV?tag=eloabder-20&linkCode=osi&th=1&psc=1">View Product</a></div><div class="product"><a href="https://www.amazon.com/dp/B0958JYLZN?tag=eloabder-20&linkCode=osi&th=1&psc=1"><img src="https://m.media-amazon.com/images/I/312T32wjaYL._SL500_.jpg" alt="Product Image"></a><p>The Honest Company Hydrate + Cleanse Naturally Scented Wipes | Cleansing Multi-Tasking Wipes | 99% Water, Plant-Based, Hypoallergenic | Aloe + Cucumber, 60 Count</p><p>$5.97 ($9.95 / 100 Count)</p><a href="https://www.amazon.com/dp/B0958JYLZN?tag=eloabder-20&linkCode=osi&th=1&psc=1">View Product</a></div><div class="product"><a href="https://www.amazon.com/dp/B0BR3GVFL4?tag=eloabder-20&linkCode=osi&th=1&psc=1"><img src="https://m.media-amazon.com/images/I/41E2x2jaumL._SL500_.jpg" alt="Product Image"></a><p>Amazon Basics Hydrating Makeup Remover Wipes, 150 wipes (Pack of 6)</p><p>$17.79 ($0.12 / Count)</p><a href="https://www.amazon.com/dp/B0BR3GVFL4?tag=eloabder-20&linkCode=osi&th=1&psc=1">View Product</a></div><div class="product"><a href="https://www.amazon.com/dp/B093T3LQPP?tag=eloabder-20&linkCode=osi&th=1&psc=1"><img src="https://m.media-amazon.com/images/I/51mLU+qr6tL._SL500_.jpg" alt="Product Image"></a><p>Burt's Bees Rose Water Face Wipes, for All Skin Types, Hydrating Micellar Makeup Remover & Facial Cleansing Towelettes, 30 Ct (3-Pack)</p><p>$16.47 ($0.18 / Count)</p><a href="https://www.amazon.com/dp/B093T3LQPP?tag=eloabder-20&linkCode=osi&th=1&psc=1">View Product</a></div><div class="product"><a href="https://www.amazon.com/dp/B09LXWPB1V?tag=eloabder-20&linkCode=osi&th=1&psc=1"><img src="https://m.media-amazon.com/images/I/4117i-jJMKL._SL500_.jpg" alt="Product Image"></a><p>CeraVe Hydrating Facial Cleansing Makeup Remover Wipes| Plant Based Face Biodegradable in Home Compost| Wash Cloth| Suitable for Sensitive Skin| Fragrance-free Non-comedogenic| 25 Count</p><p>$9.97 ($0.40 / Count)</p><a href="https://www.amazon.com/dp/B09LXWPB1V?tag=eloabder-20&linkCode=osi&th=1&psc=1">View Product</a></div><div class="product"><a href="https://www.amazon.com/dp/B00NUJQG7Y?tag=eloabder-20&linkCode=osi&th=1&psc=1"><img src="https://m.media-amazon.com/images/I/51apu8FIluL._SL500_.jpg" alt="Product Image"></a><p>Burt's Bees Aloe Vera Face Wipes, for Sensitive Skin, Soothing Makeup Remover & Facial Cleansing Towelettes, 30 Ct. (3-Pack)</p><p>$16.41 ($0.18 / Count)</p><a href="https://www.amazon.com/dp/B00NUJQG7Y?tag=eloabder-20&linkCode=osi&th=1&psc=1">View Product</a></div>
<div class="product"><a href="https://www.amazon.com/dp/B08KQMXZFB?tag=eloabder-20&linkCode=osi&th=1&psc=1"><img src="https://m.media-amazon.com/images/I/31HvJEoHtwL._SL500_.jpg" alt="Product Image"></a><p>Garnier Micellar Water with Vitamin C, Facial Cleanser & Makeup Remover, Brightening & Hydrating, For All Skin Types, Vegan, Cruelty Free, 13.5 Fl Oz (400mL), 1 Count</p><p>$8.97 ($0.66 / Fl Oz)</p><a href="https://www.amazon.com/dp/B08KQMXZFB?tag=eloabder-20&linkCode=osi&th=1&psc=1">View Product</a></div><div class="product"><a href="https://www.amazon.com/dp/B0036SFTK4?tag=eloabder-20&linkCode=osi&th=1&psc=1"><img src="https://m.media-amazon.com/images/I/31+tj+uVB+L._SL500_.jpg" alt="Product Image"></a><p>Bioderma Sensibio H2O Micellar Water, Makeup Remover, Gentle for Skin, Fragrance-Free & Alcohol-Free, No Rinse Skincare With Micellar Technology for Normal To Sensitive Skin Types</p><p>$12.99 ($1.55 / Fl Oz)</p><a href="https://www.amazon.com/dp/B0036SFTK4?tag=eloabder-20&linkCode=osi&th=1&psc=1">View Product</a></div><div class="product"><a href="https://www.amazon.com/dp/B07TB2MKJJ?tag=eloabder-20&linkCode=osi&th=1&psc=1"><img src="https://m.media-amazon.com/images/I/41SyeAmsnOL._SL500_.jpg" alt="Product Image"></a><p>Garnier Micellar Water with Rose Water and Glycerin, Hydrating Facial Cleanser & Makeup Remover, For All Skin Types, Vegan, Cruelty Free, 13.5 Fl Oz (400mL), 1 Count</p><p>$8.97 ($0.66 / Fl Oz)</p><a href="https://www.amazon.com/dp/B07TB2MKJJ?tag=eloabder-20&linkCode=osi&th=1&psc=1">View Product</a></div><div class="product"><a href="https://www.amazon.com/dp/B01MQ495N0?tag=eloabder-20&linkCode=osi&th=1&psc=1"><img src="https://m.media-amazon.com/images/I/31wWu56DBJL._SL500_.jpg" alt="Product Image"></a><p>Garnier Micellar Water for Oily Skin, Facial Cleanser & Makeup Remover, Mattifying, For All Skin Types, Vegan, Cruelty Free, 13.5 Fl Oz (400mL), 1 Count</p><p>$8.97 ($0.66 / Fl Oz)</p><a href="https://www.amazon.com/dp/B01MQ495N0?tag=eloabder-20&linkCode=osi&th=1&psc=1">View Product</a></div><div class="product"><a href="https://www.amazon.com/dp/B0B59TJN3R?tag=eloabder-20&linkCode=osi&th=1&psc=1"><img src="https://m.media-amazon.com/images/I/410aYbZluvL._SL500_.jpg" alt="Product Image"></a><p>Garnier Micellar Water with Hyaluronic Acid, Facial Cleanser & Makeup Remover, Hydrating and Plumping, For All Skin Types, Vegan, Cruelty Free, 13.5 Fl Oz (400mL), 2 Count</p><p>$17.94 ($0.66 / Fl Oz)</p><a href="https://www.amazon.com/dp/B0B59TJN3R?tag=eloabder-20&linkCode=osi&th=1&psc=1">View Product</a></div><div class="product"><a href="https://www.amazon.com/dp/B07VHZPBZ3?tag=eloabder-20&linkCode=osi&th=1&psc=1"><img src="https://m.media-amazon.com/images/I/41Ow8cEJaFL._SL500_.jpg" alt="Product Image"></a><p>CeraVe Micellar Water | New & Improved Formula | Hydrating Facial Cleanser & Eye Makeup Remover | Fragrance Free & Non-Irritating | 10 Fl. Oz</p><p>$10.74 ($1.07 / Ounce)</p><a href="https://www.amazon.com/dp/B07VHZPBZ3?tag=eloabder-20&linkCode=osi&th=1&psc=1">View Product</a></div><div class="product"><a href="https://www.amazon.com/dp/B005EZSUS0?tag=eloabder-20&linkCode=osi&th=1&psc=1"><img src="https://m.media-amazon.com/images/I/31Cwqaks+tL._SL500_.jpg" alt="Product Image"></a><p>La Roche-Posay Micellar Cleansing Water for Sensitive Skin, Micellar Water Makeup Remover, Cleanses and Hydrates Skin, Gentle Face Toner, Oil Free</p><p>$18.99 ($1.40 / Fl Oz)</p><a href="https://www.amazon.com/dp/B005EZSUS0?tag=eloabder-20&linkCode=osi&th=1&psc=1">View Product</a></div><div class="product"><a href="https://www.amazon.com/dp/B0CY25DD2N?tag=eloabder-20&linkCode=osi&th=1&psc=1"><img src="https://m.media-amazon.com/images/I/41jb6YrZnRL._SL500_.jpg" alt="Product Image"></a><p>ma:nyo Pure Cleansing Water Sensitive (16.9 fl oz/500ml) - Triple+ Micellar Technology, Makeup Removal Cleanser, Gentle Face Cleanser for all skin types, Cleanses and Hydrates Skin</p><p>$18.99 ($1.12 / Fl Oz)</p><a href="https://www.amazon.com/dp/B0CY25DD2N?tag=eloabder-20&linkCode=osi&th=1&psc=1">View Product</a></div>
<div class="product"><a href="https://www.amazon.com/dp/B09LKXR62L?tag=eloabder-20&linkCode=osi&th=1&psc=1"><img src="https://m.media-amazon.com/images/I/31D6ydy59dL._SL500_.jpg" alt="Product Image"></a><p>CeraVe Hydrating Toner for Face Non-Alcoholic with Hyaluronic Acid, Niacinamide, and Ceramides for Sensitive Dry Skin, Fragrance-Free Non Comedogenic, Full Size, 6.8 Fl Oz</p><p>$9.86 ($1.45 / Ounce)</p><a href="https://www.amazon.com/dp/B09LKXR62L?tag=eloabder-20&linkCode=osi&th=1&psc=1">View Product</a></div><div class="product"><a href="https://www.amazon.com/dp/B08CMS8P67?tag=eloabder-20&linkCode=osi&th=1&psc=1"><img src="https://m.media-amazon.com/images/I/31LVyuSsJEL._SL500_.jpg" alt="Product Image"></a><p>Anua Heartleaf 77 Soothing Toner I pH 5.5 Trouble Care, Calming Skin, Refreshing, Hydrating, Purifying, Cruelty Free, Vegan,(250ml / 8.45 fl.oz.)</p><p>$19.69 ($2.33 / Fl Oz)</p><a href="https://www.amazon.com/dp/B08CMS8P67?tag=eloabder-20&linkCode=osi&th=1&psc=1">View Product</a></div><div class="product"><a href="https://www.amazon.com/dp/B001BR97A0?tag=eloabder-20&linkCode=osi&th=1&psc=1"><img src="https://m.media-amazon.com/images/I/41ooiOilk5L._SL500_.jpg" alt="Product Image"></a><p>THAYERS Alcohol-Free, Hydrating Cucumber Witch Hazel Facial Toner with Aloe Vera Formula, Vegan, Dermatologist Tested and Recommended, 12 Oz</p><p>$10.53 ($0.88 / Fl Oz)</p><a href="https://www.amazon.com/dp/B001BR97A0?tag=eloabder-20&linkCode=osi&th=1&psc=1">View Product</a></div><div class="product"><a href="https://www.amazon.com/dp/B0CG1H8YRS?tag=eloabder-20&linkCode=osi&th=1&psc=1"><img src="https://m.media-amazon.com/images/I/31OZES5j9LL._SL500_.jpg" alt="Product Image"></a><p>TIRTIR Milk Skin Rice Toner | Deep Moisturizing, Instant Glow, 2% Niacinamide, Rice Bran Extract, Ceramide, Panthenol, Cruelty-Free, Fungal Acne Friendly, Vegan, 5.07 fl.oz.</p><p>$24.99 ($4.93 / Fl Oz)</p><a href="https://www.amazon.com/dp/B0CG1H8YRS?tag=eloabder-20&linkCode=osi&th=1&psc=1">View Product</a></div><div class="product"><a href="https://www.amazon.com/dp/B008EPPIQ4?tag=eloabder-20&linkCode=osi&th=1&psc=1"><img src="https://m.media-amazon.com/images/I/31-lQL0AkZL._SL500_.jpg" alt="Product Image"></a><p>Paula's Choice Skin Balancing Pore-Reducing Toner for Combination and Oily Skin, Minimizes Large Pores, 6.4 Fluid Ounce Bottle</p><p>$26.00 ($4.06 / Fl Oz)</p><a href="https://www.amazon.com/dp/B008EPPIQ4?tag=eloabder-20&linkCode=osi&th=1&psc=1">View Product</a></div><div class="product"><a href="https://www.amazon.com/dp/B0BNC5ZF3T?tag=eloabder-20&linkCode=osi&th=1&psc=1"><img src="https://m.media-amazon.com/images/I/31ZMbyd3gbL._SL500_.jpg" alt="Product Image"></a><p>Neutrogena Alcohol-Free Gentle Daily Fragrance-Free Face Toner to Tone & Refresh Skin, Toner Gently Removes Impurities & Reconditions Skin, Hypoallergenic, 8 fl. oz</p><p>$6.08 ($0.76 / Fl Oz)</p><a href="https://www.amazon.com/dp/B0BNC5ZF3T?tag=eloabder-20&linkCode=osi&th=1&psc=1">View Product</a></div><div class="product"><a href="https://www.amazon.com/dp/B00LO2RO7K?tag=eloabder-20&linkCode=osi&th=1&psc=1"><img src="https://m.media-amazon.com/images/I/31Wb52+KYzL._SL500_.jpg" alt="Product Image"></a><p>La Roche-Posay Effaclar Clarifying Solution Acne Toner with Salicylic Acid and Glycolic Acid, Pore Refining Oily Skin Toner, Gentle Exfoliant to Unclog Pores and Remove Dead Skin Cells</p><p>$16.99 ($2.51 / Fl Oz)</p><a href="https://www.amazon.com/dp/B00LO2RO7K?tag=eloabder-20&linkCode=osi&th=1&psc=1">View Product</a></div><div class="product"><a href="https://www.amazon.com/dp/B000GCQ04C?tag=eloabder-20&linkCode=osi&th=1&psc=1"><img src="https://m.media-amazon.com/images/I/31Jk+E96wIL._SL500_.jpg" alt="Product Image"></a><p>Dickinson's Original Witch Hazel Pore Perfecting Toner, 100% Natural, 16 Ounce Fragrance free</p><p>$4.94 ($0.31 / Fl Oz)</p><a href="https://www.amazon.com/dp/B000GCQ04C?tag=eloabder-20&linkCode=osi&th=1&psc=1">View Product</a></div><div class="product"><a href="https://www.amazon.com/dp/B073P6BPF5?tag=eloabder-20&linkCode=osi&th=1&psc=1"><img src="https://m.media-amazon.com/images/I/31hqlVDLizL._SL500_.jpg" alt="Product Image"></a><p>COSRX AHA/BHA Clarifying Treatment Toner, 5.07 fl.oz / 150ml | Exfoliating Facial Spray | Korean Skin Care, Hydrating, Mild Exfoliation, Vegan, Animal Testing Free, Paraben Free</p><p>$10.75 ($2.11 / Fl Oz)</p><a href="https://www.amazon.com/dp/B073P6BPF5?tag=eloabder-20&linkCode=osi&th=1&psc=1">View Product</a></div>
<div class="product"><a href="https://www.amazon.com/dp/B01N34XW93?tag=eloabder-20&linkCode=osi&th=1&psc=1"><img src="https://m.media-amazon.com/images/I/31OMOTCxlmL._SL500_.jpg" alt="Product Image"></a><p>La Roche-Posay Toleriane Purifying Foaming Facial Cleanser, Oil Free Face Wash for Oily Skin and for Sensitive Skin with Niacinamide, Pore Cleanser Won’t Dry Out Skin, Unscented</p><p>$17.99 ($1.33 / Fl Oz)</p><a href="https://www.amazon.com/dp/B01N34XW93?tag=eloabder-20&linkCode=osi&th=1&psc=1">View Product</a></div><div class="product"><a href="https://www.amazon.com/dp/B01MSSDEPK?tag=eloabder-20&linkCode=osi&th=1&psc=1"><img src="https://m.media-amazon.com/images/I/41YuSwjJUIL._SL500_.jpg" alt="Product Image"></a><p>CeraVe Hydrating Facial Cleanser | Moisturizing Face Wash For Dry Skin | Hyaluronic Acid + Ceramides + Glycerin | Hydrating Cleanser For Normal To Dry Skin | National Eczema Assosiation Certified</p><p>$15.48 ($0.97 / Fl Oz)</p><a href="https://www.amazon.com/dp/B01MSSDEPK?tag=eloabder-20&linkCode=osi&th=1&psc=1">View Product</a></div><div class="product"><a href="https://www.amazon.com/dp/B01N1LL62W?tag=eloabder-20&linkCode=osi&th=1&psc=1"><img src="https://m.media-amazon.com/images/I/41kwN8dWWzL._SL500_.jpg" alt="Product Image"></a><p>CeraVe Foaming Facial Cleanser | Daily Face Wash for Oily Skin with Hyaluronic Acid, Ceramides, and Niacinamide| Fragrance Free | 16 Fluid Ounce</p><p>$15.19 ($0.95 / Fl Oz)</p><a href="https://www.amazon.com/dp/B01N1LL62W?tag=eloabder-20&linkCode=osi&th=1&psc=1">View Product</a></div><div class="product"><a href="https://www.amazon.com/dp/B01N7T7JKJ?tag=eloabder-20&linkCode=osi&th=1&psc=1"><img src="https://m.media-amazon.com/images/I/31VXK3y1KYL._SL500_.jpg" alt="Product Image"></a><p>La Roche-Posay Toleriane Hydrating Gentle Face Cleanser, Daily Facial Cleanser with Niacinamide and Ceramides for Sensitive Skin, Moisturizing Face Wash for Normal to Dry Skin, Fragrance Free</p><p>$17.99 ($1.33 / Fl Oz)</p><a href="https://www.amazon.com/dp/B01N7T7JKJ?tag=eloabder-20&linkCode=osi&th=1&psc=1">View Product</a></div><div class="product"><a href="https://www.amazon.com/dp/B0719GRD5R?tag=eloabder-20&linkCode=osi&th=1&psc=1"><img src="https://m.media-amazon.com/images/I/41YE7bBHNCL._SL500_.jpg" alt="Product Image"></a><p>Clean & Clear Deep Action Exfoliating Cleanser with Pro-Vitamin B5, Gentle Exfoliating Daily Face Scrub Cleans Deep Down to the Pore for Soft, Smooth, Hydrated Skin, Oil Free Face Wash, 7 FL OZ</p><p>$5.32 ($0.76 / Fl Oz)</p><a href="https://www.amazon.com/dp/B0719GRD5R?tag=eloabder-20&linkCode=osi&th=1&psc=1">View Product</a></div><div class="product"><a href="https://www.amazon.com/dp/B08CQ9T6KN?tag=eloabder-20&linkCode=osi&th=1&psc=1"><img src="https://m.media-amazon.com/images/I/31IpigAgxZL._SL500_.jpg" alt="Product Image"></a><p>CeraVe SA Cleanser | Salicylic Acid Cleanser with Hyaluronic Acid, Niacinamide & Ceramides| BHA Exfoliant for Face | Fragrance Free Non-Comedogenic | 16 Ounce</p><p>$15.48 ($0.97 / Fl Oz)</p><a href="https://www.amazon.com/dp/B08CQ9T6KN?tag=eloabder-20&linkCode=osi&th=1&psc=1">View Product</a></div><div class="product"><a href="https://www.amazon.com/dp/B09Y4HHY1P?tag=eloabder-20&linkCode=osi&th=1&psc=1"><img src="https://m.media-amazon.com/images/I/41Crw80Q3yL._SL500_.jpg" alt="Product Image"></a><p>Cetaphil Face Wash, Daily Facial Cleanser for Sensitive, Combination to Oily Skin, NEW 16 oz, Fragrance Free, Gentle Foaming, Soap Free, Hypoallergenic (Packaging May Vary)</p><p>$11.97 ($0.75 / Fl Oz)</p><a href="https://www.amazon.com/dp/B09Y4HHY1P?tag=eloabder-20&linkCode=osi&th=1&psc=1">View Product</a></div><div class="product"><a href="https://www.amazon.com/dp/B099MSZX25?tag=eloabder-20&linkCode=osi&th=1&psc=1"><img src="https://m.media-amazon.com/images/I/41VHDzUYE6L._SL500_.jpg" alt="Product Image"></a><p>Cetaphil Face Wash, Daily Facial Cleanser for Sensitive, Combination to Oily Skin, Mother's Day Gifts, NEW 20 oz, Gentle Foaming, Soap Free, Hypoallergenic</p><p>$13.97 ($0.70 / Fl Oz)</p><a href="https://www.amazon.com/dp/B099MSZX25?tag=eloabder-20&linkCode=osi&th=1&psc=1">View Product</a></div><div class="product"><a href="https://www.amazon.com/dp/B00LO1DNXU?tag=eloabder-20&linkCode=osi&th=1&psc=1"><img src="https://m.media-amazon.com/images/I/31blEnDdwIL._SL500_.jpg" alt="Product Image"></a><p>La Roche-Posay Effaclar Medicated Gel Cleanser | 2% Salicylic Acid Cleanser + LHA + Glycerin | Foaming Acne Face Wash | Helps Clear & Prevent Acne Breakouts | Oil Free Acne Wash | Targets Excess Oil</p><p>$16.99 ($2.51 / Fl Oz)</p><a href="https://www.amazon.com/dp/B00LO1DNXU?tag=eloabder-20&linkCode=osi&th=1&psc=1">View Product</a></div><div class="product"><a href="https://www.amazon.com/dp/B00FFJ4W0U?tag=eloabder-20&linkCode=osi&th=1&psc=1"><img src="https://m.media-amazon.com/images/I/31NIZChUu9L._SL500_.jpg" alt="Product Image"></a><p>Clean & Clear Morning Burst Hydrating Facial Cleanser with BHA, Cucumber and Aloe Extracts, Oil-Free Face Wash Gently Removes Oil and Pore Clogging Impurities, 8 FL OZ</p><p>$4.97 ($0.62 / Fl Oz)</p><a href="https://www.amazon.com/dp/B00FFJ4W0U?tag=eloabder-20&linkCode=osi&th=1&psc=1">View Product</a></div>
<div class="product"><a href="https://www.amazon.com/dp/B00QY1XZ4W?tag=eloabder-20&linkCode=osi&th=1&psc=1"><img src="https://m.media-amazon.com/images/I/319pG+OQZxL._SL500_.jpg" alt="Product Image"></a><p>Vanicream Gentle Facial Cleanser with Pump Dispenser - 8 fl oz - Formulated Without Common Irritants for Those with Sensitive Skin</p><p>$8.86 ($1.11 / Fl Oz)</p><a href="https://www.amazon.com/dp/B00QY1XZ4W?tag=eloabder-20&linkCode=osi&th=1&psc=1">View Product</a></div><div class="product"><a href="https://www.amazon.com/dp/B00UT47WZ8?tag=eloabder-20&linkCode=osi&th=1&psc=1"><img src="https://m.media-amazon.com/images/I/31LuYFIOBXL._SL500_.jpg" alt="Product Image"></a><p>Neutrogena Deep Clean Daily Facial Cleanser with Beta Hydroxy Acid for Normal to Oily Skin, Alcohol-Free, Oil-Free & Non-Comedogenic, 6.7 fl. oz</p><p>$6.49 ($0.97 / Fl Oz)</p><a href="https://www.amazon.com/dp/B00UT47WZ8?tag=eloabder-20&linkCode=osi&th=1&psc=1">View Product</a></div><div class="product"><a href="https://www.amazon.com/dp/B0BVV8BNYJ?tag=eloabder-20&linkCode=osi&th=1&psc=1"><img src="https://m.media-amazon.com/images/I/31tSZvBReoL._SL500_.jpg" alt="Product Image"></a><p>ANUA Heartleaf Quercetinol Pore Deep Cleansing Foam, Facial Cleanser, for Double Cleansing, BHA, Hyaluronic Acid, Glycerin, Face Wash, Blackhead Remover, Korean Skincare (150ml/5.07 fl.oz.)</p><p>$13.00 ($2.56 / Fl Oz)</p><a href="https://www.amazon.com/dp/B0BVV8BNYJ?tag=eloabder-20&linkCode=osi&th=1&psc=1">View Product</a></div><div class="product"><a href="https://www.amazon.com/dp/B004HLSZYQ?tag=eloabder-20&linkCode=osi&th=1&psc=1"><img src="https://m.media-amazon.com/images/I/31KXj2UGrOL._SL500_.jpg" alt="Product Image"></a><p>EltaMD Foaming Facial Cleanser, Gentle Foaming Face Wash and Makeup Remover, Oil Free Face Wash, 7 oz Pump</p><p>$35.00 ($5.00 / Fl Oz)</p><a href="https://www.amazon.com/dp/B004HLSZYQ?tag=eloabder-20&linkCode=osi&th=1&psc=1">View Product</a></div>
<div class="product"><a href="https://www.amazon.com/dp/B07C5SS6YD?tag=eloabder-20&linkCode=osi&th=1&psc=1"><img src="https://m.media-amazon.com/images/I/31tzIszvgAL._SL500_.jpg" alt="Product Image"></a><p>Paula's Choice Skin Perfecting 2% BHA Liquid Salicylic Acid Exfoliant, Gentle Facial Exfoliator for Blackheads, Large Pores, Wrinkles & Fine Lines, Travel Size, 1 Fluid Ounce</p><p>$14.00</p><a href="https://www.amazon.com/dp/B07C5SS6YD?tag=eloabder-20&linkCode=osi&th=1&psc=1">View Product</a></div><div class="product"><a href="https://www.amazon.com/dp/B07VW3YSWH?tag=eloabder-20&linkCode=osi&th=1&psc=1"><img src="https://m.media-amazon.com/images/I/410j9ZFktHL._SL500_.jpg" alt="Product Image"></a><p>Tree Hut Vitamin C Shea Sugar Scrub, 18 oz, Ultra Hydrating and Exfoliating Scrub for Nourishing Essential Body Care</p><p>$8.94 ($0.50 / Ounce)</p><a href="https://www.amazon.com/dp/B07VW3YSWH?tag=eloabder-20&linkCode=osi&th=1&psc=1">View Product</a></div><div class="product"><a href="https://www.amazon.com/dp/B08YN28CS4?tag=eloabder-20&linkCode=osi&th=1&psc=1"><img src="https://m.media-amazon.com/images/I/41WIWNeKrxL._SL500_.jpg" alt="Product Image"></a><p>Seraphic Skincare (Original) Premium Exfoliating Mitt for Body (1pc) – 100% Vegan Viscose Traditional Body Scrub Glove Kessa Korean Washcloth – Body Exfoliator for Self-Tan Removal & Keratosis Pilaris</p><p>$8.99 ($8.99 / Count)</p><a href="https://www.amazon.com/dp/B08YN28CS4?tag=eloabder-20&linkCode=osi&th=1&psc=1">View Product</a></div><div class="product"><a href="https://www.amazon.com/dp/B001VMJSCW?tag=eloabder-20&linkCode=osi&th=1&psc=1"><img src="https://m.media-amazon.com/images/I/31N7x4-aJAL._SL500_.jpg" alt="Product Image"></a><p>Dermalogica Daily Microfoliant, Face Exfoliator Scrub Powder with Salicylic Acid and Papaya Enzyme, Achieve Brighter, Smoother Skin Daily, 0.45 Oz</p><p>$19.00 ($42.22 / Ounce)</p><a href="https://www.amazon.com/dp/B001VMJSCW?tag=eloabder-20&linkCode=osi&th=1&psc=1">View Product</a></div><div class="product"><a href="https://www.amazon.com/dp/B076KYPY23?tag=eloabder-20&linkCode=osi&th=1&psc=1"><img src="https://m.media-amazon.com/images/I/31F7Ozgy+WL._SL500_.jpg" alt="Product Image"></a><p>DRMTLGY Microdermabrasion Facial Scrub and Face Mask. Non-Abrasive Face Exfoliator Improves Acne Scars, Blackheads, Pore Size, and Skin Texture. 2 oz</p><p>$20.00 ($10.00 / Ounce)</p><a href="https://www.amazon.com/dp/B076KYPY23?tag=eloabder-20&linkCode=osi&th=1&psc=1">View Product</a></div><div class="product"><a href="https://www.amazon.com/dp/B018H32LHQ?tag=eloabder-20&linkCode=osi&th=1&psc=1"><img src="https://m.media-amazon.com/images/I/41NfDFms3KL._SL500_.jpg" alt="Product Image"></a><p>Era Organics Microdermabrasion Facial Scrub & Face Exfoliator - Spa Quality Exfoliating Mask with Manuka Honey Walnut Moisturizing Exfoliant for Dry Skin, Blackheads Wrinkles (2 oz)</p><p>$16.99 ($8.50 / Ounce)</p><a href="https://www.amazon.com/dp/B018H32LHQ?tag=eloabder-20&linkCode=osi&th=1&psc=1">View Product</a></div><div class="product"><a href="https://www.amazon.com/dp/B0BNWXFH3P?tag=eloabder-20&linkCode=osi&th=1&psc=1"><img src="https://m.media-amazon.com/images/I/51HkdST1FCL._SL500_.jpg" alt="Product Image"></a><p>Dermasuri Deep Exfoliating Glove for Shower - Exfoliating Mitt Body Scrubber - Skin Exfoliator & Dead Skin Remover - Keratosis Pilaris Scrub - Spray Tan Remover - Korean Skincare for Body (2 Pack)</p><p>$19.99 ($10.00 / Count)</p><a href="https://www.amazon.com/dp/B0BNWXFH3P?tag=eloabder-20&linkCode=osi&th=1&psc=1">View Product</a></div><div class="product"><a href="https://www.amazon.com/dp/B09Q88TVGJ?tag=eloabder-20&linkCode=osi&th=1&psc=1"><img src="https://m.media-amazon.com/images/I/31jQFJt0t7L._SL500_.jpg" alt="Product Image"></a><p>tingl Face and Body Exfoliator Pads - Anti Aging Acne Treatment with Glycolic Acid, Lactic Acid, and Salicylic Acid - Pore Minimizer, Oil Cleanser, Blackhead Remover and Skin Exfoliator in One</p><p>$38.00 ($38.00 / Count)</p><a href="https://www.amazon.com/dp/B09Q88TVGJ?tag=eloabder-20&linkCode=osi&th=1&psc=1">View Product</a></div><div class="product"><a href="https://www.amazon.com/dp/B08T4FLJQZ?tag=eloabder-20&linkCode=osi&th=1&psc=1"><img src="https://m.media-amazon.com/images/I/317LIpGPZiL._SL500_.jpg" alt="Product Image"></a><p>Dove Scrub Brown Sugar & Coconut Butter For Silky Smooth Skin Body Scrub Exfoliates & Restores Skin's Natural Nutrients 10.5 oz</p><p>$6.97 ($0.66 / Ounce)</p><a href="https://www.amazon.com/dp/B08T4FLJQZ?tag=eloabder-20&linkCode=osi&th=1&psc=1">View Product</a></div>
<div class="product"><a href="https://www.amazon.com/dp/B07XG6BKCV?tag=eloabder-20&linkCode=osi&th=1&psc=1"><img src="https://m.media-amazon.com/images/I/31gg8aKaOeL._SL500_.jpg" alt="Product Image"></a><p>First Aid Beauty KP Bump Eraser Body Scrub Exfoliant for Keratosis Pilaris with 10% AHA – 8 oz</p><p>$30.00 ($3.75 / Ounce)</p><a href="https://www.amazon.com/dp/B07XG6BKCV?tag=eloabder-20&linkCode=osi&th=1&psc=1">View Product</a></div><div class="product"><a href="https://www.amazon.com/dp/B08Y5X8GJ9?tag=eloabder-20&linkCode=osi&th=1&psc=1"><img src="https://m.media-amazon.com/images/I/51MmIF4H+2L._SL500_.jpg" alt="Product Image"></a><p>Tree Hut Watermelon Shea Sugar Exfoliating & Hydrating Body Scrub, 18oz</p><p>$8.49 ($0.47 / Ounce)</p><a href="https://www.amazon.com/dp/B08Y5X8GJ9?tag=eloabder-20&linkCode=osi&th=1&psc=1">View Product</a></div><div class="product"><a href="https://www.amazon.com/dp/B003Z4OD24?tag=eloabder-20&linkCode=osi&th=1&psc=1"><img src="https://m.media-amazon.com/images/I/31C3rfE0XfL._SL500_.jpg" alt="Product Image"></a><p>Acure Brightening Facial Scrub for a Youthful, Brighter, Radiant Complexion | With Sea Kelp & French Green Clay, 4 Fl Oz</p><p>$11.83 ($2.96 / Fl Oz)</p><a href="https://www.amazon.com/dp/B003Z4OD24?tag=eloabder-20&linkCode=osi&th=1&psc=1">View Product</a></div><div class="product"><a href="https://www.amazon.com/dp/B07TH9YNL7?tag=eloabder-20&linkCode=osi&th=1&psc=1"><img src="https://m.media-amazon.com/images/I/4152M3OTu9L._SL500_.jpg" alt="Product Image"></a><p>Brooklyn Botany Dead Sea Salt and Coconut Milk Body Scrub - Moisturizing and Exfoliating Body, Face, Hand, Foot Scrub - Fights Stretch Marks, Fine Lines, Wrinkles - Great Gifts for Women & Men - 10 oz</p><p>$8.99 ($0.86 / Ounce)</p><a href="https://www.amazon.com/dp/B07TH9YNL7?tag=eloabder-20&linkCode=osi&th=1&psc=1">View Product</a></div><div class="product"><a href="https://www.amazon.com/dp/B07Q9C3YTQ?tag=eloabder-20&linkCode=osi&th=1&psc=1"><img src="https://m.media-amazon.com/images/I/31L0XCMqHoL._SL500_.jpg" alt="Product Image"></a><p>SheaMoisture Body Scrub for Dull Skin Illuminating Coconut and Hibiscus Cruelty-Free Skin Care 12 oz</p><p>$8.94 ($0.74 / Ounce)</p><a href="https://www.amazon.com/dp/B07Q9C3YTQ?tag=eloabder-20&linkCode=osi&th=1&psc=1">View Product</a></div><div class="product"><a href="https://www.amazon.com/dp/B09X6CVS53?tag=eloabder-20&linkCode=osi&th=1&psc=1"><img src="https://m.media-amazon.com/images/I/51a7ibTDAQL._SL500_.jpg" alt="Product Image"></a><p>Exfoliating Body Scrub Turmeric Body Scrub and Skin Exfoliator with Collagen and Coconut Oil Gently Exfoliate Face Body Hand and Foot Scrub Moisturizing Body SkinCare products by M3 Naturals</p><p>$25.81 ($2.15 / Ounce)</p><a href="https://www.amazon.com/dp/B09X6CVS53?tag=eloabder-20&linkCode=osi&th=1&psc=1">View Product</a></div><div class="product"><a href="https://www.amazon.com/dp/B08TM4QBDT?tag=eloabder-20&linkCode=osi&th=1&psc=1"><img src="https://m.media-amazon.com/images/I/51ToKkQ3fMS._SL500_.jpg" alt="Product Image"></a><p>First Botany, Himalayan Salt Body Scrub with Collagen & Stem Cells, Natural Exfoliating Salt Scrub Body & Face Souffle helps with Moisturizing Skin, Acne, Cellulite, Dead Skin Scars, Wrinkles, 11 oz</p><p>$13.89 ($1.26 / Ounce)</p><a href="https://www.amazon.com/dp/B08TM4QBDT?tag=eloabder-20&linkCode=osi&th=1&psc=1">View Product</a></div>
<div class="product"><a href="https://www.amazon.com/dp/B0B2RM68G2?tag=eloabder-20&linkCode=osi&th=1&psc=1"><img src="https://m.media-amazon.com/images/I/41VafG53fjL._SL500_.jpg" alt="Product Image"></a><p>BIODANCE Bio-Collagen Real Deep Mask, Hydrating Overnight Hydrogel Mask, Pore Minimizing, Elasticity Improvement, 34g x4ea</p><p>$19.00 ($4.75 / Count)</p><a href="https://www.amazon.com/dp/B0B2RM68G2?tag=eloabder-20&linkCode=osi&th=1&psc=1">View Product</a></div><div class="product"><a href="https://www.amazon.com/dp/B0722LVW3B?tag=eloabder-20&linkCode=osi&th=1&psc=1"><img src="https://m.media-amazon.com/images/I/51Vm0lozSIL._SL500_.jpg" alt="Product Image"></a><p>DERMAL 24 Combo Pack A Collagen Essence Korean Face Mask - Hydrating & Soothing Facial Mask with Panthenol - Hypoallergenic Self Care Sheet Mask for All Skin Types - Natural Home Spa Treatment Mask</p><p>$16.99 ($0.71 / Count)</p><a href="https://www.amazon.com/dp/B0722LVW3B?tag=eloabder-20&linkCode=osi&th=1&psc=1">View Product</a></div><div class="product"><a href="https://www.amazon.com/dp/B08YRD11VS?tag=eloabder-20&linkCode=osi&th=1&psc=1"><img src="https://m.media-amazon.com/images/I/41QL8zBoz0S._SL500_.jpg" alt="Product Image"></a><p>Vitamin C Face Mask with Kaolin Clay and Turmeric for Dark Spots, Dull Skin, Skincare Facial Mask for Controlling Oil and Refining Pores 5.29 Oz</p><p>$14.99 ($2.83 / Ounce)</p><a href="https://www.amazon.com/dp/B08YRD11VS?tag=eloabder-20&linkCode=osi&th=1&psc=1">View Product</a></div><div class="product"><a href="https://www.amazon.com/dp/B06VV8FBDQ?tag=eloabder-20&linkCode=osi&th=1&psc=1"><img src="https://m.media-amazon.com/images/I/41GEI9zFceL._SL500_.jpg" alt="Product Image"></a><p>LA PURE Korean Face Mask - 10ct Snail Mucin Hydrating Face Masks Anti Wrinkle Anti Aging Deep Moisturizing Natural Snail Mucin Mask Sheet Mask Paraben Free Facial Skin Care Products Korean Skin Care</p><p>$24.95 ($2.50 / Count)</p><a href="https://www.amazon.com/dp/B06VV8FBDQ?tag=eloabder-20&linkCode=osi&th=1&psc=1">View Product</a></div><div class="product"><a href="https://www.amazon.com/dp/B09XWVH7XX?tag=eloabder-20&linkCode=osi&th=1&psc=1"><img src="https://m.media-amazon.com/images/I/413x5TISr1L._SL500_.jpg" alt="Product Image"></a><p>Mediheal Best Korean Watermide Essential Face Mask - 10 Hydrating and Moisturizing Sheet Masks With Water 3x Complex For All Skin Types</p><p>$19.90 ($1.99 / Count)</p><a href="https://www.amazon.com/dp/B09XWVH7XX?tag=eloabder-20&linkCode=osi&th=1&psc=1">View Product</a></div><div class="product"><a href="https://www.amazon.com/dp/B07K6V8P2R?tag=eloabder-20&linkCode=osi&th=1&psc=1"><img src="https://m.media-amazon.com/images/I/41FtxFr0Z-L._SL500_.jpg" alt="Product Image"></a><p>Ebanel 15 Pack Collagen Peptide Hydrating Face Masks, Instant Brightening Firming Anti Aging Face Sheet Masks, Moisturizing Spa Face Masks Skincare with Hyaluronic Acid, Vitamin C, Chamomile, Aloe</p><p>$18.99 ($1.81 / Ounce)</p><a href="https://www.amazon.com/dp/B07K6V8P2R?tag=eloabder-20&linkCode=osi&th=1&psc=1">View Product</a></div><div class="product"><a href="https://www.amazon.com/dp/B0CYGT3CR4?tag=eloabder-20&linkCode=osi&th=1&psc=1"><img src="https://m.media-amazon.com/images/I/51LbfzrqiUL._SL500_.jpg" alt="Product Image"></a><p>KONEUK 14 Pack Sheet Face Masks Skincare for All Skin Types, Hydrating Face Masks Suitable for Sensitive Skin, Bulk Facial Mask Set for Women Skin Care, Face Mask Gifts Set for Face Spa</p><p>$8.99 ($0.64 / Count)</p><a href="https://www.amazon.com/dp/B0CYGT3CR4?tag=eloabder-20&linkCode=osi&th=1&psc=1">View Product</a></div><div class="product"><a href="https://www.amazon.com/dp/B07L8XY5B7?tag=eloabder-20&linkCode=osi&th=1&psc=1"><img src="https://m.media-amazon.com/images/I/41v5eqhBSIL._SL500_.jpg" alt="Product Image"></a><p>BRO MASK: Korean Face Mask for Men | 2 Pc. Hydrating Anti Aging Sheet Masks Contains Vitamin C, Vitamin E, Hyaluronic Acid, Hydrolyzed Collagen for Face Care & Acne Treatment by Jaxon Lane (4 Pack)</p><p>$28.00 ($7.00 / Count)</p><a href="https://www.amazon.com/dp/B07L8XY5B7?tag=eloabder-20&linkCode=osi&th=1&psc=1">View Product</a></div><div class="product"><a href="https://www.amazon.com/dp/B01KSIO76G?tag=eloabder-20&linkCode=osi&th=1&psc=1"><img src="https://m.media-amazon.com/images/I/21n0DJ3XOiL._SL500_.jpg" alt="Product Image"></a><p>Kiehl's Rare Earth Deep Pore Cleansing Mask, Pore-Minimizing Face Mask for Clogged Pores, Detoxifies & Refines Skin, Absorbs Excess Oil, with Amazonian White Clay & Aloe Vera - 0.95 fl oz</p><p>$26.00 ($27.37 / Ounce)</p><a href="https://www.amazon.com/dp/B01KSIO76G?tag=eloabder-20&linkCode=osi&th=1&psc=1">View Product</a></div>
<div class="product"><a href="https://www.amazon.com/dp/B08JSL9W6K?tag=eloabder-20&linkCode=osi&th=1&psc=1"><img src="https://m.media-amazon.com/images/I/410lOOpCRwL._SL500_.jpg" alt="Product Image"></a><p>COSRX Snail Mucin Sheet Mask 10 EA, Snail Essence Leave-on Face Masks for Dry, Sensitive Skin, Snail Secretion Filtrate, Not Tested on Animals, No Parabens, No Sulfates, Korean Skincare</p><p>$18.75 ($1.88 / Count)</p><a href="https://www.amazon.com/dp/B08JSL9W6K?tag=eloabder-20&linkCode=osi&th=1&psc=1">View Product</a></div><div class="product"><a href="https://www.amazon.com/dp/B07FPJHPX1?tag=eloabder-20&linkCode=osi&th=1&psc=1"><img src="https://m.media-amazon.com/images/I/51uNOnTpxTL._SL500_.jpg" alt="Product Image"></a><p>Celavi Essence Facial Sheet Face Mask Variety Set Classic Authentic Korean Moisturizing Skincare (12-Packs)</p><p>$9.40 ($0.78 / Count)</p><a href="https://www.amazon.com/dp/B07FPJHPX1?tag=eloabder-20&linkCode=osi&th=1&psc=1">View Product</a></div><div class="product"><a href="https://www.amazon.com/dp/B083X5R6VR?tag=eloabder-20&linkCode=osi&th=1&psc=1"><img src="https://m.media-amazon.com/images/I/31NleokJYmL._SL500_.jpg" alt="Product Image"></a><p>VT COSMETICS Daily Soothing Mask 30ea, Facial Sheet Mask for Moist & Hydrating, 30 Day Supply, Cica Face Mask</p><p>$18.50 ($0.62 / Count)</p><a href="https://www.amazon.com/dp/B083X5R6VR?tag=eloabder-20&linkCode=osi&th=1&psc=1">View Product</a></div><div class="product"><a href="https://www.amazon.com/dp/B0B57TX64F?tag=eloabder-20&linkCode=osi&th=1&psc=1"><img src="https://m.media-amazon.com/images/I/41+ywvmpRoL._SL500_.jpg" alt="Product Image"></a><p>Mediheal Best Korean Sheet Mask - Watermide Essential Face Mask 4 Sheets For All Skin Types Korean Best Sheet Mask Hydrating Moisturizing with Water 3x Complex</p><p>$7.90 ($1.98 / Count)</p><a href="https://www.amazon.com/dp/B0B57TX64F?tag=eloabder-20&linkCode=osi&th=1&psc=1">View Product</a></div><div class="product"><a href="https://www.amazon.com/dp/B0BPLLXT7Y?tag=eloabder-20&linkCode=osi&th=1&psc=1"><img src="https://m.media-amazon.com/images/I/41vG52wcgaL._SL500_.jpg" alt="Product Image"></a><p>NEXTBEAU [PACK OF 10] Solution Sheet Mask Pack 5types x 2pc Aloe, Niacinamide, Collagen, Hemp seed, Hyaluronic Acid</p><p>$8.99 ($0.90 / Count)</p><a href="https://www.amazon.com/dp/B0BPLLXT7Y?tag=eloabder-20&linkCode=osi&th=1&psc=1">View Product</a></div><div class="product"><a href="https://www.amazon.com/dp/B00BAM7F8C?tag=eloabder-20&linkCode=osi&th=1&psc=1"><img src="https://m.media-amazon.com/images/I/51jsS9SDHeL._SL500_.jpg" alt="Product Image"></a><p>DERMAL 16 Combo Pack A Collagen Essencce Korean Face Mask - Hydrating & Soothing Facial Mask with Panthenol - Hypoallergenic Self Care Sheet Mask for All Skin Types - Natural Home Spa Treatment Masks</p><p>$11.99</p><a href="https://www.amazon.com/dp/B00BAM7F8C?tag=eloabder-20&linkCode=osi&th=1&psc=1">View Product</a></div><div class="product"><a href="https://www.amazon.com/dp/B076H45H68?tag=eloabder-20&linkCode=osi&th=1&psc=1"><img src="https://m.media-amazon.com/images/I/41JP+9JeO5L._SL500_.jpg" alt="Product Image"></a><p>Neutrogena Hydro Boost Moisturizing & Hydrating 100% Hydrogel Sheet Face Mask for Dry Skin with Hyaluronic Acid, Gentle & Non-Comedogenic, 1 Ounce (Pack of 12)</p><p>$34.44 ($2.87 / Ounce)</p><a href="https://www.amazon.com/dp/B076H45H68?tag=eloabder-20&linkCode=osi&th=1&psc=1">View Product</a></div><div class="product"><a href="https://www.amazon.com/dp/B078YB11V4?tag=eloabder-20&linkCode=osi&th=1&psc=1"><img src="https://m.media-amazon.com/images/I/51shUi8PVmL._SL500_.jpg" alt="Product Image"></a><p>TONYMOLY I'm Real Radiance Sheet Mask 5 Count, Hydrates and Moisturizes Face</p><p>$12.00 ($2.40 / Count)</p><a href="https://www.amazon.com/dp/B078YB11V4?tag=eloabder-20&linkCode=osi&th=1&psc=1">View Product</a></div>
<div class="product"><a href="https://www.amazon.com/dp/B081FK6L1G?tag=eloabder-20&linkCode=osi&th=1&psc=1"><img src="https://m.media-amazon.com/images/I/51gWAvQb9aL._SL500_.jpg" alt="Product Image"></a><p>Aztec Secret– Indian Healing Clay 1 lb – Deep Pore Cleansing Facial & Body Mask – The Original 100% Natural Calcium Bentonite Clay – New Version 2</p><p>$14.95 ($0.93 / Ounce)</p><a href="https://www.amazon.com/dp/B081FK6L1G?tag=eloabder-20&linkCode=osi&th=1&psc=1">View Product</a></div><div class="product"><a href="https://www.amazon.com/dp/B0CQZ3W88P?tag=eloabder-20&linkCode=osi&th=1&psc=1"><img src="https://m.media-amazon.com/images/I/41I90W9bHuL._SL500_.jpg" alt="Product Image"></a><p>innisfree Super Volcanic Pore Clay Mask, Korean Pore Clearing Clay Mask with Volcanic Clusters and AHA</p><p>$16.00 ($4.73 / Ounce)</p><a href="https://www.amazon.com/dp/B0CQZ3W88P?tag=eloabder-20&linkCode=osi&th=1&psc=1">View Product</a></div><div class="product"><a href="https://www.amazon.com/dp/B07SDQDMZ4?tag=eloabder-20&linkCode=osi&th=1&psc=1"><img src="https://m.media-amazon.com/images/I/41vC+ro0S-L._SL500_.jpg" alt="Product Image"></a><p>Cetaphil Clay Mask Pro, Dermacontrol Purifying Clay Exfoliating Face Mask For Nourishment with Bentonite Clay for Blackheads and Pores, Designed for Oily, Sensitive Skin, 3 oz</p><p>$15.99 ($5.33 / Ounce)</p><a href="https://www.amazon.com/dp/B07SDQDMZ4?tag=eloabder-20&linkCode=osi&th=1&psc=1">View Product</a></div><div class="product"><a href="https://www.amazon.com/dp/B0CHN72MCJ?tag=eloabder-20&linkCode=osi&th=1&psc=1"><img src="https://m.media-amazon.com/images/I/41OPjUXZYlL._SL500_.jpg" alt="Product Image"></a><p>Aztec Secret Essential Indian Clay Mask Kit by Etana – 100% Natural Calcium Bentonite for Deep Pore Cleansing - Facial, Hair & Body Detox Set Wtih Accessories</p><p>$21.95 ($1.37 / Ounce)</p><a href="https://www.amazon.com/dp/B0CHN72MCJ?tag=eloabder-20&linkCode=osi&th=1&psc=1">View Product</a></div><div class="product"><a href="https://www.amazon.com/dp/B0CPDBW579?tag=eloabder-20&linkCode=osi&th=1&psc=1"><img src="https://m.media-amazon.com/images/I/31tDriIWYmL._SL500_.jpg" alt="Product Image"></a><p>FULLY Green Tomato Clay Mask Cleanser, Pore Purifying with 49% Green Tomato Extract, Sebum & Clogged Pore Care, Exfoliation, Fragrance-Free, Vegan & Dermatologically Tested, 4.05 fl.oz</p><p>$20.00 ($4.94 / Fl Oz)</p><a href="https://www.amazon.com/dp/B0CPDBW579?tag=eloabder-20&linkCode=osi&th=1&psc=1">View Product</a></div><div class="product"><a href="https://www.amazon.com/dp/B007CY2C76?tag=eloabder-20&linkCode=osi&th=1&psc=1"><img src="https://m.media-amazon.com/images/I/31-131ZWvEL._SL500_.jpg" alt="Product Image"></a><p>Freeman Dead Sea Minerals Anti-Stress Clay Facial Mask, Hydrating & Clarifying, Clears Pores, Face Mask With Lavender & Bergamot For Radiant Skin, For All Skin Types, 6 fl. oz./175 mL Tube, 1 Count</p><p>$3.86 ($0.64 / Ounce)</p><a href="https://www.amazon.com/dp/B007CY2C76?tag=eloabder-20&linkCode=osi&th=1&psc=1">View Product</a></div><div class="product"><a href="https://www.amazon.com/dp/B08HCVWG7B?tag=eloabder-20&linkCode=osi&th=1&psc=1"><img src="https://m.media-amazon.com/images/I/51nz+uBxoSL._SL500_.jpg" alt="Product Image"></a><p>Gleamin Vitamin C Clay Mask - 10-Minutes for Dark Spots, Turmeric Face Mask Skin Care, Deep Cleansing Pores - Facial Improves Uneven Tone, Post-Blemish, Visibly Brighten, Scarring and Texture - 2.5 Oz</p><p>$41.00 ($16.40 / Ounce)</p><a href="https://www.amazon.com/dp/B08HCVWG7B?tag=eloabder-20&linkCode=osi&th=1&psc=1">View Product</a></div>
<div class="product"><a href="https://www.amazon.com/dp/B000ZEA6WS?tag=eloabder-20&linkCode=osi&th=1&psc=1"><img src="https://m.media-amazon.com/images/I/31rFp2ip1IL._SL500_.jpg" alt="Product Image"></a><p>Freeman Renewing Cucumber Peel-Off Gel Facial Mask, Face Mask Refreshes Skin, Aloe Soothes & Moisturizes, Get Rejuvenated Skin, For Normal & Combination Skin, 6 fl. oz./175 mL Tube, 1 Count</p><p>$3.86 ($0.64 / Fl Oz)</p><a href="https://www.amazon.com/dp/B000ZEA6WS?tag=eloabder-20&linkCode=osi&th=1&psc=1">View Product</a></div><div class="product"><a href="https://www.amazon.com/dp/B08RYC42CZ?tag=eloabder-20&linkCode=osi&th=1&psc=1"><img src="https://m.media-amazon.com/images/I/31ApUlGl6zL._SL500_.jpg" alt="Product Image"></a><p>Aprilskin Calendula Peel Off Pore Minimizing Facial Mask | Vegan | Blackhead Remover, Exfoliating, Deep Cleansing | PHA BHA | Korean Skin Care | K Beauty | 3.52 oz</p><p>$16.90 ($4.80 / Fl Oz)</p><a href="https://www.amazon.com/dp/B08RYC42CZ?tag=eloabder-20&linkCode=osi&th=1&psc=1">View Product</a></div><div class="product"><a href="https://www.amazon.com/dp/B07DLDKCS1?tag=eloabder-20&linkCode=osi&th=1&psc=1"><img src="https://m.media-amazon.com/images/I/41Mx5AMIGyL._SL500_.jpg" alt="Product Image"></a><p>AZURE 24K Gold Firming Peel Off Face Mask- Anti Aging, Lifting, Illuminating & Revitalizing - Removes Blackheads, Dirt & Oils - With Hyaluronic Acid and Collagen - Skin Care Made in Korea - 150mL</p><p>$9.99 ($1.96 / Fl Oz)</p><a href="https://www.amazon.com/dp/B07DLDKCS1?tag=eloabder-20&linkCode=osi&th=1&psc=1">View Product</a></div><div class="product"><a href="https://www.amazon.com/dp/B07R16LBDL?tag=eloabder-20&linkCode=osi&th=1&psc=1"><img src="https://m.media-amazon.com/images/I/41yu6tuykaL._SL500_.jpg" alt="Product Image"></a><p>SUNATORIA Blackhead Remover Mask - Activated Charcoal Peel Off Face Mask - for All Skin Types - Deep Pore Cleaner Nose Blackhead Remover Pore Release - Black Head Remover for Face</p><p>$9.95 ($4.88 / Fl Oz)</p><a href="https://www.amazon.com/dp/B07R16LBDL?tag=eloabder-20&linkCode=osi&th=1&psc=1">View Product</a></div><div class="product"><a href="https://www.amazon.com/dp/B071KRTXX8?tag=eloabder-20&linkCode=osi&th=1&psc=1"><img src="https://m.media-amazon.com/images/I/51GSgsJO94L._SL500_.jpg" alt="Product Image"></a><p>SHILLS Charcoal Face Mask, Peel Off Mask, Charcoal Mask, Peel Off Mask, Deep Cleansing, Purifying, Activated Charcoal Mask with Brush</p><p>$9.94</p><a href="https://www.amazon.com/dp/B071KRTXX8?tag=eloabder-20&linkCode=osi&th=1&psc=1">View Product</a></div><div class="product"><a href="https://www.amazon.com/dp/B00E5NALCK?tag=eloabder-20&linkCode=osi&th=1&psc=1"><img src="https://m.media-amazon.com/images/I/31Is3s5+U7L._SL500_.jpg" alt="Product Image"></a><p>Freeman Cleansing Pomegranate Peel-Off Gel Facial Mask, Shrinks Pores, Purifies Skin, Made With 8 Different Antioxidants, Protects Skin, Cruelty-Free Skincare, 6 fl. oz./175 mL Tubes, 1 Count</p><p>$4.29 ($0.72 / Fl Oz)</p><a href="https://www.amazon.com/dp/B00E5NALCK?tag=eloabder-20&linkCode=osi&th=1&psc=1">View Product</a></div><div class="product"><a href="https://www.amazon.com/dp/B0CRTPJ5N3?tag=eloabder-20&linkCode=osi&th=1&psc=1"><img src="https://m.media-amazon.com/images/I/51zTZyHPVWL._SL500_.jpg" alt="Product Image"></a><p>Rednow Gold Foil Peel-Off Mask,Gold Peel Off Face Mask Anti-Wrinkle,98.4% Golden Peel Off Mask,Anti-Aging Gold Face Mask for Moisturizing,Removes Blackheads,Reduces Fine Lines,Cleans Pores(2PCS)</p><p>$14.99 ($7.50 / Fl Oz)</p><a href="https://www.amazon.com/dp/B0CRTPJ5N3?tag=eloabder-20&linkCode=osi&th=1&psc=1">View Product</a></div>
<div class="product"><a href="https://www.amazon.com/dp/B01NCM25K7?tag=eloabder-20&linkCode=osi&th=1&psc=1"><img src="https://m.media-amazon.com/images/I/416P4kSw1VL._SL500_.jpg" alt="Product Image"></a><p>New York Biology Dead Sea Mud Mask for Face and Body - Spa Quality Pore Reducer for Acne, Blackheads & Oily Skin, Natural Skincare for Women, Men - Tightens Skin for A Healthier Complexion - 8.8 oz</p><p>$16.95 ($1.93 / Ounce)</p><a href="https://www.amazon.com/dp/B01NCM25K7?tag=eloabder-20&linkCode=osi&th=1&psc=1">View Product</a></div><div class="product"><a href="https://www.amazon.com/dp/B00UREAGU8?tag=eloabder-20&linkCode=osi&th=1&psc=1"><img src="https://m.media-amazon.com/images/I/510FCuOHsNL._SL500_.jpg" alt="Product Image"></a><p>MAJESTIC PURE Dead Sea Mud Mask for Face and Body - Natural Skin Care for Women and Men - Best Facial Cleansing Clay for Blackhead, Whitehead, Acne and Pores - 8.8 fl. Oz</p><p>$9.99 ($1.14 / Fl Oz)</p><a href="https://www.amazon.com/dp/B00UREAGU8?tag=eloabder-20&linkCode=osi&th=1&psc=1">View Product</a></div><div class="product"><a href="https://www.amazon.com/dp/B0BNP68BMG?tag=eloabder-20&linkCode=osi&th=1&psc=1"><img src="https://m.media-amazon.com/images/I/41WoBVjFkyL._SL500_.jpg" alt="Product Image"></a><p>Aromasong 100% Pure Dead Sea Mud Mask for Face - Cleansing Natural Skin Care for Women and Men to Help Reduce Acne and Pores</p><p>$9.97 ($1.25 / Ounce)</p><a href="https://www.amazon.com/dp/B0BNP68BMG?tag=eloabder-20&linkCode=osi&th=1&psc=1">View Product</a></div><div class="product"><a href="https://www.amazon.com/dp/B08XY82146?tag=eloabder-20&linkCode=osi&th=1&psc=1"><img src="https://m.media-amazon.com/images/I/41Fcc-QZoiL._SL500_.jpg" alt="Product Image"></a><p>Borghese Advanced Fango Active Purifying Mud Mask, Detoxify & Clarify with Natural Minerals, For Face and Body, 7.5 Oz</p><p>$53.00 ($7.07 / Fl Oz)</p><a href="https://www.amazon.com/dp/B08XY82146?tag=eloabder-20&linkCode=osi&th=1&psc=1">View Product</a></div><div class="product"><a href="https://www.amazon.com/dp/B086V843R8?tag=eloabder-20&linkCode=osi&th=1&psc=1"><img src="https://m.media-amazon.com/images/I/410evC+SQHL._SL500_.jpg" alt="Product Image"></a><p>ANAI RUI Turmeric Clay Mask - Green Tea Clay Mask - Dead Sea Minerals Mud Mask, Spa Facial Mask Set, Face Mask Gift Set 2.5 oz each</p><p>$22.99</p><a href="https://www.amazon.com/dp/B086V843R8?tag=eloabder-20&linkCode=osi&th=1&psc=1">View Product</a></div><div class="product"><a href="https://www.amazon.com/dp/B0BZVQJMN2?tag=eloabder-20&linkCode=osi&th=1&psc=1"><img src="https://m.media-amazon.com/images/I/414evHf2H+L._SL500_.jpg" alt="Product Image"></a><p>20 Pods Clay Mask Set, Face Mask Skin Care，Green Tea, Turmeric, Dead Sea Mud, Rose, 24K Gold, Eggplant, Avocado, Mud Mask Deep Pore Cleansing Acne Blackhead Removal, Men & Women Facial Mask .</p><p>$17.97</p><a href="https://www.amazon.com/dp/B0BZVQJMN2?tag=eloabder-20&linkCode=osi&th=1&psc=1">View Product</a></div><div class="product"><a href="https://www.amazon.com/dp/B0D1G7XF9X?tag=eloabder-20&linkCode=osi&th=1&psc=1"><img src="https://m.media-amazon.com/images/I/31KAhEPTT2L._SL500_.jpg" alt="Product Image"></a><p>Medicube Zero Pore Blackhead Mud Facial Mask - Skin Cooling & Pore Tightening - 3 Minute Quick Dry Formula with AHA, BHA, PHA, and Pore-Purifying Clay - Korean Face Mask 3.52 oz</p><p>$17.90 ($5.09 / Ounce)</p><a href="https://www.amazon.com/dp/B0D1G7XF9X?tag=eloabder-20&linkCode=osi&th=1&psc=1">View Product</a></div><div class="product"><a href="https://www.amazon.com/dp/B0B538QDNY?tag=eloabder-20&linkCode=osi&th=1&psc=1"><img src="https://m.media-amazon.com/images/I/51MTBYPFdwL._SL500_.jpg" alt="Product Image"></a><p>4 Pcs Clay Facial Mask Set - Turmeric, Vitamin C, Green Tea, Dead Sea Mud, and Rose Clay for Deep Cleansing, Moisturizing, and Refining Pores - 240g</p><p>$19.99 ($2.36 / Ounce)</p><a href="https://www.amazon.com/dp/B0B538QDNY?tag=eloabder-20&linkCode=osi&th=1&psc=1">View Product</a></div><div class="product"><a href="https://www.amazon.com/dp/B09MN94BZW?tag=eloabder-20&linkCode=osi&th=1&psc=1"><img src="https://m.media-amazon.com/images/I/41dNAUrUGKL._SL500_.jpg" alt="Product Image"></a><p>Pure Clay Mud Mask, Clay Mask Pores for Face and Skin, Detox Clay Face Masks Skincare, Exfoliating Facial Treatment, Cleans & Purify Pores For Clear & Glowing Skin, Face Mask for Oily Skin & Normal</p><p>$5.99 ($0.70 / Ounce)</p><a href="https://www.amazon.com/dp/B09MN94BZW?tag=eloabder-20&linkCode=osi&th=1&psc=1">View Product</a></div>
<div class="product"><a href="https://www.amazon.com/dp/B08SHHLS4H?tag=eloabder-20&linkCode=osi&th=1&psc=1"><img src="https://m.media-amazon.com/images/I/51mcEX1fQQL._SL500_.jpg" alt="Product Image"></a><p>2PCS Gel Eye Mask Reusable Hot Cold Therapy Gel Bead Eye Mask for Puffiness/Dark Circles/Eye Bags/Dry Eyes/Headaches/Migraines/Stress Relief, Cooling Eye Mask Hot/Cold Compress Eye Mask (Blue)</p><p>$11.99 ($11.99 / Count)</p><a href="https://www.amazon.com/dp/B08SHHLS4H?tag=eloabder-20&linkCode=osi&th=1&psc=1">View Product</a></div><div class="product"><a href="https://www.amazon.com/dp/B0C8NR3Q5M?tag=eloabder-20&linkCode=osi&th=1&psc=1"><img src="https://m.media-amazon.com/images/I/51A6iv-SfEL._SL500_.jpg" alt="Product Image"></a><p>BeeVines Gel Eye Mask, 2 Pack Cooling Ice Masks for Puffy Eyes for Men & Women, Cold & Warm Compress for Post Surgery, Puffiness, Allergies, Sinuses & Migraines Treatment</p><p>$9.99 ($5.00 / Count)</p><a href="https://www.amazon.com/dp/B0C8NR3Q5M?tag=eloabder-20&linkCode=osi&th=1&psc=1">View Product</a></div><div class="product"><a href="https://www.amazon.com/dp/B07HD61PYN?tag=eloabder-20&linkCode=osi&th=1&psc=1"><img src="https://m.media-amazon.com/images/I/51NrypqKlOL._SL500_.jpg" alt="Product Image"></a><p>Cold Face Eye Mask Ice Pack Reduce Face Puff, Dark Circles, Gel Beads Hot Heat Cold Compress Pack, Face SPA for Woman Sleeping, Pressure, Headaches, Skin Care, Post Laser Care[Blue]</p><p>$9.99 ($9.99 / Count)</p><a href="https://www.amazon.com/dp/B07HD61PYN?tag=eloabder-20&linkCode=osi&th=1&psc=1">View Product</a></div><div class="product"><a href="https://www.amazon.com/dp/B075M9ZLB2?tag=eloabder-20&linkCode=osi&th=1&psc=1"><img src="https://m.media-amazon.com/images/I/51keceyL42L._SL500_.jpg" alt="Product Image"></a><p>Cooling Eye Mask - Reusable Gel Eye Mask Cold Pack - Our Ice Eye Mask Soothes Puffy Eyes & Dark Circles - Relieve Your Headaches & Sinus Pain with Cold Eye Mask & Eye Gel Mask Therapy - Halos</p><p>$9.99</p><a href="https://www.amazon.com/dp/B075M9ZLB2?tag=eloabder-20&linkCode=osi&th=1&psc=1">View Product</a></div><div class="product"><a href="https://www.amazon.com/dp/B0B9YLR2D6?tag=eloabder-20&linkCode=osi&th=1&psc=1"><img src="https://m.media-amazon.com/images/I/41byYk5cDeL._SL500_.jpg" alt="Product Image"></a><p>Lancity Jelly Mask Peel Off Face Masks SkinCare, Natural Gel Powder for Facial Mask, Professional hydrojelly Mask, Moisturizing & Hydrating 23 Fl Oz (Hyaluronic Acid)</p><p>$21.99 ($0.73 / Ounce)</p><a href="https://www.amazon.com/dp/B0B9YLR2D6?tag=eloabder-20&linkCode=osi&th=1&psc=1">View Product</a></div><div class="product"><a href="https://www.amazon.com/dp/B06XG249X4?tag=eloabder-20&linkCode=osi&th=1&psc=1"><img src="https://m.media-amazon.com/images/I/51YWeyoyTxL._SL500_.jpg" alt="Product Image"></a><p>Advanced Clinicals Hyaluronic Acid Gel Facial Mask Skin Care Treatment, Brightening, Hydrating Anti Aging Face Mask & Moisturizer Helps Transform Dry Skin W/Collagen, Chamomile, & Aloe Vera, 5 Fl Oz</p><p>$13.99 ($2.80 / Fl Oz)</p><a href="https://www.amazon.com/dp/B06XG249X4?tag=eloabder-20&linkCode=osi&th=1&psc=1">View Product</a></div><div class="product"><a href="https://www.amazon.com/dp/B0080FIRGQ?tag=eloabder-20&linkCode=osi&th=1&psc=1"><img src="https://m.media-amazon.com/images/I/41nFEw5jATS._SL500_.jpg" alt="Product Image"></a><p>Peter Thomas Roth | Cucumber Gel Mask | Extreme De-Tox Hydrator, Cooling and Hydrating Facial Mask, Helps Soothe the Look of Dry and Irritated Skin, 5 fl oz (Pack of 1)</p><p>$44.29 ($8.86 / Fl Oz)</p><a href="https://www.amazon.com/dp/B0080FIRGQ?tag=eloabder-20&linkCode=osi&th=1&psc=1">View Product</a></div>
<div class="product"><a href="https://www.amazon.com/dp/B014E2D6BY?tag=eloabder-20&linkCode=osi&th=1&psc=1"><img src="https://m.media-amazon.com/images/I/51V2D2PS2tL._SL500_.jpg" alt="Product Image"></a><p>grace & stella Under Eye Mask (Gold, 24 Pairs) Reduce Dark Circles, Puffy Eyes, Undereye Bags, Wrinkles - Gel Under Eye Patches - Gifts for Women - Birthday Gifts for Women - Vegan Cruelty Free</p><p>$21.95 ($0.91 / Count)</p><a href="https://www.amazon.com/dp/B014E2D6BY?tag=eloabder-20&linkCode=osi&th=1&psc=1">View Product</a></div><div class="product"><a href="https://www.amazon.com/dp/B0CPT8W3RV?tag=eloabder-20&linkCode=osi&th=1&psc=1"><img src="https://m.media-amazon.com/images/I/4184Q3-F9HL._SL500_.jpg" alt="Product Image"></a><p>grace & stella Purple Eye Treatment Gels - Dermatologist Tested - Under Eye Masks With Retinol - Restoring Under Eye Patches for Puffy Eyes and Dark Circles - Vegan, Cruelty-Free, 24 Pairs</p><p>$23.95 ($1.00 / Count)</p><a href="https://www.amazon.com/dp/B0CPT8W3RV?tag=eloabder-20&linkCode=osi&th=1&psc=1">View Product</a></div><div class="product"><a href="https://www.amazon.com/dp/B08DG3C22G?tag=eloabder-20&linkCode=osi&th=1&psc=1"><img src="https://m.media-amazon.com/images/I/51NCnFVfYTL._SL500_.jpg" alt="Product Image"></a><p>Celor Under Eye Patches for Puffy Eyes and Dark Circles - Eye Masks with Amino Acids & Collagen, Eye Care for Wrinkles - Birthday Gift for Women - Skincare Self Care - USA Tested (20 Pairs)</p><p>$9.99 ($0.50 / Count)</p><a href="https://www.amazon.com/dp/B08DG3C22G?tag=eloabder-20&linkCode=osi&th=1&psc=1">View Product</a></div><div class="product"><a href="https://www.amazon.com/dp/B0CQ2VBK8M?tag=eloabder-20&linkCode=osi&th=1&psc=1"><img src="https://m.media-amazon.com/images/I/61yjNxVwmgL._SL500_.jpg" alt="Product Image"></a><p>Under Eye Patches for Dark Circles and Puffy Eyes (30 Pairs), Marine Collagen Eye Gel Pads for Puffiness with Vitamin C, Hyaluronic Acid, and Pearl Extract, Eye Mask for Dark Circles and Puffiness</p><p>$19.95 ($0.66 / Count)</p><a href="https://www.amazon.com/dp/B0CQ2VBK8M?tag=eloabder-20&linkCode=osi&th=1&psc=1">View Product</a></div><div class="product"><a href="https://www.amazon.com/dp/B0CJJZYR9Y?tag=eloabder-20&linkCode=osi&th=1&psc=1"><img src="https://m.media-amazon.com/images/I/41Wxw8DLNVL._SL500_.jpg" alt="Product Image"></a><p>DRMTLGY Brightening Eye Masks (30 Pairs) - Caffeine Eye Masks for Dark Circles and Puffiness with Hyaluronic Acid, Eye Patches for Puffy Eyes</p><p>$44.00 ($0.73 / Count)</p><a href="https://www.amazon.com/dp/B0CJJZYR9Y?tag=eloabder-20&linkCode=osi&th=1&psc=1">View Product</a></div><div class="product"><a href="https://www.amazon.com/dp/B0CZ8JBDHQ?tag=eloabder-20&linkCode=osi&th=1&psc=1"><img src="https://m.media-amazon.com/images/I/41jK7RZj1NL._SL500_.jpg" alt="Product Image"></a><p>YOYORY Under Eye Patches Masks - for Dark Circles, Puffy Eyes, Fine Lines, Wrinkles, Eye Bags Treatment with Collagen and Hyaluronic Acid, Moisturizing and Hydrating (60 Pcs)…</p><p>$19.99 ($0.33 / Fl Oz)</p><a href="https://www.amazon.com/dp/B0CZ8JBDHQ?tag=eloabder-20&linkCode=osi&th=1&psc=1">View Product</a></div><div class="product"><a href="https://www.amazon.com/dp/B0C4NWGVTF?tag=eloabder-20&linkCode=osi&th=1&psc=1"><img src="https://m.media-amazon.com/images/I/51lAmpjfDsL._SL500_.jpg" alt="Product Image"></a><p>Taimand Under Eye Patches (30 Pairs), 24K Gold Under Eye Mask for Puffy Eyes, Dark Circles,Bags and Wrinkles with Collagen,Relieves Pressure and Reduces Wrinkles,Revitalises and Refreshes Your Skin</p><p>$7.99 ($0.27 / Count)</p><a href="https://www.amazon.com/dp/B0C4NWGVTF?tag=eloabder-20&linkCode=osi&th=1&psc=1">View Product</a></div><div class="product"><a href="https://www.amazon.com/dp/B0BDD7D34M?tag=eloabder-20&linkCode=osi&th=1&psc=1"><img src="https://m.media-amazon.com/images/I/51O5AVRXcUL._SL500_.jpg" alt="Product Image"></a><p>Maskiss 24k Gold Under Eye Patches (25 Pairs), eye mask, Collagen Skin Care Products, Eye Patches for Puffy Eyes, eye masks for dark circles and puffiness</p><p>$14.99 ($0.60 / Count)</p><a href="https://www.amazon.com/dp/B0BDD7D34M?tag=eloabder-20&linkCode=osi&th=1&psc=1">View Product</a></div><div class="product"><a href="https://www.amazon.com/dp/B0B1MFMS7W?tag=eloabder-20&linkCode=osi&th=1&psc=1"><img src="https://m.media-amazon.com/images/I/41BGKrFfFxL._SL500_.jpg" alt="Product Image"></a><p>CorneaCare Rest: Self Heating Warm Compress for Eyes | Heated Eye Mask for Fast Relief of Dry Eyes | No Microwave Needed | Eye Treatment Products for Dry Eye Relief | 30 Count | FSA & HSA Eligible</p><p>$35.00 ($1.17 / Count)</p><a href="https://www.amazon.com/dp/B0B1MFMS7W?tag=eloabder-20&linkCode=osi&th=1&psc=1">View Product</a></div><div class="product"><a href="https://www.amazon.com/dp/B0CTF8XSFX?tag=eloabder-20&linkCode=osi&th=1&psc=1"><img src="https://m.media-amazon.com/images/I/519z+NIvFHL._SL500_.jpg" alt="Product Image"></a><p>Under Eye Patches for Puffy Eyes Treatment 30 Pairs, 24K Gold Under Eye Masks for Dark Circles and Puffiness, Eye Gel Pads w/Collagen, Sodium Hyaluronate, Rose Essence for Eye Bags Treatment</p><p>$6.99 ($0.23 / Count)</p><a href="https://www.amazon.com/dp/B0CTF8XSFX?tag=eloabder-20&linkCode=osi&th=1&psc=1">View Product</a></div>
<div class="product"><a href="https://www.amazon.com/dp/B00JJPMXDO?tag=eloabder-20&linkCode=osi&th=1&psc=1"><img src="https://m.media-amazon.com/images/I/41xUbY21ojL._SL500_.jpg" alt="Product Image"></a><p>CeraVe Eye Repair Cream | Under Eye Cream For Puffiness And Bags Under Eyes | Hyaluronic Acid + Niacinamide + Marine Botanical Complex | Hydrating Eye Cream | Oil Free & Opthalmologist Tested</p><p>$10.70 ($21.40 / Ounce)</p><a href="https://www.amazon.com/dp/B00JJPMXDO?tag=eloabder-20&linkCode=osi&th=1&psc=1">View Product</a></div><div class="product"><a href="https://www.amazon.com/dp/B0B3GCCRVH?tag=eloabder-20&linkCode=osi&th=1&psc=1"><img src="https://m.media-amazon.com/images/I/41EdCdrw-AL._SL500_.jpg" alt="Product Image"></a><p>CeraVe Skin Renewing Eye Cream For Wrinkles | Under Eye Cream With Peptides + Caffeine + Niacinamide | Anti Aging Eye Cream For Wrinkles & Crows Feet | Paraben Free & Opthalmologist Tested</p><p>$18.49 ($36.98 / Ounce)</p><a href="https://www.amazon.com/dp/B0B3GCCRVH?tag=eloabder-20&linkCode=osi&th=1&psc=1">View Product</a></div><div class="product"><a href="https://www.amazon.com/dp/B00005333I?tag=eloabder-20&linkCode=osi&th=1&psc=1"><img src="https://m.media-amazon.com/images/I/31webfO63dL._SL500_.jpg" alt="Product Image"></a><p>L'Oreal Paris Dermo-Expertise Eye Defense Eye Cream with Caffeine and Hyaluronic Acid 0.5 oz</p><p>$12.27 ($24.54 / Ounce)</p><a href="https://www.amazon.com/dp/B00005333I?tag=eloabder-20&linkCode=osi&th=1&psc=1">View Product</a></div><div class="product"><a href="https://www.amazon.com/dp/B0CZJ8N83D?tag=eloabder-20&linkCode=osi&th=1&psc=1"><img src="https://m.media-amazon.com/images/I/31fQO3OHiML._SL500_.jpg" alt="Product Image"></a><p>PRIME PROMETICS PrimeEyes Hydrate Under Eye Cream for Mature Women – Hydrating Eye Cream for Dark Circles and Wrinkle Repair – Soft, Glowing & Healthy Under Eyes</p><p>$62.00</p><a href="https://www.amazon.com/dp/B0CZJ8N83D?tag=eloabder-20&linkCode=osi&th=1&psc=1">View Product</a></div><div class="product"><a href="https://www.amazon.com/dp/B0009RFB76?tag=eloabder-20&linkCode=osi&th=1&psc=1"><img src="https://m.media-amazon.com/images/I/31M2iQDNDOL._SL500_.jpg" alt="Product Image"></a><p>RoC Retinol Correxion Under Eye Cream for Dark Circles & Puffiness, Daily Wrinkle Cream, Anti Aging Line Smoothing Skin Care Treatment for Women and Men, 0.5 oz (Packaging May Vary)</p><p>$19.02 ($38.04 / Fl Oz)</p><a href="https://www.amazon.com/dp/B0009RFB76?tag=eloabder-20&linkCode=osi&th=1&psc=1">View Product</a></div><div class="product"><a href="https://www.amazon.com/dp/B0D3TG6MN3?tag=eloabder-20&linkCode=osi&th=1&psc=1"><img src="https://m.media-amazon.com/images/I/21-DQIJf5xL._SL500_.jpg" alt="Product Image"></a><p>Dr.Melaxin Eyephalt Eyebag Cream for Puffiness, Dark Circles & Fine Lines, Wrinkle, EGF Anti-Aging Under Eye Moisturizer with Niacinamide&Ceramide 0.33 fl.oz.</p><p>$59.00 ($178.79 / Fl Oz)</p><a href="https://www.amazon.com/dp/B0D3TG6MN3?tag=eloabder-20&linkCode=osi&th=1&psc=1">View Product</a></div><div class="product"><a href="https://www.amazon.com/dp/B07CKJRJXB?tag=eloabder-20&linkCode=osi&th=1&psc=1"><img src="https://m.media-amazon.com/images/I/31pJCzbhXrL._SL500_.jpg" alt="Product Image"></a><p>No7 Lift & Luminate Triple Action Eye Cream - Anti-Aging Under Eye Cream for Dark Circles, Puffiness & Wrinkles - Formulated with Vitamin C to Brighten and Refresh Tired Eyes (0.5 Fl Oz)</p><p>$15.93</p><a href="https://www.amazon.com/dp/B07CKJRJXB?tag=eloabder-20&linkCode=osi&th=1&psc=1">View Product</a></div><div class="product"><a href="https://www.amazon.com/dp/B07ZRF416W?tag=eloabder-20&linkCode=osi&th=1&psc=1"><img src="https://m.media-amazon.com/images/I/31cH7vzfBxL._SL500_.jpg" alt="Product Image"></a><p>COSRX Snail Peptide Eye Cream with 73.7% Snail Mucin and Niacinamide - Brightening Korean Night Cream for Fine Lines and Dark Circles</p><p>$13.89 ($16.34 / Fl Oz)</p><a href="https://www.amazon.com/dp/B07ZRF416W?tag=eloabder-20&linkCode=osi&th=1&psc=1">View Product</a></div>
<div class="product"><a href="https://www.amazon.com/dp/B01N9SPQHQ?tag=eloabder-20&linkCode=osi&th=1&psc=1"><img src="https://m.media-amazon.com/images/I/41NHgWAaYAL._SL500_.jpg" alt="Product Image"></a><p>La Roche-Posay Toleriane Double Repair Face Moisturizer, Daily Moisturizer Face Cream with Ceramide and Niacinamide for All Skin Types, Oil Free, Fragrance Free</p><p>$23.99 ($7.10 / Fl Oz)</p><a href="https://www.amazon.com/dp/B01N9SPQHQ?tag=eloabder-20&linkCode=osi&th=1&psc=1">View Product</a></div><div class="product"><a href="https://www.amazon.com/dp/B08BW46XXK?tag=eloabder-20&linkCode=osi&th=1&psc=1"><img src="https://m.media-amazon.com/images/I/41oCJ4BF8oL._SL500_.jpg" alt="Product Image"></a><p>Vanicream Daily Facial Moisturizer With Ceramides and Hyaluronic Acid - Formulated Without Common Irritants for Those with Sensitive Skin, 3 fl oz (Pack of 1)</p><p>$12.97 ($4.32 / Fl Oz)</p><a href="https://www.amazon.com/dp/B08BW46XXK?tag=eloabder-20&linkCode=osi&th=1&psc=1">View Product</a></div><div class="product"><a href="https://www.amazon.com/dp/B00TTD9BRC?tag=eloabder-20&linkCode=osi&th=1&psc=1"><img src="https://m.media-amazon.com/images/I/41Kc6H7fboL._SL500_.jpg" alt="Product Image"></a><p>CeraVe Moisturizing Cream | Body and Face Moisturizer for Dry Skin | Body Cream with Hyaluronic Acid and Ceramides | Daily Moisturizer | Oil-Free | Fragrance Free | Non-Comedogenic | 19 Ounce</p><p>$17.78 ($0.94 / Ounce)</p><a href="https://www.amazon.com/dp/B00TTD9BRC?tag=eloabder-20&linkCode=osi&th=1&psc=1">View Product</a></div><div class="product"><a href="https://www.amazon.com/dp/B000YJ2SLG?tag=eloabder-20&linkCode=osi&th=1&psc=1"><img src="https://m.media-amazon.com/images/I/31J9bWXnQ+L._SL500_.jpg" alt="Product Image"></a><p>CeraVe Daily Moisturizing Lotion for Dry Skin | Body Lotion & Face Moisturizer with Hyaluronic Acid and Ceramides | Daily Moisturizer | Fragrance Free | Oil-Free | 12 Ounce</p><p>$13.68 ($1.14 / Fl Oz)</p><a href="https://www.amazon.com/dp/B000YJ2SLG?tag=eloabder-20&linkCode=osi&th=1&psc=1">View Product</a></div><div class="product"><a href="https://www.amazon.com/dp/B01LEJ5MSK?tag=eloabder-20&linkCode=osi&th=1&psc=1"><img src="https://m.media-amazon.com/images/I/418xEMrk6LL._SL500_.jpg" alt="Product Image"></a><p>COSRX Snail Mucin 92% Repair Cream, Daily Face Gel Moisturizer for Dry Skin, Acne-prone, Sensitive Skin, Not Tested on Animals, No Parabens, Korean Skincare (3.52 Fl Oz (Pack of 1))</p><p>$13.99 ($3.97 / Fl Oz)</p><a href="https://www.amazon.com/dp/B01LEJ5MSK?tag=eloabder-20&linkCode=osi&th=1&psc=1">View Product</a></div><div class="product"><a href="https://www.amazon.com/dp/B0BBSP2JNQ?tag=eloabder-20&linkCode=osi&th=1&psc=1"><img src="https://m.media-amazon.com/images/I/51qb7tiAJgL._SL500_.jpg" alt="Product Image"></a><p>SimplyVital Face Moisturizer Collagen Cream - Anti Aging Neck and Décolleté - Made in USA Day & Night Face Cream - Moisturizing, Lifting & Recovery – 1.7oz</p><p>$22.89 ($13.46 / Fl Oz)</p><a href="https://www.amazon.com/dp/B0BBSP2JNQ?tag=eloabder-20&linkCode=osi&th=1&psc=1">View Product</a></div><div class="product"><a href="https://www.amazon.com/dp/B01NCWV3KM?tag=eloabder-20&linkCode=osi&th=1&psc=1"><img src="https://m.media-amazon.com/images/I/41Q1ESUhSeL._SL500_.jpg" alt="Product Image"></a><p>La Roche-Posay Toleriane Double Repair UV SPF Moisturizer for Face, Daily Facial Moisturizer with Sunscreen SPF 30, Niacinamide and Glycerin, Oil Free, Moisturizing Sun Protection</p><p>$24.99 ($10.00 / Fl Oz)</p><a href="https://www.amazon.com/dp/B01NCWV3KM?tag=eloabder-20&linkCode=osi&th=1&psc=1">View Product</a></div><div class="product"><a href="https://www.amazon.com/dp/B00F97FHAW?tag=eloabder-20&linkCode=osi&th=1&psc=1"><img src="https://m.media-amazon.com/images/I/41K+11aLxaL._SL500_.jpg" alt="Product Image"></a><p>CeraVe AM Facial Moisturizing Lotion with SPF 30 | Oil-Free Face Moisturizer with SPF | Formulated with Hyaluronic Acid, Niacinamide & Ceramides | Non-Comedogenic | Broad Spectrum Sunscreen | 3 Ounce</p><p>$14.99 ($5.00 / Fl Oz)</p><a href="https://www.amazon.com/dp/B00F97FHAW?tag=eloabder-20&linkCode=osi&th=1&psc=1">View Product</a></div><div class="product"><a href="https://www.amazon.com/dp/B00NR1YQHM?tag=eloabder-20&linkCode=osi&th=1&psc=1"><img src="https://m.media-amazon.com/images/I/41yzZFTW63L._SL500_.jpg" alt="Product Image"></a><p>Neutrogena Hydro Boost Face Moisturizer with Hyaluronic Acid for Dry Skin, Oil-Free and Non-Comedogenic Water Gel Face Lotion, 1.7 oz</p><p>$13.00 ($7.65 / Ounce)</p><a href="https://www.amazon.com/dp/B00NR1YQHM?tag=eloabder-20&linkCode=osi&th=1&psc=1">View Product</a></div><div class="product"><a href="https://www.amazon.com/dp/B08127SC4G?tag=eloabder-20&linkCode=osi&th=1&psc=1"><img src="https://m.media-amazon.com/images/I/31lAajvgToL._SL500_.jpg" alt="Product Image"></a><p>e.l.f. SKIN Holy Hydration! Face Cream, Moisturizer For Nourishing & Plumping Skin, Infused With Hyaluronic Acid, Vegan & Cruelty-Free, 1.8 Oz</p><p>$13.00 ($7.39 / Ounce)</p><a href="https://www.amazon.com/dp/B08127SC4G?tag=eloabder-20&linkCode=osi&th=1&psc=1">View Product</a></div>
<div class="product"><a href="https://www.amazon.com/dp/B00SNPCSUY?tag=eloabder-20&linkCode=osi&th=1&psc=1"><img src="https://m.media-amazon.com/images/I/411crd4ECqL._SL500_.jpg" alt="Product Image"></a><p>CeraVe Skin Renewing Night Cream | Niacinamide, Peptide Complex, and Hyaluronic Acid Moisturizer for Face | 1.7 Ounce, Packaging may Vary</p><p>$17.44 ($10.26 / Ounce)</p><a href="https://www.amazon.com/dp/B00SNPCSUY?tag=eloabder-20&linkCode=osi&th=1&psc=1">View Product</a></div><div class="product"><a href="https://www.amazon.com/dp/B00HNSSPDG?tag=eloabder-20&linkCode=osi&th=1&psc=1"><img src="https://m.media-amazon.com/images/I/41zARcUorbL._SL500_.jpg" alt="Product Image"></a><p>Neutrogena Triple Age Repair Anti-Aging Night Cream with Vitamin C; Fights Wrinkles & Evens Tone, Firming Anti-Wrinkle Face & Neck Cream; Glycerin & Shea Butter, 1.7 oz</p><p>$20.44 ($12.02 / Ounce)</p><a href="https://www.amazon.com/dp/B00HNSSPDG?tag=eloabder-20&linkCode=osi&th=1&psc=1">View Product</a></div><div class="product"><a href="https://www.amazon.com/dp/B01M4R7CC5?tag=eloabder-20&linkCode=osi&th=1&psc=1"><img src="https://m.media-amazon.com/images/I/414vBUMc1QL._SL500_.jpg" alt="Product Image"></a><p>Night Cream by Olay Regenerist Night Recovery Anti-Aging Face Moisturizer 1.7 oz</p><p>$21.34 ($12.55 / Ounce)</p><a href="https://www.amazon.com/dp/B01M4R7CC5?tag=eloabder-20&linkCode=osi&th=1&psc=1">View Product</a></div><div class="product"><a href="https://www.amazon.com/dp/B00365DABC?tag=eloabder-20&linkCode=osi&th=1&psc=1"><img src="https://m.media-amazon.com/images/I/41rqUy3OtML._SL500_.jpg" alt="Product Image"></a><p>CeraVe PM Facial Moisturizing Lotion | Night Cream with Hyaluronic Acid and Niacinamide | Ultra-Lightweight, Oil-Free Moisturizer for Face | 3 Ounce</p><p>$15.99 ($5.33 / Ounce)</p><a href="https://www.amazon.com/dp/B00365DABC?tag=eloabder-20&linkCode=osi&th=1&psc=1">View Product</a></div><div class="product"><a href="https://www.amazon.com/dp/B0877PX27D?tag=eloabder-20&linkCode=osi&th=1&psc=1"><img src="https://m.media-amazon.com/images/I/41UsZNavFeL._SL500_.jpg" alt="Product Image"></a><p>Eucerin Q10 Anti-Wrinkle Night Cream + Pro-Retinol, Facial Cream for Sensitive Skin, 1.7 Oz Jar</p><p>$12.49 ($7.35 / Ounce)</p><a href="https://www.amazon.com/dp/B0877PX27D?tag=eloabder-20&linkCode=osi&th=1&psc=1">View Product</a></div><div class="product"><a href="https://www.amazon.com/dp/B09843F4WG?tag=eloabder-20&linkCode=osi&th=1&psc=1"><img src="https://m.media-amazon.com/images/I/41rbHY+4UCL._SL500_.jpg" alt="Product Image"></a><p>L'Oreal Paris Age Perfect Collagen Expert Anti-Aging, Anti-Wrinkle Night Moisturizer 2.5 oz</p><p>$14.06 ($5.62 / Ounce)</p><a href="https://www.amazon.com/dp/B09843F4WG?tag=eloabder-20&linkCode=osi&th=1&psc=1">View Product</a></div><div class="product"><a href="https://www.amazon.com/dp/B00D440TZU?tag=eloabder-20&linkCode=osi&th=1&psc=1"><img src="https://m.media-amazon.com/images/I/41th+Ofm0oL._SL500_.jpg" alt="Product Image"></a><p>RoC Multi Correxion 5 in 1 Restoring/Anti Aging Facial Night Cream with Hexinol, 1.7 Ounces (Packaging May Vary)</p><p>$24.47 ($14.39 / Ounce)</p><a href="https://www.amazon.com/dp/B00D440TZU?tag=eloabder-20&linkCode=osi&th=1&psc=1">View Product</a></div><div class="product"><a href="https://www.amazon.com/dp/B0C15N3473?tag=eloabder-20&linkCode=osi&th=1&psc=1"><img src="https://m.media-amazon.com/images/I/415J39xM8eL._SL500_.jpg" alt="Product Image"></a><p>Cetaphil Healthy Renew Skin Tightening Night Cream 1.7 Oz, Wrinkle Repair Cream for Face with Peptides, Retinol Alternative Cream For Sensitive Skin, Fragrance Free</p><p>$16.64 ($9.79 / Fl Oz)</p><a href="https://www.amazon.com/dp/B0C15N3473?tag=eloabder-20&linkCode=osi&th=1&psc=1">View Product</a></div><div class="product"><a href="https://www.amazon.com/dp/B09W4TZVPZ?tag=eloabder-20&linkCode=osi&th=1&psc=1"><img src="https://m.media-amazon.com/images/I/411CiT2MjTL._SL500_.jpg" alt="Product Image"></a><p>Eight Saints Skin Care Up the Anti Night Cream Face Moisturizer to Reduce Fine Lines and Wrinkles, Natural and Organic Anti Aging Cream For Face & Neck with Niacinamide and Hyaluronic Acid, 2 Ounces</p><p>$34.00 ($17.00 / Ounce)</p><a href="https://www.amazon.com/dp/B09W4TZVPZ?tag=eloabder-20&linkCode=osi&th=1&psc=1">View Product</a></div><div class="product"><a href="https://www.amazon.com/dp/B0B64GY9MC?tag=eloabder-20&linkCode=osi&th=1&psc=1"><img src="https://m.media-amazon.com/images/I/416zsLeSx8L._SL500_.jpg" alt="Product Image"></a><p>L'Oreal Paris Age Perfect Anti-Aging Midnight Cream, Reduce Wrinkles & Firm 1.7oz + Serum Sample</p><p>$27.77 ($16.34 / Ounce)</p><a href="https://www.amazon.com/dp/B0B64GY9MC?tag=eloabder-20&linkCode=osi&th=1&psc=1">View Product</a></div>
<div class="product"><a href="https://www.amazon.com/dp/B002JDUMFO?tag=eloabder-20&linkCode=osi&th=1&psc=1"><img src="https://m.media-amazon.com/images/I/41h3+tOcptL._SL500_.jpg" alt="Product Image"></a><p>L’Oréal Paris Collagen Daily Face Moisturizer, Reduce Wrinkles, Face Cream 1.7 oz</p><p>$7.14 ($4.20 / Ounce)</p><a href="https://www.amazon.com/dp/B002JDUMFO?tag=eloabder-20&linkCode=osi&th=1&psc=1">View Product</a></div><div class="product"><a href="https://www.amazon.com/dp/B07D61XRFT?tag=eloabder-20&linkCode=osi&th=1&psc=1"><img src="https://m.media-amazon.com/images/I/41jMcJ9ZkDL._SL500_.jpg" alt="Product Image"></a><p>L'Oreal Paris Skincare Age Perfect Hydra-Nutrition Anti-Aging Day Cream with Manuka Honey Extract, 1.7 Ounce</p><p>$14.99 ($8.82 / Ounce)</p><a href="https://www.amazon.com/dp/B07D61XRFT?tag=eloabder-20&linkCode=osi&th=1&psc=1">View Product</a></div><div class="product"><a href="https://www.amazon.com/dp/B00OYBAMKY?tag=eloabder-20&linkCode=osi&th=1&psc=1"><img src="https://m.media-amazon.com/images/I/31F5FUo3BnL._SL500_.jpg" alt="Product Image"></a><p>Grown Alchemist Hydra-Repair Day Cream. Face Moisturizer that Primes and Hydrates Skin (100ml).</p><p>$65.00 ($19.23 / Fl Oz)</p><a href="https://www.amazon.com/dp/B00OYBAMKY?tag=eloabder-20&linkCode=osi&th=1&psc=1">View Product</a></div><div class="product"><a href="https://www.amazon.com/dp/B0C9VXS6VY?tag=eloabder-20&linkCode=osi&th=1&psc=1"><img src="https://m.media-amazon.com/images/I/41jZJbsswdL._SL500_.jpg" alt="Product Image"></a><p>La Vie Protective Anti-Aging Face Cream – Day Cream with Hyaluronic Acid, Shea Butter & Vitamins – Firming Face Cream with SPF & Aloe Vera – 1.7Fl Oz</p><p>$21.50 ($12.65 / Fl Oz)</p><a href="https://www.amazon.com/dp/B0C9VXS6VY?tag=eloabder-20&linkCode=osi&th=1&psc=1">View Product</a></div><div class="product"><a href="https://www.amazon.com/dp/B0CWVN2PKH?tag=eloabder-20&linkCode=osi&th=1&psc=1"><img src="https://m.media-amazon.com/images/I/41qIK3gKbEL._SL500_.jpg" alt="Product Image"></a><p>EnaSkin Retinol Cream for Wrinkles: Face Collagen Cream for Tightening Skin - Anti Aging Facial Moisturizer Day and Night for Women and Men 1.7 Fl OZ</p><p>$19.89 ($11.70 / Fl Oz)</p><a href="https://www.amazon.com/dp/B0CWVN2PKH?tag=eloabder-20&linkCode=osi&th=1&psc=1">View Product</a></div>
<div class="product"><a href="https://www.amazon.com/dp/B0CKPQJ13T?tag=eloabder-20&linkCode=osi&th=1&psc=1"><img src="https://m.media-amazon.com/images/I/31h2CQ5KWBL._SL500_.jpg" alt="Product Image"></a><p>Niacinamide Serum for Face, Anti Aging Serum, Hydrating Serum for Moisturize Skin, Oil Control, Pores Reducer, Reduces Skin Dullness and Delay Aging, Niacinamide Face Serum for all Skin Type</p><p>$9.99 ($9.99 / Fl Oz)</p><a href="https://www.amazon.com/dp/B0CKPQJ13T?tag=eloabder-20&linkCode=osi&th=1&psc=1">View Product</a></div><div class="product"><a href="https://www.amazon.com/dp/B072K1LNNY?tag=eloabder-20&linkCode=osi&th=1&psc=1"><img src="https://m.media-amazon.com/images/I/51frH2pII1L._SL500_.jpg" alt="Product Image"></a><p>SeoulCeuticals Korean Skin Care 20% Vitamin C Hyaluronic Acid Serum + CE Ferulic Acid - Potent Anti Aging, Anti Wrinkle Korean Beauty 1oz</p><p>$19.98</p><a href="https://www.amazon.com/dp/B072K1LNNY?tag=eloabder-20&linkCode=osi&th=1&psc=1">View Product</a></div><div class="product"><a href="https://www.amazon.com/dp/B01M4MCUAF?tag=eloabder-20&linkCode=osi&th=1&psc=1"><img src="https://m.media-amazon.com/images/I/41aQhk7cn+L._SL500_.jpg" alt="Product Image"></a><p>TruSkin Vitamin C Serum – Anti Aging Facial Serum with Vitamin C, Hyaluronic Acid, Vitamin E & More – Brightening Serum for Dark Spots, Even Skin Tone, Eye Area, Fine Lines & Wrinkles, 1 Fl Oz</p><p>$21.97</p><a href="https://www.amazon.com/dp/B01M4MCUAF?tag=eloabder-20&linkCode=osi&th=1&psc=1">View Product</a></div><div class="product"><a href="https://www.amazon.com/dp/B08L8B5JR2?tag=eloabder-20&linkCode=osi&th=1&psc=1"><img src="https://m.media-amazon.com/images/I/51Ee0RzYONL._SL500_.jpg" alt="Product Image"></a><p>Vibriance Super C Serum for Mature Skin, Made in USA, All-In-One Formula Hydrates, Firms, Lifts, Smooths, Targets Age Spots, Wrinkles, Vitamin C Serum; 1 fl oz</p><p>$32.90</p><a href="https://www.amazon.com/dp/B08L8B5JR2?tag=eloabder-20&linkCode=osi&th=1&psc=1">View Product</a></div><div class="product"><a href="https://www.amazon.com/dp/B07P5TMHD9?tag=eloabder-20&linkCode=osi&th=1&psc=1"><img src="https://m.media-amazon.com/images/I/51xr2lw0Y7L._SL500_.jpg" alt="Product Image"></a><p>Vitamin C Face Serum - Dark Spot Remover Facial Serum, Vit C Serum with Hyaluronic Acid, Ferulic Acid, & Vit E - Anti Aging and Skin Brightening Serum, Pure Vitamin C Serum Skin Care</p><p>$9.98</p><a href="https://www.amazon.com/dp/B07P5TMHD9?tag=eloabder-20&linkCode=osi&th=1&psc=1">View Product</a></div><div class="product"><a href="https://www.amazon.com/dp/B09TPXJP8R?tag=eloabder-20&linkCode=osi&th=1&psc=1"><img src="https://m.media-amazon.com/images/I/41wFAnopZkL._SL500_.jpg" alt="Product Image"></a><p>Vichy LiftActiv Vitamin C Serum, Brightening and Anti Aging Serum for Face with 15% Pure Vitamin C, Skin Firming and Antioxidant Facial Serum for Brightness and Moisturizing</p><p>$34.99 ($52.22 / Fl Oz)</p><a href="https://www.amazon.com/dp/B09TPXJP8R?tag=eloabder-20&linkCode=osi&th=1&psc=1">View Product</a></div><div class="product"><a href="https://www.amazon.com/dp/B075VX4QVM?tag=eloabder-20&linkCode=osi&th=1&psc=1"><img src="https://m.media-amazon.com/images/I/31uFKKKGUhL._SL500_.jpg" alt="Product Image"></a><p>La Roche-Posay Hyalu B5 Pure Hyaluronic Acid Serum for Face | Vitamin B5 + Hyaluronic Acid + Madecassoside | Hydrating Serum Visibly Plumps Skin | Sensitive Skin Safe | Anti Aging Serum | Oil-Free</p><p>$39.99</p><a href="https://www.amazon.com/dp/B075VX4QVM?tag=eloabder-20&linkCode=osi&th=1&psc=1">View Product</a></div><div class="product"><a href="https://www.amazon.com/dp/B0CLLV2T1P?tag=eloabder-20&linkCode=osi&th=1&psc=1"><img src="https://m.media-amazon.com/images/I/31ZBa-zgbjL._SL500_.jpg" alt="Product Image"></a><p>Anua 10% Niacinamide+ 4% Tranexamic Acid Serum, Ceramide, Hyaluronic Acid, Vitamin B12 natural color, for Sensitive skin, Korean Glass Skin, Fragrance-Free (30ml /1.01 fl.oz.)</p><p>$19.00 ($18.81 / Fl Oz)</p><a href="https://www.amazon.com/dp/B0CLLV2T1P?tag=eloabder-20&linkCode=osi&th=1&psc=1">View Product</a></div><div class="product"><a href="https://www.amazon.com/dp/B07VWSN95S?tag=eloabder-20&linkCode=osi&th=1&psc=1"><img src="https://m.media-amazon.com/images/I/411Y0nzh9zL._SL500_.jpg" alt="Product Image"></a><p>CeraVe Retinol Serum for Post-Acne Marks and Skin Texture | Pore Refining, Resurfacing, Brightening Facial Serum with Retinol and Niacinamide | Fragrance Free, Paraben Free & Non-Comedogenic| 1 Oz</p><p>$18.68</p><a href="https://www.amazon.com/dp/B07VWSN95S?tag=eloabder-20&linkCode=osi&th=1&psc=1">View Product</a></div>
<div class="product"><a href="https://www.amazon.com/dp/B00J1FNW28?tag=eloabder-20&linkCode=osi&th=1&psc=1"><img src="https://m.media-amazon.com/images/I/414w8iNQRqL._SL500_.jpg" alt="Product Image"></a><p>Palmer's Cocoa Butter Formula Moisturizing Skin Therapy Oil for Face with Vitamin E, C & 10 Pure Facial Oil Blend, Rosehip Fragrance, 1 Ounce</p><p>$10.97 ($10.97 / Fl Oz)</p><a href="https://www.amazon.com/dp/B00J1FNW28?tag=eloabder-20&linkCode=osi&th=1&psc=1">View Product</a></div><div class="product"><a href="https://www.amazon.com/dp/B01N3340K7?tag=eloabder-20&linkCode=osi&th=1&psc=1"><img src="https://m.media-amazon.com/images/I/41QYm09uWiL._SL500_.jpg" alt="Product Image"></a><p>Kate Blanc Cosmetics Rosehip Oil for Face & Skin. Rosehip Seed Face Oil for Facial & Gua Sha Massage (1oz, Organic, Pure, Cold Pressed)</p><p>$8.99</p><a href="https://www.amazon.com/dp/B01N3340K7?tag=eloabder-20&linkCode=osi&th=1&psc=1">View Product</a></div><div class="product"><a href="https://www.amazon.com/dp/B01GYHLW4U?tag=eloabder-20&linkCode=osi&th=1&psc=1"><img src="https://m.media-amazon.com/images/I/31oeUKDfrOL._SL500_.jpg" alt="Product Image"></a><p>KORA Organics Noni Glow Hydrating Face Oil with Antioxidants, Nourish & Illuminate, Certified Organic, Cruelty Free, 0.34 fl oz</p><p>$29.00 ($85.29 / Fl Oz)</p><a href="https://www.amazon.com/dp/B01GYHLW4U?tag=eloabder-20&linkCode=osi&th=1&psc=1">View Product</a></div><div class="product"><a href="https://www.amazon.com/dp/B09Q2XYMLM?tag=eloabder-20&linkCode=osi&th=1&psc=1"><img src="https://m.media-amazon.com/images/I/41LM+-HnjiL._SL500_.jpg" alt="Product Image"></a><p>Good Molecules Squalane Oil - Moisturizer for Face, Skin, and Hair, Plumping, Firming, Anti-Aging - Skincare for Face to Hydrate and Calm the Skin</p><p>$8.00 ($18.18 / Fl Oz)</p><a href="https://www.amazon.com/dp/B09Q2XYMLM?tag=eloabder-20&linkCode=osi&th=1&psc=1">View Product</a></div><div class="product"><a href="https://www.amazon.com/dp/B0CNG6YPB8?tag=eloabder-20&linkCode=osi&th=1&psc=1"><img src="https://m.media-amazon.com/images/I/41gbDKoodrL._SL500_.jpg" alt="Product Image"></a><p>Black Seed Oil, Rosehip Oil, Castor Oil Organic Cold Pressed for Face Anti-Aging Miracle Facial Moisturizer Serum Natural Skincare Fortifying Hydrates Skin Moisturizing Beauty Glow Oil 1 Fl Oz/30mL</p><p>$16.99 ($16.99 / Fl Oz)</p><a href="https://www.amazon.com/dp/B0CNG6YPB8?tag=eloabder-20&linkCode=osi&th=1&psc=1">View Product</a></div><div class="product"><a href="https://www.amazon.com/dp/B000VPPUEA?tag=eloabder-20&linkCode=osi&th=1&psc=1"><img src="https://m.media-amazon.com/images/I/31e4JzjWhkL._SL500_.jpg" alt="Product Image"></a><p>Bio-Oil Skincare Body Oil, Vitamin E, Serum for Scars & Stretchmarks, Face & Body Moisturizer, 2 oz, All Skin Types</p><p>$11.04 ($5.52 / Fl Oz)</p><a href="https://www.amazon.com/dp/B000VPPUEA?tag=eloabder-20&linkCode=osi&th=1&psc=1">View Product</a></div><div class="product"><a href="https://www.amazon.com/dp/B001UE60E0?tag=eloabder-20&linkCode=osi&th=1&psc=1"><img src="https://m.media-amazon.com/images/I/31cFL31-1pL._SL500_.jpg" alt="Product Image"></a><p>DHC Deep Cleansing Oil, Facial Cleansing Oil, Makeup Remover, Cleanses without Clogging Pores, Residue-Free, Fragrance and Colorant Free, All Skin Types, 6.7 fl. oz.</p><p>$21.99 ($3.28 / Fl Oz)</p><a href="https://www.amazon.com/dp/B001UE60E0?tag=eloabder-20&linkCode=osi&th=1&psc=1">View Product</a></div><div class="product"><a href="https://www.amazon.com/dp/B0BN2PX8V3?tag=eloabder-20&linkCode=osi&th=1&psc=1"><img src="https://m.media-amazon.com/images/I/31vN6RNetML._SL500_.jpg" alt="Product Image"></a><p>ANUA Heartleaf Pore Control Cleansing Oil, Oil Cleanser for Face, Makeup Blackhead Remover, Korean Skin Care 6.76 fl oz(200ml) (original)</p><p>$17.69 ($2.64 / Fl Oz)</p><a href="https://www.amazon.com/dp/B0BN2PX8V3?tag=eloabder-20&linkCode=osi&th=1&psc=1">View Product</a></div><div class="product"><a href="https://www.amazon.com/dp/B07H2GP6VX?tag=eloabder-20&linkCode=osi&th=1&psc=1"><img src="https://m.media-amazon.com/images/I/41OxX+xF61L._SL500_.jpg" alt="Product Image"></a><p>Skin Glow Serum for Face Care - Gua Sha Oil for Glowing Skin with Turmeric Oil for Face Dark Spots Fine Lines & Wrinkles - Hydrating Face Oil for Women's Vegan Organic Skin Care (30mL)</p><p>$29.70 ($29.70 / Fl Oz)</p><a href="https://www.amazon.com/dp/B07H2GP6VX?tag=eloabder-20&linkCode=osi&th=1&psc=1">View Product</a></div><div class="product"><a href="https://www.amazon.com/dp/B098553XRB?tag=eloabder-20&linkCode=osi&th=1&psc=1"><img src="https://m.media-amazon.com/images/I/31jJT07RSqL._SL500_.jpg" alt="Product Image"></a><p>Derma E Vitamin C Glow Face Oil, Facial Oil Nourishes, Brightens and Illuminates for a Radiant Glow, Moisturizing Face Oil with Turmeric, Seabuckthorn and Red Raspberry, 1 Fl Oz</p><p>$13.05</p><a href="https://www.amazon.com/dp/B098553XRB?tag=eloabder-20&linkCode=osi&th=1&psc=1">View Product</a></div>
<div class="product"><a href="https://www.amazon.com/dp/B005IHT94S?tag=eloabder-20&linkCode=osi&th=1&psc=1"><img src="https://m.media-amazon.com/images/I/31YAXVCRMAL._SL500_.jpg" alt="Product Image"></a><p>Neutrogena Ultra Sheer Dry-Touch Water Resistant and Non-Greasy Sunscreen Lotion with Broad Spectrum SPF 70, 3 Fl Oz (Pack of 1)</p><p>$9.88 ($3.29 / Fl Oz)</p><a href="https://www.amazon.com/dp/B005IHT94S?tag=eloabder-20&linkCode=osi&th=1&psc=1">View Product</a></div><div class="product"><a href="https://www.amazon.com/dp/B078BC1NJ6?tag=eloabder-20&linkCode=osi&th=1&psc=1"><img src="https://m.media-amazon.com/images/I/51V4LMN2zEL._SL500_.jpg" alt="Product Image"></a><p>Coppertone Sport Sunscreen Spray SPF 50, Water Resistant Spray Sunscreen, Broad Spectrum SPF 50 Sunscreen, Bulk Sunscreen Pack, 5.5 Oz Bottle, Pack of 3</p><p>$20.63 ($1.25 / Ounce)</p><a href="https://www.amazon.com/dp/B078BC1NJ6?tag=eloabder-20&linkCode=osi&th=1&psc=1">View Product</a></div><div class="product"><a href="https://www.amazon.com/dp/B01MQXX9US?tag=eloabder-20&linkCode=osi&th=1&psc=1"><img src="https://m.media-amazon.com/images/I/41Zi7BP15NL._SL500_.jpg" alt="Product Image"></a><p>Banana Boat Sport Ultra SPF 50 Sunscreen Spray Twin Pack | Banana Boat Sunscreen Spray SPF 50, Spray On Sunscreen, Water Resistant Sunscreen, Oxybenzone Free Sunscreen Pack, 6oz each</p><p>$13.97 ($1.16 / Ounce)</p><a href="https://www.amazon.com/dp/B01MQXX9US?tag=eloabder-20&linkCode=osi&th=1&psc=1">View Product</a></div><div class="product"><a href="https://www.amazon.com/dp/B002MSN3QQ?tag=eloabder-20&linkCode=osi&th=1&psc=1"><img src="https://m.media-amazon.com/images/I/3100avaA74L._SL500_.jpg" alt="Product Image"></a><p>EltaMD UV Clear Face Sunscreen, Oil Free Sunscreen with Zinc Oxide, Dermatologist Recommended Sunscreen, 1.7 oz Pump</p><p>$43.00 ($25.29 / Ounce)</p><a href="https://www.amazon.com/dp/B002MSN3QQ?tag=eloabder-20&linkCode=osi&th=1&psc=1">View Product</a></div><div class="product"><a href="https://www.amazon.com/dp/B00AEN4QZ8?tag=eloabder-20&linkCode=osi&th=1&psc=1"><img src="https://m.media-amazon.com/images/I/31QMrCJPoeL._SL500_.jpg" alt="Product Image"></a><p>Neutrogena Beach Defense Water-Resistant Face & Body SPF 70 Sunscreen Lotion with Broad Spectrum UVA/UVB Protection, Oil-Free Fast-Absorbing Sunscreen Lotion, Oxybenzone-Free, 6.7 oz</p><p>$9.60 ($1.43 / Fl Oz)</p><a href="https://www.amazon.com/dp/B00AEN4QZ8?tag=eloabder-20&linkCode=osi&th=1&psc=1">View Product</a></div><div class="product"><a href="https://www.amazon.com/dp/B076GZX3KL?tag=eloabder-20&linkCode=osi&th=1&psc=1"><img src="https://m.media-amazon.com/images/I/41BQoEZMuTL._SL500_.jpg" alt="Product Image"></a><p>Neutrogena Sunscreen Spray, Ultra Sheer ® Body Mist, Broad Spectrum SPF 70, Non-Greasy Water Resistant Body Sunscreen Mist, Non-Comedogenic, 5 oz (Pack of 3)</p><p>$22.60 ($1.51 / Ounce)</p><a href="https://www.amazon.com/dp/B076GZX3KL?tag=eloabder-20&linkCode=osi&th=1&psc=1">View Product</a></div><div class="product"><a href="https://www.amazon.com/dp/B004D2DR0Q?tag=eloabder-20&linkCode=osi&th=1&psc=1"><img src="https://m.media-amazon.com/images/I/41QwzCWNnFL._SL500_.jpg" alt="Product Image"></a><p>Neutrogena Ultra Sheer Dry-Touch Water Resistant and Non-Greasy Sunscreen Lotion with Broad Spectrum SPF 45, TSA-Compliant travel Size, 3 Fl Oz, Pack of 2, 6 Fl Oz</p><p>$13.99 ($2.33 / Fl Oz)</p><a href="https://www.amazon.com/dp/B004D2DR0Q?tag=eloabder-20&linkCode=osi&th=1&psc=1">View Product</a></div><div class="product"><a href="https://www.amazon.com/dp/B07YGVSGMW?tag=eloabder-20&linkCode=osi&th=1&psc=1"><img src="https://m.media-amazon.com/images/I/416T611PGUL._SL500_.jpg" alt="Product Image"></a><p>La Roche-Posay Anthelios Melt-In Milk Sunscreen SPF 100 | Sunscreen For Body & Face | Broad Spectrum SPF + Antioxidants | Oil Free Sunscreen Lotion | For Sun Sensitive Skin | Oxybenzone Free</p><p>$26.99 ($9.00 / Fl Oz)</p><a href="https://www.amazon.com/dp/B07YGVSGMW?tag=eloabder-20&linkCode=osi&th=1&psc=1">View Product</a></div><div class="product"><a href="https://www.amazon.com/dp/B002CML1VG?tag=eloabder-20&linkCode=osi&th=1&psc=1"><img src="https://m.media-amazon.com/images/I/41ufC4L5QQL._SL500_.jpg" alt="Product Image"></a><p>La Roche-Posay Anthelios Melt-In Milk Sunscreen SPF 60 | Sunscreen For Body & Face | Broad Spectrum SPF + Antioxidants | Oil Free Sunscreen Lotion | Lightweight & Fast Absorbing | Oxybenzone Free</p><p>$37.99 ($7.60 / Fl Oz)</p><a href="https://www.amazon.com/dp/B002CML1VG?tag=eloabder-20&linkCode=osi&th=1&psc=1">View Product</a></div>
<div class="product"><a href="https://www.amazon.com/dp/B004CDV7EY?tag=eloabder-20&linkCode=osi&th=1&psc=1"><img src="https://m.media-amazon.com/images/I/41tTwTi8GdL._SL500_.jpg" alt="Product Image"></a><p>Banana Boat Sport Ultra SPF 50 Sunscreen Lotion, 12oz | Banana Boat Sunscreen SPF 50 Lotion, Oxybenzone Free Sunscreen, Sunblock Lotion Sunscreen, Family Size Sunscreen, 12oz</p><p>$10.97 ($0.91 / Fl Oz)</p><a href="https://www.amazon.com/dp/B004CDV7EY?tag=eloabder-20&linkCode=osi&th=1&psc=1">View Product</a></div><div class="product"><a href="https://www.amazon.com/dp/B001P92FMG?tag=eloabder-20&linkCode=osi&th=1&psc=1"><img src="https://m.media-amazon.com/images/I/41G20SiwQqL._SL500_.jpg" alt="Product Image"></a><p>Neutrogena Sport Face Sunscreen, Broad Spectrum Sunblock SPF 70+, Water Resistant Sunscreen For Face, Sweat Resistant Oil Free Sunscreen Lotion, 2.5 FL OZ</p><p>$10.30 ($4.12 / Fl Oz)</p><a href="https://www.amazon.com/dp/B001P92FMG?tag=eloabder-20&linkCode=osi&th=1&psc=1">View Product</a></div><div class="product"><a href="https://www.amazon.com/dp/B01MY051NZ?tag=eloabder-20&linkCode=osi&th=1&psc=1"><img src="https://m.media-amazon.com/images/I/316sFsnyZ6L._SL500_.jpg" alt="Product Image"></a><p>Hawaiian Tropic Everyday Active Lotion Sunscreen SPF 50, 8oz | Hawaiian Tropic Sunscreen SPF 50, Sunblock, Broad Spectrum Sunscreen, Oxybenzone Free Sunscreen, Water Resistant Sunscreen, 8oz</p><p>$10.97 ($1.37 / Fl Oz)</p><a href="https://www.amazon.com/dp/B01MY051NZ?tag=eloabder-20&linkCode=osi&th=1&psc=1">View Product</a></div><div class="product"><a href="https://www.amazon.com/dp/B074WBHHYY?tag=eloabder-20&linkCode=osi&th=1&psc=1"><img src="https://m.media-amazon.com/images/I/41uIcq6eNrL._SL500_.jpg" alt="Product Image"></a><p>Coppertone Sport Sunscreen Spray SPF 50, Water Resistant Spray Sunscreen, Broad Spectrum SPF 50 Sunscreen, Bulk Sunscreen Pack, 5.5 Oz Bottle, Pack of 2</p><p>$14.49 ($1.32 / Ounce)</p><a href="https://www.amazon.com/dp/B074WBHHYY?tag=eloabder-20&linkCode=osi&th=1&psc=1">View Product</a></div><div class="product"><a href="https://www.amazon.com/dp/B077D7L95C?tag=eloabder-20&linkCode=osi&th=1&psc=1"><img src="https://m.media-amazon.com/images/I/4124cUh+pGL._SL500_.jpg" alt="Product Image"></a><p>Banana Boat Kids Sport Sunscreen Spray SPF 50, Twin Pack | Kids Sunscreen Spray, Kids Sunblock Spray, Oxybenzone Free Sunscreen for Kids, Spray Sunscreen SPF 50, 6oz each</p><p>$13.97 ($1.16 / Ounce)</p><a href="https://www.amazon.com/dp/B077D7L95C?tag=eloabder-20&linkCode=osi&th=1&psc=1">View Product</a></div>
<div class="product"><a href="https://www.amazon.com/dp/B08Q2R18HH?tag=eloabder-20&linkCode=osi&th=1&psc=1"><img src="https://m.media-amazon.com/images/I/51uR35zoH+L._SL500_.jpg" alt="Product Image"></a><p>Hawaiian Tropic Lime Coolada After Sun Lotion, 16oz | After Sun Care, Daily Moisturizing Lotion, After Sun Aloe, Cocoa Butter Lotion, Shea Butter Lotion, After Sun Skin Care, 16oz each Twin Pack</p><p>$14.99 ($0.47 / Fl Oz)</p><a href="https://www.amazon.com/dp/B08Q2R18HH?tag=eloabder-20&linkCode=osi&th=1&psc=1">View Product</a></div><div class="product"><a href="https://www.amazon.com/dp/B08Q2QK7F1?tag=eloabder-20&linkCode=osi&th=1&psc=1"><img src="https://m.media-amazon.com/images/I/41I370DTitL._SL500_.jpg" alt="Product Image"></a><p>Hawaiian Tropic Silk Hydration After Sun Lotion 6 Fl Oz (Pack of 2)</p><p>$19.98 ($1.66 / Fl Oz)</p><a href="https://www.amazon.com/dp/B08Q2QK7F1?tag=eloabder-20&linkCode=osi&th=1&psc=1">View Product</a></div><div class="product"><a href="https://www.amazon.com/dp/B004YAUZKM?tag=eloabder-20&linkCode=osi&th=1&psc=1"><img src="https://m.media-amazon.com/images/I/31QrLmSRyrL._SL500_.jpg" alt="Product Image"></a><p>Sun Bum Cool Down Aloe Vera Lotion - Vegan After Sun Care with Cocoa Butter to Soothe and Hydrate Sunburn- 8 oz</p><p>$12.99 ($1.62 / Fl Oz)</p><a href="https://www.amazon.com/dp/B004YAUZKM?tag=eloabder-20&linkCode=osi&th=1&psc=1">View Product</a></div><div class="product"><a href="https://www.amazon.com/dp/B07BH4DD2M?tag=eloabder-20&linkCode=osi&th=1&psc=1"><img src="https://m.media-amazon.com/images/I/41+JG2VHifL._SL500_.jpg" alt="Product Image"></a><p>Hawaiian Tropic After Sun Body Butter with Coconut Oil, 8oz | After Sun Lotion, Moisturizing Body Lotion, After Sun Moisturizer, Coconut Body Butter, After Sun Care, After Sun Skin Care, 8oz</p><p>$12.49 ($1.56 / Fl Oz)</p><a href="https://www.amazon.com/dp/B07BH4DD2M?tag=eloabder-20&linkCode=osi&th=1&psc=1">View Product</a></div><div class="product"><a href="https://www.amazon.com/dp/B091YZ5L12?tag=eloabder-20&linkCode=osi&th=1&psc=1"><img src="https://m.media-amazon.com/images/I/31otykDIBaL._SL500_.jpg" alt="Product Image"></a><p>B.TAN After Sun Lotion | Ooooh Aftersun Delight - Aloe Vera & Hyaluronic Acid, Sun Burn Skin Relief, Moisturizing Body Cream, 16 Fl oz</p><p>$12.99 ($0.81 / Fl Oz)</p><a href="https://www.amazon.com/dp/B091YZ5L12?tag=eloabder-20&linkCode=osi&th=1&psc=1">View Product</a></div><div class="product"><a href="https://www.amazon.com/dp/B0013L55U0?tag=eloabder-20&linkCode=osi&th=1&psc=1"><img src="https://m.media-amazon.com/images/I/41BErPueiSL._SL500_.jpg" alt="Product Image"></a><p>Burt's Bees After Sun Lotion with Hydrating Aloe Vera & Coconut Oil - Summer Essentials, Sunburn Relief, Natural After Sun Soother, 6 oz</p><p>$12.96 ($2.16 / Fl Oz)</p><a href="https://www.amazon.com/dp/B0013L55U0?tag=eloabder-20&linkCode=osi&th=1&psc=1">View Product</a></div><div class="product"><a href="https://www.amazon.com/dp/B01N6SVTBN?tag=eloabder-20&linkCode=osi&th=1&psc=1"><img src="https://m.media-amazon.com/images/I/51sE2A31qgL._SL500_.jpg" alt="Product Image"></a><p>Sunburnt Advanced After-Sun Lotion, 6 Ounce</p><p>$9.79 ($1.63 / Ounce)</p><a href="https://www.amazon.com/dp/B01N6SVTBN?tag=eloabder-20&linkCode=osi&th=1&psc=1">View Product</a></div><div class="product"><a href="https://www.amazon.com/dp/B098CTZYJX?tag=eloabder-20&linkCode=osi&th=1&psc=1"><img src="https://m.media-amazon.com/images/I/31hNQRVEp2L._SL500_.jpg" alt="Product Image"></a><p>Coola Organic Radical Recovery After Sun Body Lotion, Includes Aloe Vera, Agave and Lavender Oil for Sunburn Relief, 5 Fl Oz</p><p>$32.00 ($6.40 / Fl Oz)</p><a href="https://www.amazon.com/dp/B098CTZYJX?tag=eloabder-20&linkCode=osi&th=1&psc=1">View Product</a></div>
<div class="product"><a href="https://www.amazon.com/dp/B0CTBF3WLS?tag=eloabder-20&linkCode=osi&th=1&psc=1"><img src="https://m.media-amazon.com/images/I/41nFaIDnL9L._SL500_.jpg" alt="Product Image"></a><p>b.tan UV Tanning Bed Lotion | I Want The Darkest Tan Possible - x4000 Tan Intensifiers, Indoor & Outdoor Tan Accelerator, Best Browning Lotion, 12 Fl Oz</p><p>$14.99 ($1.25 / Fl Oz)</p><a href="https://www.amazon.com/dp/B0CTBF3WLS?tag=eloabder-20&linkCode=osi&th=1&psc=1">View Product</a></div><div class="product"><a href="https://www.amazon.com/dp/B001UTK76C?tag=eloabder-20&linkCode=osi&th=1&psc=1"><img src="https://m.media-amazon.com/images/I/31JM3ZgxMjL._SL500_.jpg" alt="Product Image"></a><p>Jergens Natural Glow +FIRMING Self Tanner, Sunless Tanning Lotion for Fair to Medium Skin Tone, Anti Cellulite Firming Body Lotion for Natural-Looking Tan, 7.5 Ounce</p><p>$10.47 ($1.40 / Fl Oz)</p><a href="https://www.amazon.com/dp/B001UTK76C?tag=eloabder-20&linkCode=osi&th=1&psc=1">View Product</a></div><div class="product"><a href="https://www.amazon.com/dp/B07XGS1NW9?tag=eloabder-20&linkCode=osi&th=1&psc=1"><img src="https://m.media-amazon.com/images/I/411h-bfoKfL._SL500_.jpg" alt="Product Image"></a><p>European Gold Flash Black 4000X Indoor Tanning Lotion with Time-Release DHA Bronzers, 12 oz</p><p>$13.99 ($1.17 / Fl Oz)</p><a href="https://www.amazon.com/dp/B07XGS1NW9?tag=eloabder-20&linkCode=osi&th=1&psc=1">View Product</a></div><div class="product"><a href="https://www.amazon.com/dp/B0058E3XJI?tag=eloabder-20&linkCode=osi&th=1&psc=1"><img src="https://m.media-amazon.com/images/I/41KNj0nprcL._SL500_.jpg" alt="Product Image"></a><p>Millennium Tanning Solid Black 100X Indoor Tanning Lotion for Tanning Beds (13.5 Fluid Ounces)</p><p>$29.99 ($2.22 / Fl Oz)</p><a href="https://www.amazon.com/dp/B0058E3XJI?tag=eloabder-20&linkCode=osi&th=1&psc=1">View Product</a></div><div class="product"><a href="https://www.amazon.com/dp/B003GX5SSC?tag=eloabder-20&linkCode=osi&th=1&psc=1"><img src="https://m.media-amazon.com/images/I/314WWYZVTGL._SL500_.jpg" alt="Product Image"></a><p>Australian Gold Dark Tanning Accelerator Lotion With Bronzer, 8 Ounce, New Package Same Formula, B003GX5SSC</p><p>$8.99 ($1.12 / Fl Oz)</p><a href="https://www.amazon.com/dp/B003GX5SSC?tag=eloabder-20&linkCode=osi&th=1&psc=1">View Product</a></div><div class="product"><a href="https://www.amazon.com/dp/B009YKK78C?tag=eloabder-20&linkCode=osi&th=1&psc=1"><img src="https://m.media-amazon.com/images/I/51VhZauUFYS._SL500_.jpg" alt="Product Image"></a><p>Ed Hardy Coconut Kisses Golden Tanning Lotion Cruelty Free, Gluten Free, Mineral Oil Free, DHA Free for All skin type,13.5 oz</p><p>$25.95 ($1.92 / Fl Oz)</p><a href="https://www.amazon.com/dp/B009YKK78C?tag=eloabder-20&linkCode=osi&th=1&psc=1">View Product</a></div><div class="product"><a href="https://www.amazon.com/dp/B09J1LZCWH?tag=eloabder-20&linkCode=osi&th=1&psc=1"><img src="https://m.media-amazon.com/images/I/41RzUs3u55L._SL500_.jpg" alt="Product Image"></a><p>Tanning Lotion Self Tanner - With Natural and Organic Ingredients Non Toxic Sunless Browning Lotion - Best Gradual Tan Lotion for Men and Women, Fair to Medium</p><p>$35.99 ($4.80 / Fl Oz)</p><a href="https://www.amazon.com/dp/B09J1LZCWH?tag=eloabder-20&linkCode=osi&th=1&psc=1">View Product</a></div><div class="product"><a href="https://www.amazon.com/dp/B00T7MZQ3S?tag=eloabder-20&linkCode=osi&th=1&psc=1"><img src="https://m.media-amazon.com/images/I/41yGeo8I0IL._SL500_.jpg" alt="Product Image"></a><p>Australian Gold Rapid Tanning Intensifier Lotion, 8.5 Fl Oz | With Tea Tree Oil and Aloe Vera | Vitamin E</p><p>$7.37 ($0.87 / Fl Oz)</p><a href="https://www.amazon.com/dp/B00T7MZQ3S?tag=eloabder-20&linkCode=osi&th=1&psc=1">View Product</a></div><div class="product"><a href="https://www.amazon.com/dp/B08MVJ5Y8Y?tag=eloabder-20&linkCode=osi&th=1&psc=1"><img src="https://m.media-amazon.com/images/I/51Mugq3kI+L._SL500_.jpg" alt="Product Image"></a><p>Tanning Paradise Black Coconut Love Tanning Lotion | Coconut Oil | Age-Defying | Tattoo Protecting Formula | Ultra Hydrating Dark Tanning Lotion, 13.5oz</p><p>$27.99 ($2.07 / Fl Oz)</p><a href="https://www.amazon.com/dp/B08MVJ5Y8Y?tag=eloabder-20&linkCode=osi&th=1&psc=1">View Product</a></div>
<div class="product"><a href="https://www.amazon.com/dp/B08FZZ4HPM?tag=eloabder-20&linkCode=osi&th=1&psc=1"><img src="https://m.media-amazon.com/images/I/31mReI9Wc6L._SL500_.jpg" alt="Product Image"></a><p>b.tan Ultra Dark Self Tanner | Too Tan - Fast, 1 Hour Express Sunless Tanning Mousse, No Gimmicks, No Fake Tan Smell, No Added Nasties, Vegan, Cruelty & Paraben Free, 6.7 Fl Oz</p><p>$9.97 ($1.49 / Fl Oz)</p><a href="https://www.amazon.com/dp/B08FZZ4HPM?tag=eloabder-20&linkCode=osi&th=1&psc=1">View Product</a></div><div class="product"><a href="https://www.amazon.com/dp/B0888B6TBN?tag=eloabder-20&linkCode=osi&th=1&psc=1"><img src="https://m.media-amazon.com/images/I/41K4-e3Kj9L._SL500_.jpg" alt="Product Image"></a><p>b.tan Darker Self Tanner Kit | Fall In Love at First Tan Bundle - Darker Self Tan Mousse with Self Tanning Mitt Applicator, Violet Base, 1 Hour Sunless Fast Tanner, No Fake Tan Smell, No Added Nasties, Vegan, Cruelty Free, 6.7 Fl Oz</p><p>$14.99 ($2.24 / Fl Oz)</p><a href="https://www.amazon.com/dp/B0888B6TBN?tag=eloabder-20&linkCode=osi&th=1&psc=1">View Product</a></div><div class="product"><a href="https://www.amazon.com/dp/B013WVAHJ2?tag=eloabder-20&linkCode=osi&th=1&psc=1"><img src="https://m.media-amazon.com/images/I/21yYdk2vOnL._SL500_.jpg" alt="Product Image"></a><p>Bondi Sands Self Tanning Foam | Lightweight, Self-Tanner Foam Enriched with Aloe Vera and Coconut Provides an Even, Streak-Free Tan | 6.76 oz/200 mL</p><p>$24.00 ($3.55 / Fl Oz )</p><a href="https://www.amazon.com/dp/B013WVAHJ2?tag=eloabder-20&linkCode=osi&th=1&psc=1">View Product</a></div><div class="product"><a href="https://www.amazon.com/dp/B09551QSJ3?tag=eloabder-20&linkCode=osi&th=1&psc=1"><img src="https://m.media-amazon.com/images/I/41tFLINqKrL._SL500_.jpg" alt="Product Image"></a><p>Self Tanner Mousse - USA Made with Natural & Organic Ingredients, Self Tanning Mousse for Dark Fake Tan, Sunless Tanner, Clear & Non Toxic Tanning Foam for Streak Free Finish, No Nasty Smell</p><p>$34.99 ($4.67 / Fl Oz)</p><a href="https://www.amazon.com/dp/B09551QSJ3?tag=eloabder-20&linkCode=osi&th=1&psc=1">View Product</a></div><div class="product"><a href="https://www.amazon.com/dp/B07Z53DKH3?tag=eloabder-20&linkCode=osi&th=1&psc=1"><img src="https://m.media-amazon.com/images/I/31WXxRTQ9rL._SL500_.jpg" alt="Product Image"></a><p>Coco & Eve Sunny Honey Bali Bronzing Foam (Ultra Dark). Natural Sunless Self Tanner Mousse. Anti Cellulite, Anti Aging, Organic Sunless Self Tanning Lotion</p><p>$38.00 ($5.59 / Fl Oz)</p><a href="https://www.amazon.com/dp/B07Z53DKH3?tag=eloabder-20&linkCode=osi&th=1&psc=1">View Product</a></div><div class="product"><a href="https://www.amazon.com/dp/B00GLS5DHU?tag=eloabder-20&linkCode=osi&th=1&psc=1"><img src="https://m.media-amazon.com/images/I/31EOp3BgHcL._SL500_.jpg" alt="Product Image"></a><p>Jergens Natural Glow 3-Day Self Tanner for Fair to Medium Skin Tone, Sunless Tanning Daily Moisturizer, for Streak-free and Natural-Looking Color, 10 Ounce</p><p>$14.49 ($1.45 / Fl Oz)</p><a href="https://www.amazon.com/dp/B00GLS5DHU?tag=eloabder-20&linkCode=osi&th=1&psc=1">View Product</a></div><div class="product"><a href="https://www.amazon.com/dp/B08G1LQGLN?tag=eloabder-20&linkCode=osi&th=1&psc=1"><img src="https://m.media-amazon.com/images/I/411EXWnc3cS._SL500_.jpg" alt="Product Image"></a><p>Coco & Eve Self Tanner Mousse Kit - All Natural Sunless Tanning (Dark) | Instant Lotion with Bronzer Mitt Applicator Sunny Honey Bali Bronzing</p><p>$41.00 ($6.12 / Fl Oz)</p><a href="https://www.amazon.com/dp/B08G1LQGLN?tag=eloabder-20&linkCode=osi&th=1&psc=1">View Product</a></div><div class="product"><a href="https://www.amazon.com/dp/B00KSS3MJ0?tag=eloabder-20&linkCode=osi&th=1&psc=1"><img src="https://m.media-amazon.com/images/I/31pZi3ANSfL._SL500_.jpg" alt="Product Image"></a><p>St.Tropez Self Tan Express Mousse, Fast Acting Fake Tan, Develops in 1-3 Hours, Streak-Free Finish, Vegan, Natural & Cruelty Free, 6.7 Fl Oz</p><p>$46.00 ($6.87 / Fl Oz)</p><a href="https://www.amazon.com/dp/B00KSS3MJ0?tag=eloabder-20&linkCode=osi&th=1&psc=1">View Product</a></div>
<div class="product"><a href="https://www.amazon.com/dp/B08KT2Z93D?tag=eloabder-20&linkCode=osi&th=1&psc=1"><img src="https://m.media-amazon.com/images/I/31IObY4C0xL._SL500_.jpg" alt="Product Image"></a><p>eos Shea Better Body Lotion- Vanilla Cashmere, 24-Hour Moisture Skin Care, Lightweight & Non-Greasy, Made with Natural Shea, Vegan, 16 fl oz</p><p>$8.98 ($0.56 / Fl Oz)</p><a href="https://www.amazon.com/dp/B08KT2Z93D?tag=eloabder-20&linkCode=osi&th=1&psc=1">View Product</a></div><div class="product"><a href="https://www.amazon.com/dp/B076G2XGY3?tag=eloabder-20&linkCode=osi&th=1&psc=1"><img src="https://m.media-amazon.com/images/I/41jIXvha20L._SL500_.jpg" alt="Product Image"></a><p>NIVEA Essentially Enriched Body Lotion for Dry Skin, Pack of 2, 16.9 Fl Oz Pump Bottles</p><p>$10.98 ($0.32 / Fl Oz)</p><a href="https://www.amazon.com/dp/B076G2XGY3?tag=eloabder-20&linkCode=osi&th=1&psc=1">View Product</a></div><div class="product"><a href="https://www.amazon.com/dp/B00DG8EZKO?tag=eloabder-20&linkCode=osi&th=1&psc=1"><img src="https://m.media-amazon.com/images/I/31DT3ghuyXL._SL500_.jpg" alt="Product Image"></a><p>NIVEA Intense Healing Body Lotion for Dry Skin, 72-Hour Moisturizing Lotion with Deep Nourishing Serum and Provitamin B5, 16.9 Fl Oz Pump Bottle</p><p>$6.24 ($0.37 / Fl Oz)</p><a href="https://www.amazon.com/dp/B00DG8EZKO?tag=eloabder-20&linkCode=osi&th=1&psc=1">View Product</a></div><div class="product"><a href="https://www.amazon.com/dp/B07RK4HST7?tag=eloabder-20&linkCode=osi&th=1&psc=1"><img src="https://m.media-amazon.com/images/I/412DGoW35mL._SL500_.jpg" alt="Product Image"></a><p>CeraVe Daily Moisturizing Lotion for Dry Skin | Body Lotion & Face Moisturizer with Hyaluronic Acid and Ceramides | Daily Moisturizer | Fragrance Free | Oil-Free | 19 Ounce</p><p>$18.50 ($0.97 / Fl Oz)</p><a href="https://www.amazon.com/dp/B07RK4HST7?tag=eloabder-20&linkCode=osi&th=1&psc=1">View Product</a></div><div class="product"><a href="https://www.amazon.com/dp/B0034F9K36?tag=eloabder-20&linkCode=osi&th=1&psc=1"><img src="https://m.media-amazon.com/images/I/319i3EFVPvL._SL500_.jpg" alt="Product Image"></a><p>Jergens Ultra Healing Dry Skin Moisturizer, Body and Hand Lotion for Dry Skin, for Quick Absorption into Extra Dry Skin, with HYDRALUCENCE blend, Vitamins C, E, and B5, 32 Ounce</p><p>$10.47 ($0.33 / Fl Oz)</p><a href="https://www.amazon.com/dp/B0034F9K36?tag=eloabder-20&linkCode=osi&th=1&psc=1">View Product</a></div><div class="product"><a href="https://www.amazon.com/dp/B003JT8PKQ?tag=eloabder-20&linkCode=osi&th=1&psc=1"><img src="https://m.media-amazon.com/images/I/31TFisQDpKL._SL500_.jpg" alt="Product Image"></a><p>Lubriderm Daily Moisture Lotion + Pro-Ceramide with Shea Butter & Glycerin Helps Moisturize Dry Skin, Hydrating Face, Hand & Body Lotion is Lightly Scented & Non-Greasy, 24 fl. oz</p><p>$10.12 ($0.42 / Fl Oz)</p><a href="https://www.amazon.com/dp/B003JT8PKQ?tag=eloabder-20&linkCode=osi&th=1&psc=1">View Product</a></div><div class="product"><a href="https://www.amazon.com/dp/B0D484X4RL?tag=eloabder-20&linkCode=osi&th=1&psc=1"><img src="https://m.media-amazon.com/images/I/31rZLOx+KEL._SL500_.jpg" alt="Product Image"></a><p>Native Body Lotion Contains Naturally Derived Plant-Based Moisturizers for Women and Men | Restores Dry Skin, Coconut & Vanilla, 16.5 fl oz</p><p>$13.97 ($0.85 / Fl Oz)</p><a href="https://www.amazon.com/dp/B0D484X4RL?tag=eloabder-20&linkCode=osi&th=1&psc=1">View Product</a></div><div class="product"><a href="https://www.amazon.com/dp/B073CXZ8KR?tag=eloabder-20&linkCode=osi&th=1&psc=1"><img src="https://m.media-amazon.com/images/I/31r1ImnqoOL._SL500_.jpg" alt="Product Image"></a><p>Nivea Oil Infused Cherry Blossom and Jojoba Oil Body Lotion, Non-Greasy Cherry Blossom Scented Lotion Moisturizes for 24+ Hours, 16.9 Fl Oz Pump Bottle</p><p>$6.29 ($0.37 / Fl Oz)</p><a href="https://www.amazon.com/dp/B073CXZ8KR?tag=eloabder-20&linkCode=osi&th=1&psc=1">View Product</a></div><div class="product"><a href="https://www.amazon.com/dp/B00W4TWD7I?tag=eloabder-20&linkCode=osi&th=1&psc=1"><img src="https://m.media-amazon.com/images/I/31hhrMRSQBL._SL500_.jpg" alt="Product Image"></a><p>Jergens Skin Firming Body Lotion for Dry to Extra Dry Skin, Skin Tightening Cream with Collagen and Elastin, Hydralucence Blend Formula, 16.8 oz</p><p>$7.47 ($0.44 / Fl Oz)</p><a href="https://www.amazon.com/dp/B00W4TWD7I?tag=eloabder-20&linkCode=osi&th=1&psc=1">View Product</a></div>
<div class="product"><a href="https://www.amazon.com/dp/B07C23RCR8?tag=eloabder-20&linkCode=osi&th=1&psc=1"><img src="https://m.media-amazon.com/images/I/41RZuPGWrcL._SL500_.jpg" alt="Product Image"></a><p>Petal Fresh Restoring Body Butter with Honey, Coconut Oil and Shea - Intense Hydration, Cruelty Free</p><p>$7.67 ($7.67 / Count)</p><a href="https://www.amazon.com/dp/B07C23RCR8?tag=eloabder-20&linkCode=osi&th=1&psc=1">View Product</a></div><div class="product"><a href="https://www.amazon.com/dp/B0BKCN9WRX?tag=eloabder-20&linkCode=osi&th=1&psc=1"><img src="https://m.media-amazon.com/images/I/41Jk3XD9gtL._SL500_.jpg" alt="Product Image"></a><p>Tree Hut Moroccan Rose Whipped Shea Body Butter, 8.4oz, Lightweight, Long-lasting, Hydrating Moisturizer with Natural Shea Butter for Nourishing Essential Body Care</p><p>$8.49 ($1.01 / Ounce)</p><a href="https://www.amazon.com/dp/B0BKCN9WRX?tag=eloabder-20&linkCode=osi&th=1&psc=1">View Product</a></div><div class="product"><a href="https://www.amazon.com/dp/B01H6OYPU8?tag=eloabder-20&linkCode=osi&th=1&psc=1"><img src="https://m.media-amazon.com/images/I/41Vkhay5SBL._SL500_.jpg" alt="Product Image"></a><p>NIVEA Cocoa Butter Body Cream with Deep Nourishing Serum, 15.5 Ounce</p><p>$7.05 ($0.45 / Ounce)</p><a href="https://www.amazon.com/dp/B01H6OYPU8?tag=eloabder-20&linkCode=osi&th=1&psc=1">View Product</a></div><div class="product"><a href="https://www.amazon.com/dp/B089N6B4ST?tag=eloabder-20&linkCode=osi&th=1&psc=1"><img src="https://m.media-amazon.com/images/I/41ropAOpQNL._SL500_.jpg" alt="Product Image"></a><p>Vaseline Illuminate Me Shea Butter Whipped Body Butter for Melanin Rich Skin Provides 24 Hour Moisturization for Dry Skin 11 oz</p><p>$12.80 ($1.16 / Fl Oz)</p><a href="https://www.amazon.com/dp/B089N6B4ST?tag=eloabder-20&linkCode=osi&th=1&psc=1">View Product</a></div><div class="product"><a href="https://www.amazon.com/dp/B09QMT3CVT?tag=eloabder-20&linkCode=osi&th=1&psc=1"><img src="https://m.media-amazon.com/images/I/41eMy8c3dcL._SL500_.jpg" alt="Product Image"></a><p>MAJESTIC PURE Whipped Argan Oil Body Butter for Women & Men - With Ceramides, Vitamin E & A & Vegan Collagen - For Skin, Face, & Appearance of Wrinkles & Fine Lines - 8oz</p><p>$9.99 ($1.25 / Ounce)</p><a href="https://www.amazon.com/dp/B09QMT3CVT?tag=eloabder-20&linkCode=osi&th=1&psc=1">View Product</a></div><div class="product"><a href="https://www.amazon.com/dp/B00GBH8TBS?tag=eloabder-20&linkCode=osi&th=1&psc=1"><img src="https://m.media-amazon.com/images/I/31L5XHEF9qL._SL500_.jpg" alt="Product Image"></a><p>Bliss Lemon and Sage Body Butter - Maximum Moisture Cream - 6.7 Fl Oz Lotion for Dry Skin - Long-Lasting Moisturizer for Women & Men - Vegan and Cruelty-Free</p><p>$11.99 ($1.79 / Fl Oz)</p><a href="https://www.amazon.com/dp/B00GBH8TBS?tag=eloabder-20&linkCode=osi&th=1&psc=1">View Product</a></div><div class="product"><a href="https://www.amazon.com/dp/B0013UQQAE?tag=eloabder-20&linkCode=osi&th=1&psc=1"><img src="https://m.media-amazon.com/images/I/411EPzhuAHL._SL500_.jpg" alt="Product Image"></a><p>Palmer’s Shea Butter Formula Raw African Shea Butter Balm, Nourishing Body Moisturizer for Rough, Dry Skin, 7.25 Ounces</p><p>$7.68 ($1.06 / Ounce)</p><a href="https://www.amazon.com/dp/B0013UQQAE?tag=eloabder-20&linkCode=osi&th=1&psc=1">View Product</a></div><div class="product"><a href="https://www.amazon.com/dp/B09SRGSNZR?tag=eloabder-20&linkCode=osi&th=1&psc=1"><img src="https://m.media-amazon.com/images/I/31knGR24zJL._SL500_.jpg" alt="Product Image"></a><p>Kopari Ultra Restore Body Butter with Hyaluronic Acid and Vitamin B5 - Vegan Moisturizing Lotion for Dry Skin, 7.7 oz</p><p>$36.00 ($4.68 / Fl Oz)</p><a href="https://www.amazon.com/dp/B09SRGSNZR?tag=eloabder-20&linkCode=osi&th=1&psc=1">View Product</a></div><div class="product"><a href="https://www.amazon.com/dp/B0C4Q95W1T?tag=eloabder-20&linkCode=osi&th=1&psc=1"><img src="https://m.media-amazon.com/images/I/417J+mMnNXL._SL500_.jpg" alt="Product Image"></a><p>Vaseline Illuminate Me Body Butter & Body Oil - Shimmering Body Bronzer, Hydrating Whipped Organic Shea Butter with 24-Hour Moisture for Melanin-Rich Skin, Radiant Body Glow Oil (2 Piece Set)</p><p>$22.99 ($1.61 / Fl Oz)</p><a href="https://www.amazon.com/dp/B0C4Q95W1T?tag=eloabder-20&linkCode=osi&th=1&psc=1">View Product</a></div>
<div class="product"><a href="https://www.amazon.com/dp/B004L17FKC?tag=eloabder-20&linkCode=osi&th=1&psc=1"><img src="https://m.media-amazon.com/images/I/31nbXT8PueL._SL500_.jpg" alt="Product Image"></a><p>OSEA Undaria Algae Body Oil 5 oz - After Shower Body Oil - Non-Greasy Body Serum & Fast Absorbing Skincare - Clean Beauty & Vegan Seaweed Body Moisturizer for Dry Skin</p><p>$51.95 ($10.39 / Fl Oz)</p><a href="https://www.amazon.com/dp/B004L17FKC?tag=eloabder-20&linkCode=osi&th=1&psc=1">View Product</a></div><div class="product"><a href="https://www.amazon.com/dp/B00008BK7H?tag=eloabder-20&linkCode=osi&th=1&psc=1"><img src="https://m.media-amazon.com/images/I/31NaIvcVrtL._SL500_.jpg" alt="Product Image"></a><p>Neutrogena Body Oil Light Sesame Formula, Dry Skin Moisturizer and Hydrating Body Massage Oil for Radiant and Healthy Looking Glow, Nourishing Bath Oil for Sheer Moisture, 16 FL OZ</p><p>$23.41 ($1.46 / Fl Oz)</p><a href="https://www.amazon.com/dp/B00008BK7H?tag=eloabder-20&linkCode=osi&th=1&psc=1">View Product</a></div><div class="product"><a href="https://www.amazon.com/dp/B08D43LHYP?tag=eloabder-20&linkCode=osi&th=1&psc=1"><img src="https://m.media-amazon.com/images/I/315zlZLfRWL._SL500_.jpg" alt="Product Image"></a><p>Aveeno Daily Moisturizing Dry Body Oil Mist with Oat and Jojoba Oil for Dry, Rough Sensitive Skin, Nourishing & Hypoallergenic Body Spray, Paraben-, Silicone- & Phthalate-Free, 6.7 fl. oz</p><p>$9.58 ($1.43 / Fl Oz)</p><a href="https://www.amazon.com/dp/B08D43LHYP?tag=eloabder-20&linkCode=osi&th=1&psc=1">View Product</a></div><div class="product"><a href="https://www.amazon.com/dp/B00AREGVUM?tag=eloabder-20&linkCode=osi&th=1&psc=1"><img src="https://m.media-amazon.com/images/I/41qfuNZmKRL._SL500_.jpg" alt="Product Image"></a><p>Bio-Oil Skincare Body Oil, Vitamin E Serum for Scars & Stretchmarks, Dermatologist Recommended, All Skin Types, 6.7 oz</p><p>$28.99 ($4.33 / Fl Oz)</p><a href="https://www.amazon.com/dp/B00AREGVUM?tag=eloabder-20&linkCode=osi&th=1&psc=1">View Product</a></div><div class="product"><a href="https://www.amazon.com/dp/B000056W74?tag=eloabder-20&linkCode=osi&th=1&psc=1"><img src="https://m.media-amazon.com/images/I/51iuZeO24dL._SL500_.jpg" alt="Product Image"></a><p>Palmer's Cocoa Butter Moisturizing Body Oil with Vitamin E, Radiant Looking Glow and Skin Hydration, Instant Absorption, Bath, Body and Shower, 8.5 Ounces</p><p>$7.49 ($0.88 / Fl Oz)</p><a href="https://www.amazon.com/dp/B000056W74?tag=eloabder-20&linkCode=osi&th=1&psc=1">View Product</a></div><div class="product"><a href="https://www.amazon.com/dp/B001B0ZZFS?tag=eloabder-20&linkCode=osi&th=1&psc=1"><img src="https://m.media-amazon.com/images/I/31CraOP2i5L._SL500_.jpg" alt="Product Image"></a><p>Neutrogena Fragrance-Free Body Oil Light Sesame Formula, Dry Skin Moisturizer & Hydrating Body Massage Oil, for Radiant & Healthy Glow, Nourishing After Shower & Bath Oil, 8.5 fl. oz</p><p>$8.86 ($1.04 / Fl Oz)</p><a href="https://www.amazon.com/dp/B001B0ZZFS?tag=eloabder-20&linkCode=osi&th=1&psc=1">View Product</a></div><div class="product"><a href="https://www.amazon.com/dp/B0CFSVH4L7?tag=eloabder-20&linkCode=osi&th=1&psc=1"><img src="https://m.media-amazon.com/images/I/31VtRL8qSpL._SL500_.jpg" alt="Product Image"></a><p>Saltair - Santal Bloom Body Oil - Nourishing Body Moisturizer</p><p>$22.00 ($5.50 / Fl Oz)</p><a href="https://www.amazon.com/dp/B0CFSVH4L7?tag=eloabder-20&linkCode=osi&th=1&psc=1">View Product</a></div><div class="product"><a href="https://www.amazon.com/dp/B089NCFBQZ?tag=eloabder-20&linkCode=osi&th=1&psc=1"><img src="https://m.media-amazon.com/images/I/41WGBM4YipL._SL500_.jpg" alt="Product Image"></a><p>Vaseline Illuminate Me Shimmering Body Oil Created for Melanin Rich Skin, Illuminates Skin with Finishing Touch of Shimmer for Glowing Skin 3.3 oz</p><p>$8.75 ($2.65 / Fl Oz)</p><a href="https://www.amazon.com/dp/B089NCFBQZ?tag=eloabder-20&linkCode=osi&th=1&psc=1">View Product</a></div><div class="product"><a href="https://www.amazon.com/dp/B076MGQ5SW?tag=eloabder-20&linkCode=osi&th=1&psc=1"><img src="https://m.media-amazon.com/images/I/31i7GSTXsoL._SL500_.jpg" alt="Product Image"></a><p>SheaMoisture Daily Hydration Body Oil Virgin Coconut Oil For Dry Skin Paraben Free 8 oz</p><p>$8.93 ($1.12 / Fl Oz)</p><a href="https://www.amazon.com/dp/B076MGQ5SW?tag=eloabder-20&linkCode=osi&th=1&psc=1">View Product</a></div>
<div class="product"><a href="https://www.amazon.com/dp/B07GJR4KXM?tag=eloabder-20&linkCode=osi&th=1&psc=1"><img src="https://m.media-amazon.com/images/I/41Zl1DjrGpL._SL500_.jpg" alt="Product Image"></a><p>Brooklyn Botany Brown Sugar Body Scrub - Moisturizing and Exfoliating Body, Face, Hand, Foot Scrub - Fights Acne, Fine Lines & Wrinkles, Great Gifts For Women & Men - 10 oz</p><p>$9.99 ($1.00 / Ounce)</p><a href="https://www.amazon.com/dp/B07GJR4KXM?tag=eloabder-20&linkCode=osi&th=1&psc=1">View Product</a></div><div class="product"><a href="https://www.amazon.com/dp/B095Z7HQP3?tag=eloabder-20&linkCode=osi&th=1&psc=1"><img src="https://m.media-amazon.com/images/I/31oWHQkNovL._SL500_.jpg" alt="Product Image"></a><p>First Aid Beauty KP Bump Eraser Body Scrub Exfoliant for Keratosis Pilaris with 10% AHA 4 oz.</p><p>$20.00 ($5.00 / Ounce)</p><a href="https://www.amazon.com/dp/B095Z7HQP3?tag=eloabder-20&linkCode=osi&th=1&psc=1">View Product</a></div><div class="product"><a href="https://www.amazon.com/dp/B0CQLTP6JM?tag=eloabder-20&linkCode=osi&th=1&psc=1"><img src="https://m.media-amazon.com/images/I/41oU0wGhtHL._SL500_.jpg" alt="Product Image"></a><p>Elvira KP Bump Eraser Body Scrub, Exfoliating Body Scrub for Keratosis Pilaris, Smooth Skin with 10% AHA/BHA & Niacinamide, Moisturizing and Brightening, Body Skin Care Products, Deep Cleansing - 7 oz</p><p>$16.99 ($2.43 / Fl Oz)</p><a href="https://www.amazon.com/dp/B0CQLTP6JM?tag=eloabder-20&linkCode=osi&th=1&psc=1">View Product</a></div><div class="product"><a href="https://www.amazon.com/dp/B09VH79Z17?tag=eloabder-20&linkCode=osi&th=1&psc=1"><img src="https://m.media-amazon.com/images/I/41VgTZ12TwL._SL500_.jpg" alt="Product Image"></a><p>Dr Teal's Shea Sugar Body Scrub, Shea Butter with Almond Oil & Essential Oils, 19 oz (Pack of 3) (Packaging May Vary)</p><p>$20.94 ($0.37 / Ounce)</p><a href="https://www.amazon.com/dp/B09VH79Z17?tag=eloabder-20&linkCode=osi&th=1&psc=1">View Product</a></div>
<div class="product"><a href="https://www.amazon.com/dp/B0BVBZPX9B?tag=eloabder-20&linkCode=osi&th=1&psc=1"><img src="https://m.media-amazon.com/images/I/61Y09jlKZkL._SL500_.jpg" alt="Product Image"></a><p>Dove Deep Moisture Body Wash 30.6 Fl Oz Pack of 3 with Pump, Luxurious Hydration for Dry Skin, Cleanser with 24hr Renewing MicroMoisture</p><p>$23.22 ($0.25 / Fl Oz)</p><a href="https://www.amazon.com/dp/B0BVBZPX9B?tag=eloabder-20&linkCode=osi&th=1&psc=1">View Product</a></div><div class="product"><a href="https://www.amazon.com/dp/B0BT1VXDGD?tag=eloabder-20&linkCode=osi&th=1&psc=1"><img src="https://m.media-amazon.com/images/I/217eAv7yKyL._SL500_.jpg" alt="Product Image"></a><p>Method Body Wash, Pure Peace, Paraben and Phthalate Free, Biodegradable Formula, 28 oz (Pack of 1)</p><p>$11.48 ($0.41 / Fl Oz)</p><a href="https://www.amazon.com/dp/B0BT1VXDGD?tag=eloabder-20&linkCode=osi&th=1&psc=1">View Product</a></div><div class="product"><a href="https://www.amazon.com/dp/B0BVBYQGTW?tag=eloabder-20&linkCode=osi&th=1&psc=1"><img src="https://m.media-amazon.com/images/I/61En44WjwPL._SL500_.jpg" alt="Product Image"></a><p>Dove Body Wash with Pump Sensitive Skin 3 Count Hypoallergenic, Paraben-Free, Sulfate-Free, Cruelty-Free, Moisturizing Skin Cleanser Effectively Washes Away Bacteria While Nourishing Skin 30.6 oz</p><p>$23.22 ($0.25 / Fl Oz)</p><a href="https://www.amazon.com/dp/B0BVBYQGTW?tag=eloabder-20&linkCode=osi&th=1&psc=1">View Product</a></div><div class="product"><a href="https://www.amazon.com/dp/B0CGY5BLBW?tag=eloabder-20&linkCode=osi&th=1&psc=1"><img src="https://m.media-amazon.com/images/I/61X7MjVU6uL._SL500_.jpg" alt="Product Image"></a><p>Dove Exfoliating Body Wash Glow Recharge Energizes & illuminates skin 3% brightening serum with vitamin C 18.5 oz</p><p>$9.79 ($0.53 / Fl Oz)</p><a href="https://www.amazon.com/dp/B0CGY5BLBW?tag=eloabder-20&linkCode=osi&th=1&psc=1">View Product</a></div><div class="product"><a href="https://www.amazon.com/dp/B082QB23YG?tag=eloabder-20&linkCode=osi&th=1&psc=1"><img src="https://m.media-amazon.com/images/I/31QPAuuaLwL._SL500_.jpg" alt="Product Image"></a><p>NIVEA Refreshing White Peach and Jasmine Body Wash, Scented Body Wash with Nourishing Serum, Plant-Derived Oils, Essential Skin Lipids and Vitamins, 20 Fl Oz Bottle</p><p>$4.89 ($0.24 / Fl Oz)</p><a href="https://www.amazon.com/dp/B082QB23YG?tag=eloabder-20&linkCode=osi&th=1&psc=1">View Product</a></div><div class="product"><a href="https://www.amazon.com/dp/B0BHH1LBX2?tag=eloabder-20&linkCode=osi&th=1&psc=1"><img src="https://m.media-amazon.com/images/I/41aG-jLyOqL._SL500_.jpg" alt="Product Image"></a><p>Olay Ultra Rich Moisture Body Wash for Women, Deeply Nourishes, Vitamin B3 Complex, Clinically Proven, Shea Butter Scent, 22 fl oz (Pack of 4)</p><p>$26.95 ($0.31 / Fl Oz)</p><a href="https://www.amazon.com/dp/B0BHH1LBX2?tag=eloabder-20&linkCode=osi&th=1&psc=1">View Product</a></div><div class="product"><a href="https://www.amazon.com/dp/B0BVBYDTZ6?tag=eloabder-20&linkCode=osi&th=1&psc=1"><img src="https://m.media-amazon.com/images/I/61UbJzK8yIL._SL500_.jpg" alt="Product Image"></a><p>Dove Body Wash with Pump Refreshing Cucumber and Green Tea 3 Count Refreshes Skin Cleanser That Effectively Washes Away Bacteria While Nourishing Your Skin 30.6 oz</p><p>$29.91 ($0.33 / Fl Oz)</p><a href="https://www.amazon.com/dp/B0BVBYDTZ6?tag=eloabder-20&linkCode=osi&th=1&psc=1">View Product</a></div><div class="product"><a href="https://www.amazon.com/dp/B082QC2MCX?tag=eloabder-20&linkCode=osi&th=1&psc=1"><img src="https://m.media-amazon.com/images/I/31ohT5XH1TS._SL500_.jpg" alt="Product Image"></a><p>NIVEA Shea Butter Nourishing Body Wash, Moisturizing Body Wash with Nourishing Serum, Plant-Derived Oils, Essential Skin Lipids and Vitamins, 20 Fl Oz Bottle</p><p>$5.29 ($0.26 / Fl Oz)</p><a href="https://www.amazon.com/dp/B082QC2MCX?tag=eloabder-20&linkCode=osi&th=1&psc=1">View Product</a></div><div class="product"><a href="https://www.amazon.com/dp/B07FD24RTR?tag=eloabder-20&linkCode=osi&th=1&psc=1"><img src="https://m.media-amazon.com/images/I/31klAgInvXL._SL500_.jpg" alt="Product Image"></a><p>Aveeno Stress Relief Body Wash with Soothing Oat for Sensitive Skin, Lavender Body Wash to help you feel Calm and Relaxed, Sulfate-Free, 33 FL OZ</p><p>$13.48 ($0.41 / Fl Oz)</p><a href="https://www.amazon.com/dp/B07FD24RTR?tag=eloabder-20&linkCode=osi&th=1&psc=1">View Product</a></div><div class="product"><a href="https://www.amazon.com/dp/B082QBPDJC?tag=eloabder-20&linkCode=osi&th=1&psc=1"><img src="https://m.media-amazon.com/images/I/31tC4JDwHQL._SL500_.jpg" alt="Product Image"></a><p>NIVEA Coconut and Almond Milk Pampering Body Wash, Moisturizing Body Wash with Nourishing Serum, Plant-Derived Oils, Essential Skin Lipids and Vitamins, 20 Fl Oz Bottle</p><p>$4.99 ($0.25 / Fl Oz)</p><a href="https://www.amazon.com/dp/B082QBPDJC?tag=eloabder-20&linkCode=osi&th=1&psc=1">View Product</a></div>
<div class="product"><a href="https://www.amazon.com/dp/B0BNQWFWLF?tag=eloabder-20&linkCode=osi&th=1&psc=1"><img src="https://m.media-amazon.com/images/I/41trFLlJ04L._SL500_.jpg" alt="Product Image"></a><p>Neutrogena Rainbath Body Wash, Refreshing, Moisturizing Daily Body Cleanser and Shaving Gel with Clean Rinsing Lather, Original Scent, 32 fl. Oz</p><p>$15.98 ($0.50 / Fl Oz)</p><a href="https://www.amazon.com/dp/B0BNQWFWLF?tag=eloabder-20&linkCode=osi&th=1&psc=1">View Product</a></div><div class="product"><a href="https://www.amazon.com/dp/B0BT1WN3ZD?tag=eloabder-20&linkCode=osi&th=1&psc=1"><img src="https://m.media-amazon.com/images/I/21GMn0pFzCL._SL500_.jpg" alt="Product Image"></a><p>Method Body Wash, Sea + Surf, Paraben and Phthalate Free, Biodegradable Formula, 28 oz, (Pack of 1)</p><p>$11.48 ($0.41 / Fl Oz)</p><a href="https://www.amazon.com/dp/B0BT1WN3ZD?tag=eloabder-20&linkCode=osi&th=1&psc=1">View Product</a></div><div class="product"><a href="https://www.amazon.com/dp/B09M7SPFSJ?tag=eloabder-20&linkCode=osi&th=1&psc=1"><img src="https://m.media-amazon.com/images/I/31bOOl+IL6L._SL500_.jpg" alt="Product Image"></a><p>Ivory Mild & Gentle Body Wash, Original Scent, 35oz</p><p>$5.97 ($0.17 / Ounce)</p><a href="https://www.amazon.com/dp/B09M7SPFSJ?tag=eloabder-20&linkCode=osi&th=1&psc=1">View Product</a></div><div class="product"><a href="https://www.amazon.com/dp/B0CK4YS1SV?tag=eloabder-20&linkCode=osi&th=1&psc=1"><img src="https://m.media-amazon.com/images/I/518js3kBNfL._SL500_.jpg" alt="Product Image"></a><p>Dr Teal's Body Wash with Pure Epsom Salt, Relax & Relief with Eucalyptus & Spearmint, 24 fl oz (Pack of 2) (Packaging May Vary)</p><p>$11.74 ($0.24 / Fl Oz)</p><a href="https://www.amazon.com/dp/B0CK4YS1SV?tag=eloabder-20&linkCode=osi&th=1&psc=1">View Product</a></div><div class="product"><a href="https://www.amazon.com/dp/B0CNL19TQG?tag=eloabder-20&linkCode=osi&th=1&psc=1"><img src="https://m.media-amazon.com/images/I/61kqkkFXOkL._SL500_.jpg" alt="Product Image"></a><p>Dove Men+Care Body Wash Eucalyptus + Cedar Oil to Rebuild Skin in the Shower with Plant-Based Cleansers and Moisturizers 26 oz</p><p>$9.99 ($0.38 / Fl Oz)</p><a href="https://www.amazon.com/dp/B0CNL19TQG?tag=eloabder-20&linkCode=osi&th=1&psc=1">View Product</a></div><div class="product"><a href="https://www.amazon.com/dp/B01IMEJV5U?tag=eloabder-20&linkCode=osi&th=1&psc=1"><img src="https://m.media-amazon.com/images/I/41q8gXtf06S._SL500_.jpg" alt="Product Image"></a><p>OGX Extra Creamy + Coconut Miracle Oil Ultra Moisture Body Wash, 19.5 Fl Oz</p><p>$6.57 ($0.34 / Fl Oz)</p><a href="https://www.amazon.com/dp/B01IMEJV5U?tag=eloabder-20&linkCode=osi&th=1&psc=1">View Product</a></div>
<div class="product"><a href="https://www.amazon.com/dp/B00A8S6HM4?tag=eloabder-20&linkCode=osi&th=1&psc=1"><img src="https://m.media-amazon.com/images/I/31tIssP5CQL._SL500_.jpg" alt="Product Image"></a><p>Gold Bond Healing Hand Cream, 3 oz., With Aloe, Moisture That Lasts Through Handwashing</p><p>$3.97 ($1.32 / Ounce)</p><a href="https://www.amazon.com/dp/B00A8S6HM4?tag=eloabder-20&linkCode=osi&th=1&psc=1">View Product</a></div><div class="product"><a href="https://www.amazon.com/dp/B006UEOQ5K?tag=eloabder-20&linkCode=osi&th=1&psc=1"><img src="https://m.media-amazon.com/images/I/316StCvRHcL._SL500_.jpg" alt="Product Image"></a><p>L’Occitane Shea Butter Hand Cream 5.1 Oz: Nourishes Very Dry Hands, Protects Skin, With 20% Organic Shea Butter, Vegan, 1 Sold Every 3 Seconds*</p><p>$27.00</p><a href="https://www.amazon.com/dp/B006UEOQ5K?tag=eloabder-20&linkCode=osi&th=1&psc=1">View Product</a></div><div class="product"><a href="https://www.amazon.com/dp/B00EYOSA9G?tag=eloabder-20&linkCode=osi&th=1&psc=1"><img src="https://m.media-amazon.com/images/I/41bhc+gcG0L._SL500_.jpg" alt="Product Image"></a><p>La Roche-Posay Cicaplast Hand Cream, Instant Relief Moisturizing Dry Hands Shea Butter Lotion for Dry Cracked Hands, Non Greasy, Fragrance Free, 1.69 Fl Oz (Pack of 1)</p><p>$11.99 ($7.05 / Fl Oz)</p><a href="https://www.amazon.com/dp/B00EYOSA9G?tag=eloabder-20&linkCode=osi&th=1&psc=1">View Product</a></div><div class="product"><a href="https://www.amazon.com/dp/B00BN2UF54?tag=eloabder-20&linkCode=osi&th=1&psc=1"><img src="https://m.media-amazon.com/images/I/41JdUlyNn5L._SL500_.jpg" alt="Product Image"></a><p>CeraVe Therapeutic Hand Cream for Dry Cracked Hands With Hyaluronic Acid and Niacinamide | Fragrance Free 3 Ounce</p><p>$10.47 ($3.49 / Ounce)</p><a href="https://www.amazon.com/dp/B00BN2UF54?tag=eloabder-20&linkCode=osi&th=1&psc=1">View Product</a></div><div class="product"><a href="https://www.amazon.com/dp/B09QP658PT?tag=eloabder-20&linkCode=osi&th=1&psc=1"><img src="https://m.media-amazon.com/images/I/31W-klVFPhL._SL500_.jpg" alt="Product Image"></a><p>eos Shea Better Hand Cream - Vanilla Cashmere | Instant Hydration + Lasting Protection | 2.5 oz</p><p>$3.97 ($1.59 / Fl Oz)</p><a href="https://www.amazon.com/dp/B09QP658PT?tag=eloabder-20&linkCode=osi&th=1&psc=1">View Product</a></div><div class="product"><a href="https://www.amazon.com/dp/B00121UVU0?tag=eloabder-20&linkCode=osi&th=1&psc=1"><img src="https://m.media-amazon.com/images/I/41eeed+P5BL._SL500_.jpg" alt="Product Image"></a><p>O'Keeffe's Working Hands Hand Cream for Extremely Dry, Cracked Hands, 3.4 Ounce Jar, (Pack 1)</p><p>$8.48 ($2.49 / Ounce)</p><a href="https://www.amazon.com/dp/B00121UVU0?tag=eloabder-20&linkCode=osi&th=1&psc=1">View Product</a></div><div class="product"><a href="https://www.amazon.com/dp/B0148PKYXU?tag=eloabder-20&linkCode=osi&th=1&psc=1"><img src="https://m.media-amazon.com/images/I/41cwut0DGKL._SL500_.jpg" alt="Product Image"></a><p>O'Keeffe's Working Hands Hand Cream, Relieves and Repairs Extremely Dry Hands, 3 oz Tube, (Pack of 2)</p><p>$15.17 ($2.53 / Ounce)</p><a href="https://www.amazon.com/dp/B0148PKYXU?tag=eloabder-20&linkCode=osi&th=1&psc=1">View Product</a></div><div class="product"><a href="https://www.amazon.com/dp/B08Q1B7DVZ?tag=eloabder-20&linkCode=osi&th=1&psc=1"><img src="https://m.media-amazon.com/images/I/41KbVXj2k4L._SL500_.jpg" alt="Product Image"></a><p>Neutrogena Norwegian Formula Moisturizing Hand Cream Formulated with Glycerin for Dry, Rough Hands, Fragrance-Free Intensive Hand Lotion, 2 oz, Pack of 6</p><p>$32.94 ($2.74 / Ounce)</p><a href="https://www.amazon.com/dp/B08Q1B7DVZ?tag=eloabder-20&linkCode=osi&th=1&psc=1">View Product</a></div><div class="product"><a href="https://www.amazon.com/dp/B002PK0ROM?tag=eloabder-20&linkCode=osi&th=1&psc=1"><img src="https://m.media-amazon.com/images/I/51ACxQvzcbL._SL500_.jpg" alt="Product Image"></a><p>Burt's Bees Almond & Milk Hand Cream, 2 Oz (Package May Vary)</p><p>$8.84 ($4.42 / Ounce)</p><a href="https://www.amazon.com/dp/B002PK0ROM?tag=eloabder-20&linkCode=osi&th=1&psc=1">View Product</a></div><div class="product"><a href="https://www.amazon.com/dp/B09YYZWSSY?tag=eloabder-20&linkCode=osi&th=1&psc=1"><img src="https://m.media-amazon.com/images/I/31iud1lgyFL._SL500_.jpg" alt="Product Image"></a><p>Gold Bond Age Renew Crepe Corrector Hand Cream, Replenishing & Smoothing Formula, 3 oz.</p><p>$5.98 ($1.99 / Ounce)</p><a href="https://www.amazon.com/dp/B09YYZWSSY?tag=eloabder-20&linkCode=osi&th=1&psc=1">View Product</a></div>
<div class="product"><a href="https://www.amazon.com/dp/B0002QB9NE?tag=eloabder-20&linkCode=osi&th=1&psc=1"><img src="https://m.media-amazon.com/images/I/416vf0q0uqL._SL500_.jpg" alt="Product Image"></a><p>O'Keeffe's for Healthy Feet Foot Cream, Guaranteed Relief for Extremely Dry, Cracked Feet, Instantly Boosts Moisture Levels, 3.2 Ounce Jar, (Pack of 1)</p><p>$9.01 ($2.82 / Ounce)</p><a href="https://www.amazon.com/dp/B0002QB9NE?tag=eloabder-20&linkCode=osi&th=1&psc=1">View Product</a></div><div class="product"><a href="https://www.amazon.com/dp/B082TSRP9J?tag=eloabder-20&linkCode=osi&th=1&psc=1"><img src="https://m.media-amazon.com/images/I/51coMhCd1ML._SL500_.jpg" alt="Product Image"></a><p>Ebanel Urea Cream 40% plus Salicylic Acid 2%, Foot Cream for Dry Cracked Heels Feet Knees Elbows Hands, Foot Dead Skin Cuticle Callus Remover Toenail Softener, Keratolytic Skin Barrier Repair Cream</p><p>$15.95 ($3.47 / Ounce)</p><a href="https://www.amazon.com/dp/B082TSRP9J?tag=eloabder-20&linkCode=osi&th=1&psc=1">View Product</a></div><div class="product"><a href="https://www.amazon.com/dp/B08YZBKZPB?tag=eloabder-20&linkCode=osi&th=1&psc=1"><img src="https://m.media-amazon.com/images/I/41ktbxpRfPL._SL500_.jpg" alt="Product Image"></a><p>Dr. Scholl's Dry, Cracked Foot Repair Ultra-Hydrating Foot Cream Moisturizer, 3.5 oz, Skin Care Foot Lotion with 25% Urea for Dry Cracked Feet, Heals and Moisturizes for Healthy Feet</p><p>$5.89 ($1.68 / Ounce)</p><a href="https://www.amazon.com/dp/B08YZBKZPB?tag=eloabder-20&linkCode=osi&th=1&psc=1">View Product</a></div><div class="product"><a href="https://www.amazon.com/dp/B0859JFWDT?tag=eloabder-20&linkCode=osi&th=1&psc=1"><img src="https://m.media-amazon.com/images/I/51JZjw73KSL._SL500_.jpg" alt="Product Image"></a><p>New York Biology Tea Tree Oil Foot Cream for Dry Cracked Feet, Athletes Foot, Nail Fungus, Jock Itch, Ringworm, Cracked Heels and Itchy Skin - Foot Cream - 8 oz</p><p>$9.99 ($1.25 / Ounce)</p><a href="https://www.amazon.com/dp/B0859JFWDT?tag=eloabder-20&linkCode=osi&th=1&psc=1">View Product</a></div><div class="product"><a href="https://www.amazon.com/dp/B09854CPGD?tag=eloabder-20&linkCode=osi&th=1&psc=1"><img src="https://m.media-amazon.com/images/I/31CmRbfOBBL._SL500_.jpg" alt="Product Image"></a><p>OUKEYA Urea Cream 40 Percent, Urea Foot & Hand Cream for Dry Cracked, 40 per Urea Lotion for Feet Maximum Strength</p><p>$9.59 ($1.81 / Ounce)</p><a href="https://www.amazon.com/dp/B09854CPGD?tag=eloabder-20&linkCode=osi&th=1&psc=1">View Product</a></div><div class="product"><a href="https://www.amazon.com/dp/B0081C2I22?tag=eloabder-20&linkCode=osi&th=1&psc=1"><img src="https://m.media-amazon.com/images/I/41f3N9+RSFL._SL500_.jpg" alt="Product Image"></a><p>Palmer's Cocoa Butter Formula Foot Magic Moisturizing Foot Cream for Dry, Cracked Heels, Feet Moisturizer with Peppermint Oil & Vitamin E, 2.1 Ounces</p><p>$4.22 ($2.01 / Ounce)</p><a href="https://www.amazon.com/dp/B0081C2I22?tag=eloabder-20&linkCode=osi&th=1&psc=1">View Product</a></div><div class="product"><a href="https://www.amazon.com/dp/B072VSYFNY?tag=eloabder-20&linkCode=osi&th=1&psc=1"><img src="https://m.media-amazon.com/images/I/41mzQGUdFmL._SL500_.jpg" alt="Product Image"></a><p>O'Keeffe's Healthy Feet Intense Renewal Cream with Alpha Hydroxy Acid, Softens and Exfoliates Extremely Dry, Callused Feet, 3oz Tube (Pack of 1)</p><p>$8.77 ($2.92 / Ounce)</p><a href="https://www.amazon.com/dp/B072VSYFNY?tag=eloabder-20&linkCode=osi&th=1&psc=1">View Product</a></div><div class="product"><a href="https://www.amazon.com/dp/B087N7QYN1?tag=eloabder-20&linkCode=osi&th=1&psc=1"><img src="https://m.media-amazon.com/images/I/41AOHWv5UaL._SL500_.jpg" alt="Product Image"></a><p>O'Keeffe's for Healthy Feet Foot Cream, Guaranteed Relief for Extremely Dry, Cracked Feet, Instantly Boosts Moisture Levels, 6.4 Ounce Jar, Value Size, (Pack of 1)</p><p>$15.09 ($2.36 / Ounce)</p><a href="https://www.amazon.com/dp/B087N7QYN1?tag=eloabder-20&linkCode=osi&th=1&psc=1">View Product</a></div><div class="product"><a href="https://www.amazon.com/dp/B07CKKQWSN?tag=eloabder-20&linkCode=osi&th=1&psc=1"><img src="https://m.media-amazon.com/images/I/513WcwplzkL._SL500_.jpg" alt="Product Image"></a><p>Profoot Heel Rescue Foot Cream 16 Ounce Bottle, 2 Pack, for Cracked, Calloused or Chapped Skin</p><p>$13.92 ($0.44 / Ounce)</p><a href="https://www.amazon.com/dp/B07CKKQWSN?tag=eloabder-20&linkCode=osi&th=1&psc=1">View Product</a></div>
<div class="product"><a href="https://www.amazon.com/dp/B0CS2XBMG5?tag=eloabder-20&linkCode=osi&th=1&psc=1"><img src="https://m.media-amazon.com/images/I/41SVGjvtkXL._SL500_.jpg" alt="Product Image"></a><p>SAVILAND Natural Cuticle Oil Pen: 12PCS Revitalizing Cuticle Oil for Nails with Vitamin E For Repair Cuticles Overnight Cuticle Softener Nail Strengthener Protector for Damaged Skin Thin Nail</p><p>$9.99 ($9.99 / Fl Oz)</p><a href="https://www.amazon.com/dp/B0CS2XBMG5?tag=eloabder-20&linkCode=osi&th=1&psc=1">View Product</a></div><div class="product"><a href="https://www.amazon.com/dp/B0037MIMLW?tag=eloabder-20&linkCode=osi&th=1&psc=1"><img src="https://m.media-amazon.com/images/I/41M3z8vrUzL._SL500_.jpg" alt="Product Image"></a><p>CND SolarOil Cuticle Oil, Natural Blend Of Jojoba, Vitamin E, Rice Bran and Sweet Almond Oils, Moisturizes and Conditions Skin, Pack Of 1, 0.25 oz.</p><p>$9.90 ($49.50 / Fl Oz)</p><a href="https://www.amazon.com/dp/B0037MIMLW?tag=eloabder-20&linkCode=osi&th=1&psc=1">View Product</a></div><div class="product"><a href="https://www.amazon.com/dp/B09K3VX6XB?tag=eloabder-20&linkCode=osi&th=1&psc=1"><img src="https://m.media-amazon.com/images/I/41KQk0SauIL._SL500_.jpg" alt="Product Image"></a><p>modelones Cuticle Oil for Nails 15ml Natural Nail Oil for Growth and Strength Damaged Nails Vitamin E Revitalizing Essential Oils Cuticle Care</p><p>$8.99 ($17.63 / Fl Oz)</p><a href="https://www.amazon.com/dp/B09K3VX6XB?tag=eloabder-20&linkCode=osi&th=1&psc=1">View Product</a></div><div class="product"><a href="https://www.amazon.com/dp/B072C4GT6P?tag=eloabder-20&linkCode=osi&th=1&psc=1"><img src="https://m.media-amazon.com/images/I/31AcTRIcNCL._SL500_.jpg" alt="Product Image"></a><p>OPI ProSpa Nail and Cuticle Oil To Go, 0.25 fl oz</p><p>$11.49 ($45.96 / Fl Oz)</p><a href="https://www.amazon.com/dp/B072C4GT6P?tag=eloabder-20&linkCode=osi&th=1&psc=1">View Product</a></div><div class="product"><a href="https://www.amazon.com/dp/B0725XWF6R?tag=eloabder-20&linkCode=osi&th=1&psc=1"><img src="https://m.media-amazon.com/images/I/3167QE6enxL._SL500_.jpg" alt="Product Image"></a><p>OPI ProSpa Nail and Cuticle Oil, 0.29 fl oz</p><p>$10.82 ($37.31 / Fl Oz)</p><a href="https://www.amazon.com/dp/B0725XWF6R?tag=eloabder-20&linkCode=osi&th=1&psc=1">View Product</a></div><div class="product"><a href="https://www.amazon.com/dp/B0CN65Q5LD?tag=eloabder-20&linkCode=osi&th=1&psc=1"><img src="https://m.media-amazon.com/images/I/41ixcyjMHNL._SL500_.jpg" alt="Product Image"></a><p>NXJ INFILILA Cuticle Oil Bulk 3.3 Fl Oz, 100Pcs Mini Cuticle Oil for Nails, Hydrating Cuticle Care Product Ttravel Size for Repaired Cuticles Overnight, Cuticle Repair and Nail Care (Milk & Honey)</p><p>$9.99 ($0.10 / Count)</p><a href="https://www.amazon.com/dp/B0CN65Q5LD?tag=eloabder-20&linkCode=osi&th=1&psc=1">View Product</a></div><div class="product"><a href="https://www.amazon.com/dp/B0B29JZ5KL?tag=eloabder-20&linkCode=osi&th=1&psc=1"><img src="https://m.media-amazon.com/images/I/41c+VvEUnZL._SL500_.jpg" alt="Product Image"></a><p>C CARE Lavender and chamomile Cuticle Oil For Nails - Repairs Cuticles Overnight - Moisturizes and Strengthens Nails and Cuticles - Dropper & Brush included - 2.5oz</p><p>$9.99 ($4.00 / Fl Oz)</p><a href="https://www.amazon.com/dp/B0B29JZ5KL?tag=eloabder-20&linkCode=osi&th=1&psc=1">View Product</a></div>
<div class="product"><a href="https://www.amazon.com/dp/B0CMHSNYG8?tag=eloabder-20&linkCode=osi&th=1&psc=1"><img src="https://m.media-amazon.com/images/I/51iVcKQ6eIL._SL500_.jpg" alt="Product Image"></a><p>JODSONE Gel Nail Set 20 Colors High Shine Gorgeous Gel Polish Base Top Matte Coat Nice Gifts Show Charm</p><p>$19.99</p><a href="https://www.amazon.com/dp/B0CMHSNYG8?tag=eloabder-20&linkCode=osi&th=1&psc=1">View Product</a></div><div class="product"><a href="https://www.amazon.com/dp/B09KC56289?tag=eloabder-20&linkCode=osi&th=1&psc=1"><img src="https://m.media-amazon.com/images/I/51M-P1nM7QL._SL500_.jpg" alt="Product Image"></a><p>JODSONE 36 PCS Gel Nail Polish Set-32 Colors Gel Polish Kit Base Coat Glossy Matte and Glitter Top Coat Nail Polish Set Green Blue Red Pink Collection Gifts for Women</p><p>$25.99</p><a href="https://www.amazon.com/dp/B09KC56289?tag=eloabder-20&linkCode=osi&th=1&psc=1">View Product</a></div><div class="product"><a href="https://www.amazon.com/dp/B0987JZSP8?tag=eloabder-20&linkCode=osi&th=1&psc=1"><img src="https://m.media-amazon.com/images/I/31VZYZfCKbL._SL500_.jpg" alt="Product Image"></a><p>OPI Nature Strong Vegan Nail Polish, Knowledge is Flower, Pink Nail Polish, Natural Origin, Cruelty-Free Nail Lacquer, 0.5 fl oz.</p><p>$12.99 ($25.98 / Fl Oz)</p><a href="https://www.amazon.com/dp/B0987JZSP8?tag=eloabder-20&linkCode=osi&th=1&psc=1">View Product</a></div><div class="product"><a href="https://www.amazon.com/dp/B00GXVVDG0?tag=eloabder-20&linkCode=osi&th=1&psc=1"><img src="https://m.media-amazon.com/images/I/21vF-y2FfJL._SL500_.jpg" alt="Product Image"></a><p>Essie Nail Polish, Salon-Quality, 8-free Vegan, Finish, Mademoiselle, 0.46 Ounces (Packaging May Vary) Sheer Pink</p><p>$8.97</p><a href="https://www.amazon.com/dp/B00GXVVDG0?tag=eloabder-20&linkCode=osi&th=1&psc=1">View Product</a></div><div class="product"><a href="https://www.amazon.com/dp/B00149RO2S?tag=eloabder-20&linkCode=osi&th=1&psc=1"><img src="https://m.media-amazon.com/images/I/411K8WtBjML._SL500_.jpg" alt="Product Image"></a><p>OPI Nail Lacquer, Black Cherry Chutney, Red Nail Polish, 0.5 fl oz</p><p>$11.99 ($23.98 / Fl Oz)</p><a href="https://www.amazon.com/dp/B00149RO2S?tag=eloabder-20&linkCode=osi&th=1&psc=1">View Product</a></div>
<div class="product"><a href="https://www.amazon.com/dp/B07TLZDSWR?tag=eloabder-20&linkCode=osi&th=1&psc=1"><img src="https://m.media-amazon.com/images/I/31lsbbYkXFL._SL500_.jpg" alt="Product Image"></a><p>Pronto 100% Pure Acetone - Quick, Professional Nail Polish Remover - For Natural, Gel, Acrylic, Sculptured Nails (8 FL. OZ.)</p><p>$9.99 ($1.25 / Fl Oz)</p><a href="https://www.amazon.com/dp/B07TLZDSWR?tag=eloabder-20&linkCode=osi&th=1&psc=1">View Product</a></div><div class="product"><a href="https://www.amazon.com/dp/B08N2XBP1D?tag=eloabder-20&linkCode=osi&th=1&psc=1"><img src="https://m.media-amazon.com/images/I/41SDa89WDxL._SL500_.jpg" alt="Product Image"></a><p>Mineral Fusion Nail Polish Remover, 6 fl oz, 2 count</p><p>$16.50</p><a href="https://www.amazon.com/dp/B08N2XBP1D?tag=eloabder-20&linkCode=osi&th=1&psc=1">View Product</a></div><div class="product"><a href="https://www.amazon.com/dp/B004KJ7AGE?tag=eloabder-20&linkCode=osi&th=1&psc=1"><img src="https://m.media-amazon.com/images/I/41jL3jJJEEL._SL500_.jpg" alt="Product Image"></a><p>Super Nail Pure Acetone Polish Remover, 8 Fl Oz</p><p>$6.25</p><a href="https://www.amazon.com/dp/B004KJ7AGE?tag=eloabder-20&linkCode=osi&th=1&psc=1">View Product</a></div><div class="product"><a href="https://www.amazon.com/dp/B0CQLWZGQC?tag=eloabder-20&linkCode=osi&th=1&psc=1"><img src="https://m.media-amazon.com/images/I/51RNLfN+X4L._SL500_.jpg" alt="Product Image"></a><p>Morovan Gel Nail Polish Remover Kit: Gel Polish Remover for Nails with Liquid Latex Tape Peel off Nail Strengthener Cuticle Pusher Quick & Easy Gel Remover for Nails in 3-5 mins No Soaking Or Wrapping</p><p>$9.99</p><a href="https://www.amazon.com/dp/B0CQLWZGQC?tag=eloabder-20&linkCode=osi&th=1&psc=1">View Product</a></div><div class="product"><a href="https://www.amazon.com/dp/B09Z2V94LY?tag=eloabder-20&linkCode=osi&th=1&psc=1"><img src="https://m.media-amazon.com/images/I/41aI3wwnE3L._SL500_.jpg" alt="Product Image"></a><p>Gel Nail Polish Remover 1pcs, Professional Gel Polish Remover for Nails, No Need for Foil, Quick & Easy Polish Remover In 2-3 Minutes, No Need Soaking Or Wrapping-15ml</p><p>$9.99</p><a href="https://www.amazon.com/dp/B09Z2V94LY?tag=eloabder-20&linkCode=osi&th=1&psc=1">View Product</a></div><div class="product"><a href="https://www.amazon.com/dp/B07STW4VR3?tag=eloabder-20&linkCode=osi&th=1&psc=1"><img src="https://m.media-amazon.com/images/I/41H-8Xsu7OL._SL500_.jpg" alt="Product Image"></a><p>Butter LONDON Nail Polish Remover Pads, Nail Scrubbers (10 Count) - 2-in-1 Prep & Lacquer Remover Nail Wipes - Travel-Friendly Gel Fingernail Polish Remover - Cruelty-Free, Paraben-Free & Gluten-Free</p><p>$10.00 ($1.00 / Count)</p><a href="https://www.amazon.com/dp/B07STW4VR3?tag=eloabder-20&linkCode=osi&th=1&psc=1">View Product</a></div><div class="product"><a href="https://www.amazon.com/dp/B001DTZK0C?tag=eloabder-20&linkCode=osi&th=1&psc=1"><img src="https://m.media-amazon.com/images/I/31H2xmoYh2L._SL500_.jpg" alt="Product Image"></a><p>ZOYA Remove Plus 3 in 1 Formula - Liquid Polish Remover, Nail Cleaner, Nail Prep, 8 Fl Oz</p><p>$12.00 ($1.50 / Fl Oz)</p><a href="https://www.amazon.com/dp/B001DTZK0C?tag=eloabder-20&linkCode=osi&th=1&psc=1">View Product</a></div>
<div class="product"><a href="https://www.amazon.com/dp/B07F12SZDS?tag=eloabder-20&linkCode=osi&th=1&psc=1"><img src="https://m.media-amazon.com/images/I/415-o2OwWqL._SL500_.jpg" alt="Product Image"></a><p>Beetles 2 Pcs 15ml No Wipe Gel Top Coat and Base Coat Set - Shine Finish and Long Lasting, Soak Off LED Nail Lamp Gel Base Top Coat Finish Nail Art Design Manicure Gifts for Women</p><p>$7.99</p><a href="https://www.amazon.com/dp/B07F12SZDS?tag=eloabder-20&linkCode=osi&th=1&psc=1">View Product</a></div><div class="product"><a href="https://www.amazon.com/dp/B004220C6E?tag=eloabder-20&linkCode=osi&th=1&psc=1"><img src="https://m.media-amazon.com/images/I/41UDx4gfvEL._SL500_.jpg" alt="Product Image"></a><p>OPI Natural Nail Base Coat, Nail Polish Base Coat, 0.5 fl oz</p><p>$11.99 ($23.98 / Fl Oz)</p><a href="https://www.amazon.com/dp/B004220C6E?tag=eloabder-20&linkCode=osi&th=1&psc=1">View Product</a></div><div class="product"><a href="https://www.amazon.com/dp/B07KYNY7C4?tag=eloabder-20&linkCode=osi&th=1&psc=1"><img src="https://m.media-amazon.com/images/I/41nRG35oupL._SL500_.jpg" alt="Product Image"></a><p>essie nail care, vegan, clear base coat, strengthener, Strong Start, 0.46 fl oz</p><p>$9.28</p><a href="https://www.amazon.com/dp/B07KYNY7C4?tag=eloabder-20&linkCode=osi&th=1&psc=1">View Product</a></div><div class="product"><a href="https://www.amazon.com/dp/B0BX77172B?tag=eloabder-20&linkCode=osi&th=1&psc=1"><img src="https://m.media-amazon.com/images/I/41NS6hYFFYL._SL500_.jpg" alt="Product Image"></a><p>beetles Gel Polish Gel No Wipe Base Coat,15ml for Gel Nail Polish Soak Off LED Nail Lamp Gel Base Coat Upgraded Formula Long-Lasting DIY Home and Nail Salon</p><p>$6.99 ($13.71 / Fl Oz)</p><a href="https://www.amazon.com/dp/B0BX77172B?tag=eloabder-20&linkCode=osi&th=1&psc=1">View Product</a></div><div class="product"><a href="https://www.amazon.com/dp/B0BD4MMFVM?tag=eloabder-20&linkCode=osi&th=1&psc=1"><img src="https://m.media-amazon.com/images/I/414wIShbm+L._SL500_.jpg" alt="Product Image"></a><p>GAOY 16ml 2 Pcs Glassy Gel Top Coat and Base Coat Set,No Wipe Foundation Combination for UV Light Cure Nail Polish</p><p>$6.99</p><a href="https://www.amazon.com/dp/B0BD4MMFVM?tag=eloabder-20&linkCode=osi&th=1&psc=1">View Product</a></div><div class="product"><a href="https://www.amazon.com/dp/B08Z7JSXQ1?tag=eloabder-20&linkCode=osi&th=1&psc=1"><img src="https://m.media-amazon.com/images/I/41+02CKnU7L._SL500_.jpg" alt="Product Image"></a><p>modelones 2024 Upgrade Super Shiny Gel Top Coat, 15ml No Wipe Clear Glossy Gel Base and Top Coat Set, Soak Off Nail Lamp Acid Free Base Top Gel Nail Polish Starter Kit</p><p>$6.35</p><a href="https://www.amazon.com/dp/B08Z7JSXQ1?tag=eloabder-20&linkCode=osi&th=1&psc=1">View Product</a></div><div class="product"><a href="https://www.amazon.com/dp/B00770JW9Q?tag=eloabder-20&linkCode=osi&th=1&psc=1"><img src="https://m.media-amazon.com/images/I/41l5O38NktL._SL500_.jpg" alt="Product Image"></a><p>Seche Clear and Seche Vite, Base Coat and Top Coat for Nail Polish</p><p>$9.99</p><a href="https://www.amazon.com/dp/B00770JW9Q?tag=eloabder-20&linkCode=osi&th=1&psc=1">View Product</a></div><div class="product"><a href="https://www.amazon.com/dp/B07FXR67KP?tag=eloabder-20&linkCode=osi&th=1&psc=1"><img src="https://m.media-amazon.com/images/I/41TDlHtLVPL._SL500_.jpg" alt="Product Image"></a><p>Vishine 15ml No Wipe Top Coat Base Coat Soak off UV LED Drying Long Lasting Shiny Nail Varnish Set</p><p>$8.99</p><a href="https://www.amazon.com/dp/B07FXR67KP?tag=eloabder-20&linkCode=osi&th=1&psc=1">View Product</a></div><div class="product"><a href="https://www.amazon.com/dp/B000VUT39S?tag=eloabder-20&linkCode=osi&th=1&psc=1"><img src="https://m.media-amazon.com/images/I/31XB8+yUKnL._SL500_.jpg" alt="Product Image"></a><p>Orly Base Nail Coat, Bonder, 0.6 Ounce</p><p>$8.00 ($13.33 / Fl Oz)</p><a href="https://www.amazon.com/dp/B000VUT39S?tag=eloabder-20&linkCode=osi&th=1&psc=1">View Product</a></div>
<div class="product"><a href="https://www.amazon.com/dp/B08VZ6VSJ5?tag=eloabder-20&linkCode=osi&th=1&psc=1"><img src="https://m.media-amazon.com/images/I/317piUMa1pL._SL500_.jpg" alt="Product Image"></a><p>KUPA GelFinity - Soak Off Gel - Top Coat Glossy Finish (No-Wipe) 0.5 Fl Oz</p><p>$7.79 ($15.58 / Fl Oz)</p><a href="https://www.amazon.com/dp/B08VZ6VSJ5?tag=eloabder-20&linkCode=osi&th=1&psc=1">View Product</a></div><div class="product"><a href="https://www.amazon.com/dp/B0CHBB9S4J?tag=eloabder-20&linkCode=osi&th=1&psc=1"><img src="https://m.media-amazon.com/images/I/41qRu1votRL._SL500_.jpg" alt="Product Image"></a><p>beetles Gel Polish 2Pcs 15ml No Wipe Top Coat High Gloss Shiny Long-Lasting Clear Gel Top Coat, Soak Off Nail Lamp Nail Gel, Home DIY Professional Manicure and Nail Salon</p><p>$9.98 ($9.78 / Fl Oz)</p><a href="https://www.amazon.com/dp/B0CHBB9S4J?tag=eloabder-20&linkCode=osi&th=1&psc=1">View Product</a></div><div class="product"><a href="https://www.amazon.com/dp/B07FG7ZVFF?tag=eloabder-20&linkCode=osi&th=1&psc=1"><img src="https://m.media-amazon.com/images/I/41zWBPeG5RL._SL500_.jpg" alt="Product Image"></a><p>beetles Gel Polish No Wipe Gel Top Coat - Clear Color Gel Shine Finish and Long Lasting, Soak Off Nail Lamp Gel, 15ml Gift for Girls</p><p>$6.99 ($13.71 / Fl Oz)</p><a href="https://www.amazon.com/dp/B07FG7ZVFF?tag=eloabder-20&linkCode=osi&th=1&psc=1">View Product</a></div><div class="product"><a href="https://www.amazon.com/dp/B08J9WZB29?tag=eloabder-20&linkCode=osi&th=1&psc=1"><img src="https://m.media-amazon.com/images/I/31WQqYx1BLL._SL500_.jpg" alt="Product Image"></a><p>Vishine Top Coat- 15ML No Wipe Top Coat Gel Nail Polish High Gloss Shine Finish Long Lasting Home DIY Professional Manicure</p><p>$6.99 ($13.98 / Fl Oz)</p><a href="https://www.amazon.com/dp/B08J9WZB29?tag=eloabder-20&linkCode=osi&th=1&psc=1">View Product</a></div><div class="product"><a href="https://www.amazon.com/dp/B00178VX50?tag=eloabder-20&linkCode=osi&th=1&psc=1"><img src="https://m.media-amazon.com/images/I/31MWdGSTydL._SL500_.jpg" alt="Product Image"></a><p>OPI Top Coat, Protective High Gloss Shine Nail Polish Top Coat, 0.5 fl oz</p><p>$11.99 ($0.80 / millilitre)</p><a href="https://www.amazon.com/dp/B00178VX50?tag=eloabder-20&linkCode=osi&th=1&psc=1">View Product</a></div><div class="product"><a href="https://www.amazon.com/dp/B00150LT40?tag=eloabder-20&linkCode=osi&th=1&psc=1"><img src="https://m.media-amazon.com/images/I/410pKBFvS9L._SL500_.jpg" alt="Product Image"></a><p>Seche Vite Dry Fast Top Coat - .5 fl oz</p><p>$7.05</p><a href="https://www.amazon.com/dp/B00150LT40?tag=eloabder-20&linkCode=osi&th=1&psc=1">View Product</a></div>
<div class="product"><a href="https://www.amazon.com/dp/B000052WZD?tag=eloabder-20&linkCode=osi&th=1&psc=1"><img src="https://m.media-amazon.com/images/I/31neIP1eUnL._SL500_.jpg" alt="Product Image"></a><p>Trim Nail Files, 2 Count – Dual-Sided Nail Board with 280/320 Grit – Cushioned, Easy Grip for Comfortable Use – Emery Boards for Smoothing & Finishing Nails</p><p>$1.89 ($0.94 / Count)</p><a href="https://www.amazon.com/dp/B000052WZD?tag=eloabder-20&linkCode=osi&th=1&psc=1">View Product</a></div><div class="product"><a href="https://www.amazon.com/dp/B007242LWC?tag=eloabder-20&linkCode=osi&th=1&psc=1"><img src="https://m.media-amazon.com/images/I/41+E1EwskpS._SL500_.jpg" alt="Product Image"></a><p>3 Swords Germany - Brand Quality Double Sided (fine & coarse) Sapphire Metal Pocket Nail File (1 Piece), Made in Solingen Germany</p><p>$9.95</p><a href="https://www.amazon.com/dp/B007242LWC?tag=eloabder-20&linkCode=osi&th=1&psc=1">View Product</a></div><div class="product"><a href="https://www.amazon.com/dp/B0017KCQ2W?tag=eloabder-20&linkCode=osi&th=1&psc=1"><img src="https://m.media-amazon.com/images/I/21bzfUjSMwL._SL500_.jpg" alt="Product Image"></a><p>Revlon Nail Buffer, Gifts for Women, Stocking Stuffers, Shape 'N' Buff Nail File & Buffer, Nail Care Tool, All-in-One Shaping & Buffing, Easy to Use (Pack of 1)</p><p>$3.76</p><a href="https://www.amazon.com/dp/B0017KCQ2W?tag=eloabder-20&linkCode=osi&th=1&psc=1">View Product</a></div>
<div class="product"><a href="https://www.amazon.com/dp/B07M5RNH4Z?tag=eloabder-20&linkCode=osi&th=1&psc=1"><img src="https://m.media-amazon.com/images/I/41VsLZvsbKL._SL500_.jpg" alt="Product Image"></a><p>HAWATOUR Nail Clippers Set, Ultra Sharp Sturdy Fingernail and Toenail Clipper Cutters with Visibly Tin Case, Black</p><p>$9.97</p><a href="https://www.amazon.com/dp/B07M5RNH4Z?tag=eloabder-20&linkCode=osi&th=1&psc=1">View Product</a></div><div class="product"><a href="https://www.amazon.com/dp/B0015HKN3G?tag=eloabder-20&linkCode=osi&th=1&psc=1"><img src="https://m.media-amazon.com/images/I/31Y23jebqxL._SL500_.jpg" alt="Product Image"></a><p>Revlon Nail Clipper, Gifts for Men & Women, Stocking Stuffers, Nail Care Tools, Curved Blade & Foldaway Nail File for Trimming & Grooming, Easy to Use (Pack of 1)</p><p>$2.98</p><a href="https://www.amazon.com/dp/B0015HKN3G?tag=eloabder-20&linkCode=osi&th=1&psc=1">View Product</a></div><div class="product"><a href="https://www.amazon.com/dp/B00CRMHEJE?tag=eloabder-20&linkCode=osi&th=1&psc=1"><img src="https://m.media-amazon.com/images/I/41UM1wHFbiL._SL500_.jpg" alt="Product Image"></a><p>Tweezerman Stainless Steel Nail Combo Set with Fingernail and Toenail Clippers</p><p>$11.98</p><a href="https://www.amazon.com/dp/B00CRMHEJE?tag=eloabder-20&linkCode=osi&th=1&psc=1">View Product</a></div><div class="product"><a href="https://www.amazon.com/dp/B09VPM99J8?tag=eloabder-20&linkCode=osi&th=1&psc=1"><img src="https://m.media-amazon.com/images/I/31t5pEdSClL._SL500_.jpg" alt="Product Image"></a><p>Amazon Basics Nail Clippers 2-Pack, Black</p><p>$5.18</p><a href="https://www.amazon.com/dp/B09VPM99J8?tag=eloabder-20&linkCode=osi&th=1&psc=1">View Product</a></div><div class="product"><a href="https://www.amazon.com/dp/B004NZDY42?tag=eloabder-20&linkCode=osi&th=1&psc=1"><img src="https://m.media-amazon.com/images/I/31ehL-AtFBL._SL500_.jpg" alt="Product Image"></a><p>Revlon Mini Nail Clipper, Nail Care Tools, Curved Blade for Trimming & Grooming, Easy to Use (Pack of 1)</p><p>$2.98</p><a href="https://www.amazon.com/dp/B004NZDY42?tag=eloabder-20&linkCode=osi&th=1&psc=1">View Product</a></div>

<div class="product"><a href="https://www.amazon.com/dp/B0037O2J7I?tag=eloabder-20&linkCode=osi&th=1&psc=1"><img src="https://m.media-amazon.com/images/I/31fwHgXkJ7L._SL500_.jpg" alt="Product Image"></a><p>4 Way Shiny Block / 4 Step Buffing Block Shine Nail Buffer</p><p>$3.99 ($3.99 / Count)</p><a href="https://www.amazon.com/dp/B0037O2J7I?tag=eloabder-20&linkCode=osi&th=1&psc=1">View Product</a></div>

<div class="product"><a href="https://www.amazon.com/dp/B0BRRLF5N6?tag=eloabder-20&linkCode=osi&th=1&psc=1"><img src="https://m.media-amazon.com/images/I/51YW58bcDsL._SL500_.jpg" alt="Product Image"></a><p>Foot Soak Set Pedicure Kit Foot Spa Callus Remover for Feet Cuticle Remover Foot File for Dead Skin Pink Salt Urea Cream for Feet Aloe Lavender Pedicure Supplies Dry Cracked Feet for Women Men</p><p>$15.99</p><a href="https://www.amazon.com/dp/B0BRRLF5N6?tag=eloabder-20&linkCode=osi&th=1&psc=1">View Product</a></div><div class="product"><a href="https://www.amazon.com/dp/B09JWMBYJN?tag=eloabder-20&linkCode=osi&th=1&psc=1"><img src="https://m.media-amazon.com/images/I/51FgTeeSJKL._SL500_.jpg" alt="Product Image"></a><p>nbc BeautiLab Pedicure Kit Foot Soak Set: Bubble Salt, Sugar Scrub, Massage Mask, Massage Lotion in a Box, 4 Step Foot Spa Kit for Dry Feet, Softens Calluses, Tired Feet（3 Set Lavender)</p><p>$16.99 ($1.42 / Ounce)</p><a href="https://www.amazon.com/dp/B09JWMBYJN?tag=eloabder-20&linkCode=osi&th=1&psc=1">View Product</a></div>
<div class="product"><a href="https://www.amazon.com/dp/B07BHCB9Y2?tag=eloabder-20&linkCode=osi&th=1&psc=1"><img src="https://m.media-amazon.com/images/I/51V47D7WZ1L._SL500_.jpg" alt="Product Image"></a><p>PURA D'OR Anti-Thinning Biotin Shampoo & Deep Moisturizing Conditioner Original Gold Label Set (16Oz x2) Natural Earthy Scent, Clinically Tested Proven Results, DHT Blocker Thickening, For Women & Men</p><p>$39.99 ($1.25 / Fl Oz)</p><a href="https://www.amazon.com/dp/B07BHCB9Y2?tag=eloabder-20&linkCode=osi&th=1&psc=1">View Product</a></div><div class="product"><a href="https://www.amazon.com/dp/B07N7MWX72?tag=eloabder-20&linkCode=osi&th=1&psc=1"><img src="https://m.media-amazon.com/images/I/414aNTDFuRL._SL500_.jpg" alt="Product Image"></a><p>Mielle Organics Rosemary Mint Strengthening Shampoo Infused with Biotin, Cleanses and Helps Strengthen Weak and Brittle Hair, 12 Ounces</p><p>$9.97 ($0.83 / Fl Oz)</p><a href="https://www.amazon.com/dp/B07N7MWX72?tag=eloabder-20&linkCode=osi&th=1&psc=1">View Product</a></div><div class="product"><a href="https://www.amazon.com/dp/B08SSM21R4?tag=eloabder-20&linkCode=osi&th=1&psc=1"><img src="https://m.media-amazon.com/images/I/31WbRm+ZKEL._SL500_.jpg" alt="Product Image"></a><p>Redken All Soft Shampoo | Deeply Moisturizes and Hydrates | Softens, Smooths, and Adds Shine | Safe for Color-Treated Hair | Nourishing Shampoo for Dry Hair | With Argan Oil</p><p>$26.00 ($2.57 / Fl Oz)</p><a href="https://www.amazon.com/dp/B08SSM21R4?tag=eloabder-20&linkCode=osi&th=1&psc=1">View Product</a></div><div class="product"><a href="https://www.amazon.com/dp/B00ADRH2OM?tag=eloabder-20&linkCode=osi&th=1&psc=1"><img src="https://m.media-amazon.com/images/I/413WPcPNDbL._SL500_.jpg" alt="Product Image"></a><p>OGX Thick & Full + Biotin & Collagen Volumizing Shampoo, Nutrient-Infused Hair Shampoo with Vitamin B7 Biotin Gives Hair Volume & Body for 72+ Hours, Sulfate-Free Surfactants, 13 fl. oz</p><p>$6.97 ($0.54 / Fl Oz)</p><a href="https://www.amazon.com/dp/B00ADRH2OM?tag=eloabder-20&linkCode=osi&th=1&psc=1">View Product</a></div><div class="product"><a href="https://www.amazon.com/dp/B01ENCBOA0?tag=eloabder-20&linkCode=osi&th=1&psc=1"><img src="https://m.media-amazon.com/images/I/41wcbs9bSAL._SL500_.jpg" alt="Product Image"></a><p>Rosemary and Biotin Shampoo for Thinning Hair - Vegan Volumizing Shampoo for Fine Hair with Argan and Tea Tree Oil - Paraben Silicone and Sulfate Free Shampoo for Dry Damaged Weak and Thin Hair Care</p><p>$12.95 ($1.62 / Fl Oz)</p><a href="https://www.amazon.com/dp/B01ENCBOA0?tag=eloabder-20&linkCode=osi&th=1&psc=1">View Product</a></div><div class="product"><a href="https://www.amazon.com/dp/B00FH692PQ?tag=eloabder-20&linkCode=osi&th=1&psc=1"><img src="https://m.media-amazon.com/images/I/41Sqc25WpzL._SL500_.jpg" alt="Product Image"></a><p>PURA D'OR Original Gold Label Anti-Thinning Biotin Shampoo Natural Earthy Scent, Clinically Tested Proven Results, Herbal DHT Blocker Hair Thickening Products For Women & Men, Color Treated Hair, 16oz</p><p>$29.99 ($1.87 / Fl Oz)</p><a href="https://www.amazon.com/dp/B00FH692PQ?tag=eloabder-20&linkCode=osi&th=1&psc=1">View Product</a></div><div class="product"><a href="https://www.amazon.com/dp/B07D37PQGL?tag=eloabder-20&linkCode=osi&th=1&psc=1"><img src="https://m.media-amazon.com/images/I/31+tZhs5TNL._SL500_.jpg" alt="Product Image"></a><p>Olaplex No. 4 Bond Maintenance Shampoo, Repairs, Strengthens, & Nourishes All Hair Types, Adds Shine & Leaves Hair Feeling Soft, 8.5 fl oz</p><p>$30.00 ($3.53 / Fl Oz)</p><a href="https://www.amazon.com/dp/B07D37PQGL?tag=eloabder-20&linkCode=osi&th=1&psc=1">View Product</a></div><div class="product"><a href="https://www.amazon.com/dp/B07525QJC8?tag=eloabder-20&linkCode=osi&th=1&psc=1"><img src="https://m.media-amazon.com/images/I/31Zl6Upjq4S._SL500_.jpg" alt="Product Image"></a><p>L'Oreal Paris Elvive Total Repair 5 Repairing Shampoo for Damaged Hair Shampoo with Protein and Ceramide for Strong Silky Shiny Healthy Renewed Hair 28 Fl Oz</p><p>$7.68 ($0.27 / Fl Oz)</p><a href="https://www.amazon.com/dp/B07525QJC8?tag=eloabder-20&linkCode=osi&th=1&psc=1">View Product</a></div><div class="product"><a href="https://www.amazon.com/dp/B0098QPV3I?tag=eloabder-20&linkCode=osi&th=1&psc=1"><img src="https://m.media-amazon.com/images/I/31OzU+ogltL._SL500_.jpg" alt="Product Image"></a><p>Moroccanoil Hydrating Shampoo, 8.5 Fl. Oz.</p><p>$26.00 ($3.06 / Fl Oz)</p><a href="https://www.amazon.com/dp/B0098QPV3I?tag=eloabder-20&linkCode=osi&th=1&psc=1">View Product</a></div><div class="product"><a href="https://www.amazon.com/dp/B07HMK15G9?tag=eloabder-20&linkCode=osi&th=1&psc=1"><img src="https://m.media-amazon.com/images/I/31Tdk9qdj7L._SL500_.jpg" alt="Product Image"></a><p>Aveeno Fresh Greens Blend Natural Volumizing Shampoo, Cucumber, Rosemary, for Fine Hair, 12 fl oz</p><p>$8.12 ($0.68 / Ounce)</p><a href="https://www.amazon.com/dp/B07HMK15G9?tag=eloabder-20&linkCode=osi&th=1&psc=1">View Product</a></div>
<div class="product"><a href="https://www.amazon.com/dp/B0752CBW5T?tag=eloabder-20&linkCode=osi&th=1&psc=1"><img src="https://m.media-amazon.com/images/I/31-KMa7LAlS._SL500_.jpg" alt="Product Image"></a><p>L'Oreal Paris Elvive Total Repair 5 Repairing Conditioner for Damaged Hair Conditioner with Protein and Ceramide for Strong Silky Shiny Healthy Renewed Hair 28 Fl Oz</p><p>$8.49 ($0.30 / Fl Oz)</p><a href="https://www.amazon.com/dp/B0752CBW5T?tag=eloabder-20&linkCode=osi&th=1&psc=1">View Product</a></div><div class="product"><a href="https://www.amazon.com/dp/B07CLD17F5?tag=eloabder-20&linkCode=osi&th=1&psc=1"><img src="https://m.media-amazon.com/images/I/61hTHQjDOkL._SL500_.jpg" alt="Product Image"></a><p>Dove Ultra Care Conditioner Coconut & Hydration for Dry Hair Conditioner with Coconut Oil, Jojoba Oil & Sweet Almond Oil 25.4 oz</p><p>$7.49 ($0.29 / Fl Oz)</p><a href="https://www.amazon.com/dp/B07CLD17F5?tag=eloabder-20&linkCode=osi&th=1&psc=1">View Product</a></div><div class="product"><a href="https://www.amazon.com/dp/B0098QQ88U?tag=eloabder-20&linkCode=osi&th=1&psc=1"><img src="https://m.media-amazon.com/images/I/31kA4N9VngL._SL500_.jpg" alt="Product Image"></a><p>Moroccanoil Hydrating Conditioner, 8.5 Fl Oz</p><p>$26.00 ($3.10 / Fl Oz)</p><a href="https://www.amazon.com/dp/B0098QQ88U?tag=eloabder-20&linkCode=osi&th=1&psc=1">View Product</a></div><div class="product"><a href="https://www.amazon.com/dp/B07D37SBHF?tag=eloabder-20&linkCode=osi&th=1&psc=1"><img src="https://m.media-amazon.com/images/I/31ivDW-ouZL._SL500_.jpg" alt="Product Image"></a><p>Olaplex No. 5 Bond Maintenance Conditioner, Repairs, Strengthens, & Nourishes All Hair Types, Leaving Hair Feeling Soft & Adds Shine, 8.5 fl oz"</p><p>$30.00 ($3.53 / Fl Oz)</p><a href="https://www.amazon.com/dp/B07D37SBHF?tag=eloabder-20&linkCode=osi&th=1&psc=1">View Product</a></div><div class="product"><a href="https://www.amazon.com/dp/B07NR2B9HS?tag=eloabder-20&linkCode=osi&th=1&psc=1"><img src="https://m.media-amazon.com/images/I/51pWHfe9iNL._SL500_.jpg" alt="Product Image"></a><p>Aussie 3 Minute Miracle Moist Deep Conditioner for Dry Hair, Avocado & Jojoba Oil, Safe for Color Treated Hair, Nourishing Hydration, Silky Shine, Paraben-Free, 16 Fl Oz Each, Triple Pack</p><p>$20.97 ($0.44 / Fl Oz)</p><a href="https://www.amazon.com/dp/B07NR2B9HS?tag=eloabder-20&linkCode=osi&th=1&psc=1">View Product</a></div><div class="product"><a href="https://www.amazon.com/dp/B0891BBRHW?tag=eloabder-20&linkCode=osi&th=1&psc=1"><img src="https://m.media-amazon.com/images/I/31ndDwe7VSL._SL500_.jpg" alt="Product Image"></a><p>Pureology Hydrate Moisturizing Conditioner | Softens and Deeply Hydrates Dry Hair | For Medium to Thick Color Treated or Natural Hair | Sulfate Free Conditioner | Vegan</p><p>$37.00 ($4.11 / Fl Oz)</p><a href="https://www.amazon.com/dp/B0891BBRHW?tag=eloabder-20&linkCode=osi&th=1&psc=1">View Product</a></div><div class="product"><a href="https://www.amazon.com/dp/B00I32AN4K?tag=eloabder-20&linkCode=osi&th=1&psc=1"><img src="https://m.media-amazon.com/images/I/51KpmxinYYL._SL500_.jpg" alt="Product Image"></a><p>Arvazallia Hydrating Argan Oil Hair Mask and Deep Conditioner for Dry or Damaged Hair - 8.45 Oz</p><p>$12.95 ($1.53 / Fl Oz)</p><a href="https://www.amazon.com/dp/B00I32AN4K?tag=eloabder-20&linkCode=osi&th=1&psc=1">View Product</a></div><div class="product"><a href="https://www.amazon.com/dp/B092PVHFL3?tag=eloabder-20&linkCode=osi&th=1&psc=1"><img src="https://m.media-amazon.com/images/I/31v45qQhKOL._SL500_.jpg" alt="Product Image"></a><p>MONDAY HAIRCARE Moisture Conditioner 12oz for Dry, Coarse, Stressed, Coily and Curly Hair, Made from Coconut Oil, Rice Protein, Shea Butter, & Vitamin E, 100% Recyclable Bottles (350ml) (10434)</p><p>$6.97 ($0.58 / Fl Oz)</p><a href="https://www.amazon.com/dp/B092PVHFL3?tag=eloabder-20&linkCode=osi&th=1&psc=1">View Product</a></div><div class="product"><a href="https://www.amazon.com/dp/B00OVQO66S?tag=eloabder-20&linkCode=osi&th=1&psc=1"><img src="https://m.media-amazon.com/images/I/61S7x6GUaFL._SL500_.jpg" alt="Product Image"></a><p>SheaMoisture Conditioner Intensive Hydration for Dry, Damaged Hair Manuka Honey and Mafura Oil to Nourish and Soften Hair 13 oz</p><p>$9.68 ($0.74 / Fl Oz)</p><a href="https://www.amazon.com/dp/B00OVQO66S?tag=eloabder-20&linkCode=osi&th=1&psc=1">View Product</a></div><div class="product"><a href="https://www.amazon.com/dp/B08BTKN3P9?tag=eloabder-20&linkCode=osi&th=1&psc=1"><img src="https://m.media-amazon.com/images/I/41sjzOJHhiL._SL500_.jpg" alt="Product Image"></a><p>TRESemmé Conditioner Moisture Rich 3 Count for Dry Hair Professional Quality Salon-Healthy Look and Shine Moisture Rich Formulated with Vitamin E and Biotin 28 oz</p><p>$16.80 ($0.20 / Fl Oz)</p><a href="https://www.amazon.com/dp/B08BTKN3P9?tag=eloabder-20&linkCode=osi&th=1&psc=1">View Product</a></div>
<div class="product"><a href="https://www.amazon.com/dp/B01I2ZQJSG?tag=eloabder-20&linkCode=osi&th=1&psc=1"><img src="https://m.media-amazon.com/images/I/41ctrFUeQAL._SL500_.jpg" alt="Product Image"></a><p>Elizavecca cer-100 collagen coating hair protein treatment 100ml</p><p>$7.40 ($2.19 / Fl Oz)</p><a href="https://www.amazon.com/dp/B01I2ZQJSG?tag=eloabder-20&linkCode=osi&th=1&psc=1">View Product</a></div><div class="product"><a href="https://www.amazon.com/dp/B07H3GBSC3?tag=eloabder-20&linkCode=osi&th=1&psc=1"><img src="https://m.media-amazon.com/images/I/41I862UzKRL._SL500_.jpg" alt="Product Image"></a><p>amika soulfood nourishing Mask, 8 Fl oz</p><p>$34.00 ($4.25 / Fl Oz)</p><a href="https://www.amazon.com/dp/B07H3GBSC3?tag=eloabder-20&linkCode=osi&th=1&psc=1">View Product</a></div><div class="product"><a href="https://www.amazon.com/dp/B075L6BL61?tag=eloabder-20&linkCode=osi&th=1&psc=1"><img src="https://m.media-amazon.com/images/I/41zCFV7oGTL._SL500_.jpg" alt="Product Image"></a><p>Karseell Collagen Hair Treatment Deep Repair Conditioning Argan Oil Collagen Hair Mask Essence for Dry Damaged Hair All Hair Types 16.90 oz 500ml</p><p>$23.00 ($1.36 / Fl Oz)</p><a href="https://www.amazon.com/dp/B075L6BL61?tag=eloabder-20&linkCode=osi&th=1&psc=1">View Product</a></div><div class="product"><a href="https://www.amazon.com/dp/B07N7NBYSP?tag=eloabder-20&linkCode=osi&th=1&psc=1"><img src="https://m.media-amazon.com/images/I/515lD0OXQ+L._SL500_.jpg" alt="Product Image"></a><p>Mielle Organics Rosemary Mint Strengthening Hair Masque, Essential Oil & Biotin Deep Treatment, Miracle Repair for Dry, Damaged, & Frizzy Hair, 12 Ounces</p><p>$9.97 ($0.83 / Ounce)</p><a href="https://www.amazon.com/dp/B07N7NBYSP?tag=eloabder-20&linkCode=osi&th=1&psc=1">View Product</a></div><div class="product"><a href="https://www.amazon.com/dp/B0BQ54DQNM?tag=eloabder-20&linkCode=osi&th=1&psc=1"><img src="https://m.media-amazon.com/images/I/41uhtWPJeuL._SL500_.jpg" alt="Product Image"></a><p>Eva NYC Therapy Session Hair Mask, Deep Conditioning Hair Mask Infused with Argan Oil and Plant Protein, 16.9 fl oz</p><p>$19.00 ($1.12 / Fl Oz)</p><a href="https://www.amazon.com/dp/B0BQ54DQNM?tag=eloabder-20&linkCode=osi&th=1&psc=1">View Product</a></div><div class="product"><a href="https://www.amazon.com/dp/B09HR5KSR8?tag=eloabder-20&linkCode=osi&th=1&psc=1"><img src="https://m.media-amazon.com/images/I/51aIw6AhsXL._SL500_.jpg" alt="Product Image"></a><p>K18 Mini Leave-In Molecular Hair Mask, Repairs Dry or Damaged Hair, Reverse Hair Damage from Bleach, Color, Chemical Services & Heat, 0.51 Fl Oz</p><p>$29.00 ($56.86 / Fl Oz)</p><a href="https://www.amazon.com/dp/B09HR5KSR8?tag=eloabder-20&linkCode=osi&th=1&psc=1">View Product</a></div><div class="product"><a href="https://www.amazon.com/dp/B07M7PP9KX?tag=eloabder-20&linkCode=osi&th=1&psc=1"><img src="https://m.media-amazon.com/images/I/41Mpv3wIxEL._SL500_.jpg" alt="Product Image"></a><p>Marc Anthony Grow Long Hair Anti-Breakage Mask, 10.4 OZ</p><p>$8.99 ($0.90 / Fl Oz)</p><a href="https://www.amazon.com/dp/B07M7PP9KX?tag=eloabder-20&linkCode=osi&th=1&psc=1">View Product</a></div>
<div class="product"><a href="https://www.amazon.com/dp/B00BC3YL2W?tag=eloabder-20&linkCode=osi&th=1&psc=1"><img src="https://m.media-amazon.com/images/I/31OKo9u6V4L._SL500_.jpg" alt="Product Image"></a><p>HerStyler Hair Repair Serum - Argan Oil, Vitamin E and Aloe Vera Hair Serum for Frizz Control, Shine and Straightening - Coz Love is in the Hair - 2 Fl. Oz., 60 Ml</p><p>$9.99 ($5.00 / Fl Oz)</p><a href="https://www.amazon.com/dp/B00BC3YL2W?tag=eloabder-20&linkCode=osi&th=1&psc=1">View Product</a></div><div class="product"><a href="https://www.amazon.com/dp/B08N9L6C93?tag=eloabder-20&linkCode=osi&th=1&psc=1"><img src="https://m.media-amazon.com/images/I/3184fIylDmL._SL500_.jpg" alt="Product Image"></a><p>Paul Mitchell Super Skinny Serum, Speeds Up Drying Time, Humidity Resistant, For Frizzy Hair, 5.1 fl. oz.</p><p>$28.50 ($5.59 / Fl Oz)</p><a href="https://www.amazon.com/dp/B08N9L6C93?tag=eloabder-20&linkCode=osi&th=1&psc=1">View Product</a></div><div class="product"><a href="https://www.amazon.com/dp/B081JHTPKP?tag=eloabder-20&linkCode=osi&th=1&psc=1"><img src="https://m.media-amazon.com/images/I/31+F0Qz4RUL._SL500_.jpg" alt="Product Image"></a><p>Mise En Scene Perfect Serum Original - Hair Oil for Frizzy & Dry Hair, Hydration and Nutrition Hair Essence for Damage Care, Floral Fragrance, Korean Hair Care Product, Korean Hair Serum 2.71 Fl. Oz.</p><p>$11.20 ($4.15 / Fl Oz)</p><a href="https://www.amazon.com/dp/B081JHTPKP?tag=eloabder-20&linkCode=osi&th=1&psc=1">View Product</a></div><div class="product"><a href="https://www.amazon.com/dp/B09WMT8HYB?tag=eloabder-20&linkCode=osi&th=1&psc=1"><img src="https://m.media-amazon.com/images/I/31poyY3nFGL._SL500_.jpg" alt="Product Image"></a><p>Hair Growth Serum for Men and Women- Vegan Hair Growth Serum Designed for Thinning Hair & Hair Loss- 1 Month-60ml</p><p>$23.40 ($11.70 / Fl Oz)</p><a href="https://www.amazon.com/dp/B09WMT8HYB?tag=eloabder-20&linkCode=osi&th=1&psc=1">View Product</a></div><div class="product"><a href="https://www.amazon.com/dp/B0CJ7ZVDZR?tag=eloabder-20&linkCode=osi&th=1&psc=1"><img src="https://m.media-amazon.com/images/I/51bMtBk0LHL._SL500_.jpg" alt="Product Image"></a><p>MAREE Hair Styling Serum for Frizzy & Dry Hair - Keratin Styling & Moisturizing Oil Capsules with Avocado, Jojoba & Argan Oil - Leave-in Anti Frizz Conditioner with Vitamins A, C, E & B5-30 Capsules</p><p>$17.95 ($5.61 / Fl Oz)</p><a href="https://www.amazon.com/dp/B0CJ7ZVDZR?tag=eloabder-20&linkCode=osi&th=1&psc=1">View Product</a></div><div class="product"><a href="https://www.amazon.com/dp/B07GSZYLGJ?tag=eloabder-20&linkCode=osi&th=1&psc=1"><img src="https://m.media-amazon.com/images/I/41e6dzzvKtL._SL500_.jpg" alt="Product Image"></a><p>HUSSELL Bali Secret Hair Treatment Serum - no Rinse with Argan Macadamia & Avocado Oils - Vitamins A, E, Pro B5 - Conditioner for Women & Men</p><p>$24.75 ($0.62 / Fl Oz)</p><a href="https://www.amazon.com/dp/B07GSZYLGJ?tag=eloabder-20&linkCode=osi&th=1&psc=1">View Product</a></div><div class="product"><a href="https://www.amazon.com/dp/B000P9DS4Q?tag=eloabder-20&linkCode=osi&th=1&psc=1"><img src="https://m.media-amazon.com/images/I/31m7be8mSHL._SL500_.jpg" alt="Product Image"></a><p>John Frieda Anti Frizz, Frizz Ease Extra Strength Hair Serum with Argan Oil, Anti-Humidity Spray for Hair, Nourishing Treatment for Thick, Coarse Hair, 1.69 Oz</p><p>$10.05 ($5.95 / Fl Oz)</p><a href="https://www.amazon.com/dp/B000P9DS4Q?tag=eloabder-20&linkCode=osi&th=1&psc=1">View Product</a></div><div class="product"><a href="https://www.amazon.com/dp/B01456DJ66?tag=eloabder-20&linkCode=osi&th=1&psc=1"><img src="https://m.media-amazon.com/images/I/41hciQXaA0L._SL500_.jpg" alt="Product Image"></a><p>Vitamins Keratin Protein Hair Serum - Anti Frizz Control Hair Oil Repair Treatment - Hair Gloss Shine & Heat Protectant for Frizzy Dry Damaged Hair</p><p>$21.98 ($5.17 / Fl Oz)</p><a href="https://www.amazon.com/dp/B01456DJ66?tag=eloabder-20&linkCode=osi&th=1&psc=1">View Product</a></div>
<div class="product"><a href="https://www.amazon.com/dp/B07VR1NDSQ?tag=eloabder-20&linkCode=osi&th=1&psc=1"><img src="https://m.media-amazon.com/images/I/41z5MLqbvaL._SL500_.jpg" alt="Product Image"></a><p>Olaplex No. 7 Bonding Oil, Concentrated High Shine Oil, Heat Protectant, Visibly Smooths & Softens Hair, Added Color Vibrancy, Up to 72 Hour Frizz Control, For All Hair Types, 1 fl oz</p><p>$30.00 ($29.70 / Fl Oz)</p><a href="https://www.amazon.com/dp/B07VR1NDSQ?tag=eloabder-20&linkCode=osi&th=1&psc=1">View Product</a></div><div class="product"><a href="https://www.amazon.com/dp/B07N7PK9QK?tag=eloabder-20&linkCode=osi&th=1&psc=1"><img src="https://m.media-amazon.com/images/I/416K3ahcJsL._SL500_.jpg" alt="Product Image"></a><p>Mielle Organics Rosemary Mint Scalp & Hair Strengthening Oil for All Hair Types, 2 Ounce</p><p>$9.50 ($4.75 / Fl Oz)</p><a href="https://www.amazon.com/dp/B07N7PK9QK?tag=eloabder-20&linkCode=osi&th=1&psc=1">View Product</a></div><div class="product"><a href="https://www.amazon.com/dp/B0048EZNR4?tag=eloabder-20&linkCode=osi&th=1&psc=1"><img src="https://m.media-amazon.com/images/I/41TwEUHYLCL._SL500_.jpg" alt="Product Image"></a><p>OGX Renewing + Argan Oil of Morocco Penetrating Hair Oil Treatment, Moisturizing & Strengthening Silky Oil for All Hair Types, Paraben-Free, Sulfated-Surfactants Free, 3.3 fl oz</p><p>$7.97 ($2.42 / Fl Oz)</p><a href="https://www.amazon.com/dp/B0048EZNR4?tag=eloabder-20&linkCode=osi&th=1&psc=1">View Product</a></div><div class="product"><a href="https://www.amazon.com/dp/B01MFXDAL8?tag=eloabder-20&linkCode=osi&th=1&psc=1"><img src="https://m.media-amazon.com/images/I/314VC8Iug2L._SL500_.jpg" alt="Product Image"></a><p>OUAI Hair Oil - Hair Heat Protectant Oil for Frizz Control - Adds Hair Shine and Smooths Split Ends - Color Safe Formula - Paraben, Phthalate and Sulfate Free (1.5 oz)</p><p>$30.00 ($20.00 / Fl Oz)</p><a href="https://www.amazon.com/dp/B01MFXDAL8?tag=eloabder-20&linkCode=osi&th=1&psc=1">View Product</a></div><div class="product"><a href="https://www.amazon.com/dp/B005DYJZ7M?tag=eloabder-20&linkCode=osi&th=1&psc=1"><img src="https://m.media-amazon.com/images/I/51NE8LO8FaL._SL500_.jpg" alt="Product Image"></a><p>OGX Extra Strength Argan Oil Hair Treatment, 3.3 fl oz - Deep Moisturizing Serum for Dry, Damaged & Coarse Hair, Paraben & Sulfate-Free</p><p>$7.97 ($2.42 / Fl Oz)</p><a href="https://www.amazon.com/dp/B005DYJZ7M?tag=eloabder-20&linkCode=osi&th=1&psc=1">View Product</a></div><div class="product"><a href="https://www.amazon.com/dp/B000V8MTIC?tag=eloabder-20&linkCode=osi&th=1&psc=1"><img src="https://m.media-amazon.com/images/I/41Y-cvRBYHL._SL500_.jpg" alt="Product Image"></a><p>Wild Growth Hair Oil 4 Oz</p><p>$9.44 ($2.36 / Fl Oz)</p><a href="https://www.amazon.com/dp/B000V8MTIC?tag=eloabder-20&linkCode=osi&th=1&psc=1">View Product</a></div><div class="product"><a href="https://www.amazon.com/dp/B0CNFF26B4?tag=eloabder-20&linkCode=osi&th=1&psc=1"><img src="https://m.media-amazon.com/images/I/61IXl4BycFL._SL500_.jpg" alt="Product Image"></a><p>Nexxus Ultra Lightweight Hair Oil Repair & Nourish for Intense Nourishment with StyleProtect Technology & Rose of Jericho Oil 4 oz</p><p>$13.18 ($3.99 / Fl Oz)</p><a href="https://www.amazon.com/dp/B0CNFF26B4?tag=eloabder-20&linkCode=osi&th=1&psc=1">View Product</a></div><div class="product"><a href="https://www.amazon.com/dp/B0D2RSCZBD?tag=eloabder-20&linkCode=osi&th=1&psc=1"><img src="https://m.media-amazon.com/images/I/41YHvQncEYL._SL500_.jpg" alt="Product Image"></a><p>Botanic Hearth 100% Pure Rosemary Oil For Hair Growth Infused With Biotin | Hair strengthening Treatment | Nourishing & Volumizing | With Jojoba Oil & Castor Oil | Non GMO Verified | 2 fl oz</p><p>$8.49 ($4.24 / Fl Oz)</p><a href="https://www.amazon.com/dp/B0D2RSCZBD?tag=eloabder-20&linkCode=osi&th=1&psc=1">View Product</a></div>
<div class="product"><a href="https://www.amazon.com/dp/B076FHJ3K5?tag=eloabder-20&linkCode=osi&th=1&psc=1"><img src="https://m.media-amazon.com/images/I/31QAqxeYpoL._SL500_.jpg" alt="Product Image"></a><p>Marc Anthony Leave-In Conditioner Spray & Detangler, Grow Long Biotin - Anti-Frizz Deep Conditioner For Split Ends & Breakage - Vitamin E, Caffeine & Ginseng for Curly, Dry & Damaged Hair</p><p>$7.67 ($0.91 / Fl Oz)</p><a href="https://www.amazon.com/dp/B076FHJ3K5?tag=eloabder-20&linkCode=osi&th=1&psc=1">View Product</a></div><div class="product"><a href="https://www.amazon.com/dp/B078PJCVSQ?tag=eloabder-20&linkCode=osi&th=1&psc=1"><img src="https://m.media-amazon.com/images/I/41emTjMLCbL._SL500_.jpg" alt="Product Image"></a><p>Garnier Fructis Sleek & Shine Leave-In Conditioning Cream for Frizzy, Dry Hair, Plant Keratin + Argan Oil, 10.2 Fl Oz, 2 Count (Packaging May Vary)</p><p>$8.69 ($4.34 / Count)</p><a href="https://www.amazon.com/dp/B078PJCVSQ?tag=eloabder-20&linkCode=osi&th=1&psc=1">View Product</a></div><div class="product"><a href="https://www.amazon.com/dp/B075PTHVKN?tag=eloabder-20&linkCode=osi&th=1&psc=1"><img src="https://m.media-amazon.com/images/I/41er29CRVVL._SL500_.jpg" alt="Product Image"></a><p>Mielle Organics Pomegranate & Honey Leave-In Conditioner, Moisturizing Curl Primer and Detangler, Repair Damage and Prevent Frizz, Treatment For Thick Curly Hair Type 4 Hair, 12-Fluid Ounces</p><p>$12.95 ($1.08 / Fl Oz)</p><a href="https://www.amazon.com/dp/B075PTHVKN?tag=eloabder-20&linkCode=osi&th=1&psc=1">View Product</a></div><div class="product"><a href="https://www.amazon.com/dp/B0BPR45NX4?tag=eloabder-20&linkCode=osi&th=1&psc=1"><img src="https://m.media-amazon.com/images/I/41ZvxMh2+ML._SL500_.jpg" alt="Product Image"></a><p>Mielle Organics Rosemary Mint Strengthening Leave-In Conditioner, Supports Hair Strength, Smooth Conditioner for Dry and Crinkled Hair, Weightless Hair Treatment</p><p>$9.97 ($0.83 / Fl Oz)</p><a href="https://www.amazon.com/dp/B0BPR45NX4?tag=eloabder-20&linkCode=osi&th=1&psc=1">View Product</a></div><div class="product"><a href="https://www.amazon.com/dp/B0899C98ZD?tag=eloabder-20&linkCode=osi&th=1&psc=1"><img src="https://m.media-amazon.com/images/I/3140FuOEnHL._SL500_.jpg" alt="Product Image"></a><p>Pureology Color Fanatic Leave-in Conditioner Hair Treatment Detangler Spray | Protects Hair Color From Fading | Heat Protectant | Vegan | 6.7 Fl Oz</p><p>$35.00 ($5.22 / Fl Oz)</p><a href="https://www.amazon.com/dp/B0899C98ZD?tag=eloabder-20&linkCode=osi&th=1&psc=1">View Product</a></div><div class="product"><a href="https://www.amazon.com/dp/B002FJ11UW?tag=eloabder-20&linkCode=osi&th=1&psc=1"><img src="https://m.media-amazon.com/images/I/31-cZPtTWFL._SL500_.jpg" alt="Product Image"></a><p>Tea Tree Hair and Body Moisturizer Leave-In Conditioner, Body Lotion, After-Shave Cream, For All Hair + Skin Types, 10.14 fl. oz.</p><p>$22.00 ($2.17 / Fl Oz)</p><a href="https://www.amazon.com/dp/B002FJ11UW?tag=eloabder-20&linkCode=osi&th=1&psc=1">View Product</a></div><div class="product"><a href="https://www.amazon.com/dp/B07B895KND?tag=eloabder-20&linkCode=osi&th=1&psc=1"><img src="https://m.media-amazon.com/images/I/21VKaJcT2wL._SL500_.jpg" alt="Product Image"></a><p>OUAI Leave In Conditioner & Heat Protectant Spray - Prime Hair for Style, Smooth Flyaways, Add Shine and Use as Detangling Spray - No Parabens, Sulfates or Phthalates (4.7 oz)</p><p>$29.99 ($6.38 / Ounce)</p><a href="https://www.amazon.com/dp/B07B895KND?tag=eloabder-20&linkCode=osi&th=1&psc=1">View Product</a></div><div class="product"><a href="https://www.amazon.com/dp/B09HN5ZF8C?tag=eloabder-20&linkCode=osi&th=1&psc=1"><img src="https://m.media-amazon.com/images/I/31p+j7QXuqL._SL500_.jpg" alt="Product Image"></a><p>L’Oréal Paris Sulfate Free Moisture 21-in-1 Leave-In Conditioner for Dry Hair, EverPure, 6.8 fl oz (Packaging May Vary)</p><p>$9.97 ($1.47 / Fl Oz)</p><a href="https://www.amazon.com/dp/B09HN5ZF8C?tag=eloabder-20&linkCode=osi&th=1&psc=1">View Product</a></div><div class="product"><a href="https://www.amazon.com/dp/B07NQLWYXW?tag=eloabder-20&linkCode=osi&th=1&psc=1"><img src="https://m.media-amazon.com/images/I/61gQFsuQ1DL._SL500_.jpg" alt="Product Image"></a><p>SheaMoisture Jamaican Black Castor Oil Leave In Conditioner For Damaged Hair 100% Pure Jamaican Black Castor Oil To Soften And Detangle Hair 11.5oz</p><p>$10.97 ($0.95 / Ounce)</p><a href="https://www.amazon.com/dp/B07NQLWYXW?tag=eloabder-20&linkCode=osi&th=1&psc=1">View Product</a></div><div class="product"><a href="https://www.amazon.com/dp/B01LTIAUAG?tag=eloabder-20&linkCode=osi&th=1&psc=1"><img src="https://m.media-amazon.com/images/I/414cIBskUjL._SL500_.jpg" alt="Product Image"></a><p>Cantu Leave-In Conditioning Repair Cream with Argan Oil, 16 oz (Packaging May Vary)</p><p>$6.48 ($0.40 / Ounce)</p><a href="https://www.amazon.com/dp/B01LTIAUAG?tag=eloabder-20&linkCode=osi&th=1&psc=1">View Product</a></div>
<div class="product"><a href="https://www.amazon.com/dp/B00ID1A5TO?tag=eloabder-20&linkCode=osi&th=1&psc=1"><img src="https://m.media-amazon.com/images/I/31QKv7QMILL._SL500_.jpg" alt="Product Image"></a><p>L'Oréal Paris Advanced Hairstyle Sleek It Iron Straight Heat Spray, 5.7 Ounce</p><p>$6.97 ($1.22 / Fl Oz)</p><a href="https://www.amazon.com/dp/B00ID1A5TO?tag=eloabder-20&linkCode=osi&th=1&psc=1">View Product</a></div><div class="product"><a href="https://www.amazon.com/dp/B075FBD7CM?tag=eloabder-20&linkCode=osi&th=1&psc=1"><img src="https://m.media-amazon.com/images/I/31DT9mg1TBL._SL500_.jpg" alt="Product Image"></a><p>Moroccanoil Perfect Defense Heat Protectant, 6 Fl. Oz.</p><p>$30.00 ($5.00 / Ounce)</p><a href="https://www.amazon.com/dp/B075FBD7CM?tag=eloabder-20&linkCode=osi&th=1&psc=1">View Product</a></div><div class="product"><a href="https://www.amazon.com/dp/B004452DPM?tag=eloabder-20&linkCode=osi&th=1&psc=1"><img src="https://m.media-amazon.com/images/I/31+Syj8lOHL._SL500_.jpg" alt="Product Image"></a><p>CHI 44 Iron Guard Thermal Protection Spray, Nourishing Formula Helps Resist Heat Damage to Hair & Tame Frizz, 2 Oz</p><p>$6.99 ($3.50 / Fl Oz)</p><a href="https://www.amazon.com/dp/B004452DPM?tag=eloabder-20&linkCode=osi&th=1&psc=1">View Product</a></div><div class="product"><a href="https://www.amazon.com/dp/B0752KMDQB?tag=eloabder-20&linkCode=osi&th=1&psc=1"><img src="https://m.media-amazon.com/images/I/31kygOyDdnL._SL500_.jpg" alt="Product Image"></a><p>Mielle Mongongo Oil Thermal & Heat Protectant Spray, Protects Hair from Heat Damage, Intense Heat Defense, Curl Pattern Protection, Safe for All Hair Types, 4 Ounce</p><p>$9.97 ($2.49 / Fl Oz)</p><a href="https://www.amazon.com/dp/B0752KMDQB?tag=eloabder-20&linkCode=osi&th=1&psc=1">View Product</a></div><div class="product"><a href="https://www.amazon.com/dp/B06XFVBVQ5?tag=eloabder-20&linkCode=osi&th=1&psc=1"><img src="https://m.media-amazon.com/images/I/31kIW3-nG0L._SL500_.jpg" alt="Product Image"></a><p>Eva NYC Mane Magic 10-in-1 Primer, Heat Protectant for Hair, Infused with Sunflower Seed and Argan Oil for Hair, Sulfate, Paraben & Phthalate Free, 5.4 fl oz</p><p>$12.57 ($2.33 / Fl Oz)</p><a href="https://www.amazon.com/dp/B06XFVBVQ5?tag=eloabder-20&linkCode=osi&th=1&psc=1">View Product</a></div><div class="product"><a href="https://www.amazon.com/dp/B08HDS8GW1?tag=eloabder-20&linkCode=osi&th=1&psc=1"><img src="https://m.media-amazon.com/images/I/317MYEuzMbS._SL500_.jpg" alt="Product Image"></a><p>L'Oreal Paris Elvive Dream Lengths Heat Slayer Pre-Iron Spray Leave-In, 4.4 Ounce</p><p>$7.97 ($1.81 / Fl Oz)</p><a href="https://www.amazon.com/dp/B08HDS8GW1?tag=eloabder-20&linkCode=osi&th=1&psc=1">View Product</a></div><div class="product"><a href="https://www.amazon.com/dp/B0CX6M8B71?tag=eloabder-20&linkCode=osi&th=1&psc=1"><img src="https://m.media-amazon.com/images/I/21VMI5jkDHL._SL500_.jpg" alt="Product Image"></a><p>Hairitage Heat Protectant Spray - Up to 450 Degree Protection + Hydrates + Strengthens Hair - For All Hair Types</p><p>$8.94 ($1.49 / Fl Oz)</p><a href="https://www.amazon.com/dp/B0CX6M8B71?tag=eloabder-20&linkCode=osi&th=1&psc=1">View Product</a></div><div class="product"><a href="https://www.amazon.com/dp/B07H3GCMFG?tag=eloabder-20&linkCode=osi&th=1&psc=1"><img src="https://m.media-amazon.com/images/I/41OXeqapQaL._SL500_.jpg" alt="Product Image"></a><p>amika blockade heat defense serum , 1.69 Fl Oz (Pack of 1)</p><p>$28.00 ($16.47 / Ounce)</p><a href="https://www.amazon.com/dp/B07H3GCMFG?tag=eloabder-20&linkCode=osi&th=1&psc=1">View Product</a></div><div class="product"><a href="https://www.amazon.com/dp/B07HCMHVCW?tag=eloabder-20&linkCode=osi&th=1&psc=1"><img src="https://m.media-amazon.com/images/I/315xZEjPlJS._SL500_.jpg" alt="Product Image"></a><p>Drybar Hot Toddy Heat Protectant Mist Blanc Scent - Full Size| Lightweight Heat Protectant for Hair protects from Heat & Styling with Curling, Straightening and Styling Irons</p><p>$29.00 ($6.30 / Ounce)</p><a href="https://www.amazon.com/dp/B07HCMHVCW?tag=eloabder-20&linkCode=osi&th=1&psc=1">View Product</a></div><div class="product"><a href="https://www.amazon.com/dp/B0CN9N41R2?tag=eloabder-20&linkCode=osi&th=1&psc=1"><img src="https://m.media-amazon.com/images/I/61Y+AIRsnNL._SL500_.jpg" alt="Product Image"></a><p>Nexxus Heat Defense Spray Prep & Protect for 450 degree heat protection, with StyleProtect Technology 6 oz</p><p>$13.64 ($2.27 / Fl Oz)</p><a href="https://www.amazon.com/dp/B0CN9N41R2?tag=eloabder-20&linkCode=osi&th=1&psc=1">View Product</a></div>
<div class="product"><a href="https://www.amazon.com/dp/B000YACKO0?tag=eloabder-20&linkCode=osi&th=1&psc=1"><img src="https://m.media-amazon.com/images/I/21G1pDllGdL._SL500_.jpg" alt="Product Image"></a><p>Kenra Professional Volume Spray 25 50% | Super Hold Finishing & Styling Hairspray | Flake-free & Fast-drying | Wind & Humidity Resistance | All Hair Types | 10 oz</p><p>$22.00 ($2.20 / Ounce)</p><a href="https://www.amazon.com/dp/B000YACKO0?tag=eloabder-20&linkCode=osi&th=1&psc=1">View Product</a></div><div class="product"><a href="https://www.amazon.com/dp/B0010OKF7S?tag=eloabder-20&linkCode=osi&th=1&psc=1"><img src="https://m.media-amazon.com/images/I/21jbVg5zztL._SL500_.jpg" alt="Product Image"></a><p>Sebastian Professional Shaper 55%, Medium Hold Hairspray, 10.6 oz</p><p>$29.99 ($2.83 / Ounce)</p><a href="https://www.amazon.com/dp/B0010OKF7S?tag=eloabder-20&linkCode=osi&th=1&psc=1">View Product</a></div><div class="product"><a href="https://www.amazon.com/dp/B0CGRY5YJB?tag=eloabder-20&linkCode=osi&th=1&psc=1"><img src="https://m.media-amazon.com/images/I/61q0MszNOVL._SL500_.jpg" alt="Product Image"></a><p>TRESemmé Anti-Frizz Finishing Spray Keratin Smooth for a Flexible Hold, Weightless, 7 oz</p><p>$6.98 ($1.00 / Fl Oz)</p><a href="https://www.amazon.com/dp/B0CGRY5YJB?tag=eloabder-20&linkCode=osi&th=1&psc=1">View Product</a></div><div class="product"><a href="https://www.amazon.com/dp/B0872ZWJH2?tag=eloabder-20&linkCode=osi&th=1&psc=1"><img src="https://m.media-amazon.com/images/I/31O-aS4LJ+L._SL500_.jpg" alt="Product Image"></a><p>SexyHair Big Spray & Play Volumizing Hairspray, 10 Oz | Hold and Shine | Up to 72 Hour Humidity Resistance | All Hair Types</p><p>$21.94 ($2.19 / Ounce)</p><a href="https://www.amazon.com/dp/B0872ZWJH2?tag=eloabder-20&linkCode=osi&th=1&psc=1">View Product</a></div><div class="product"><a href="https://www.amazon.com/dp/B000GFWIOU?tag=eloabder-20&linkCode=osi&th=1&psc=1"><img src="https://m.media-amazon.com/images/I/31X7tgfzxQL._SL500_.jpg" alt="Product Image"></a><p>Nexxus Flexible Hold Hairspray Comb Thru for a Lightweight, Brushable Hold, with StyleProtect Technology 10 oz</p><p>$15.98 ($1.60 / Ounce)</p><a href="https://www.amazon.com/dp/B000GFWIOU?tag=eloabder-20&linkCode=osi&th=1&psc=1">View Product</a></div><div class="product"><a href="https://www.amazon.com/dp/B002RS6JSA?tag=eloabder-20&linkCode=osi&th=1&psc=1"><img src="https://m.media-amazon.com/images/I/31+Y7rEXSrL._SL500_.jpg" alt="Product Image"></a><p>CHI 44 Iron Guard Thermal Protection Spray, Nourishing Formula Helps Resist Heat Damage to Hair & Tame Frizz, Clear, 8 Oz</p><p>$13.99 ($1.75 / Fl Oz)</p><a href="https://www.amazon.com/dp/B002RS6JSA?tag=eloabder-20&linkCode=osi&th=1&psc=1">View Product</a></div>
<div class="product"><a href="https://www.amazon.com/dp/B08BTGSTB1?tag=eloabder-20&linkCode=osi&th=1&psc=1"><img src="https://m.media-amazon.com/images/I/41lgs8EMZoL._SL500_.jpg" alt="Product Image"></a><p>Dove Dry Shampoo Volume & Fullness 2 Count for Oily Hair for Refreshed Hair 5 oz</p><p>$13.98 ($1.40 / Ounce)</p><a href="https://www.amazon.com/dp/B08BTGSTB1?tag=eloabder-20&linkCode=osi&th=1&psc=1">View Product</a></div><div class="product"><a href="https://www.amazon.com/dp/B07H349CVV?tag=eloabder-20&linkCode=osi&th=1&psc=1"><img src="https://m.media-amazon.com/images/I/41NnJCW9t4L._SL500_.jpg" alt="Product Image"></a><p>amika Perk Up Dry Shampoo, 5.3 oz. (Pack of 1)</p><p>$28.00 ($5.28 / Ounce)</p><a href="https://www.amazon.com/dp/B07H349CVV?tag=eloabder-20&linkCode=osi&th=1&psc=1">View Product</a></div><div class="product"><a href="https://www.amazon.com/dp/B07KYXYFCH?tag=eloabder-20&linkCode=osi&th=1&psc=1"><img src="https://m.media-amazon.com/images/I/51XCqUPQ3kL._SL500_.jpg" alt="Product Image"></a><p>Batiste Dry Shampoo Original, Cherry, Blush, Tropical (4 pack) 6.73 oz</p><p>$18.40 ($0.68 / Fl Oz )</p><a href="https://www.amazon.com/dp/B07KYXYFCH?tag=eloabder-20&linkCode=osi&th=1&psc=1">View Product</a></div><div class="product"><a href="https://www.amazon.com/dp/B00VXO5RPK?tag=eloabder-20&linkCode=osi&th=1&psc=1"><img src="https://m.media-amazon.com/images/I/31PdfHcw8KL._SL500_.jpg" alt="Product Image"></a><p>Moroccanoil Dry Shampoo Light Tones, 5.4 Fl. Oz.</p><p>$26.00 ($3.77 / Fl Oz)</p><a href="https://www.amazon.com/dp/B00VXO5RPK?tag=eloabder-20&linkCode=osi&th=1&psc=1">View Product</a></div><div class="product"><a href="https://www.amazon.com/dp/B0CJMV7HLS?tag=eloabder-20&linkCode=osi&th=1&psc=1"><img src="https://m.media-amazon.com/images/I/31gMgsK04KL._SL500_.jpg" alt="Product Image"></a><p>Batiste Sweat Activated Dry Shampoo, Neutralizes Odor for Up to 24 Hours & Prevents Sweat Buildup in Hair, Waterless Shampoo, 3.81 Oz</p><p>$9.98 ($1.91 / Ounce)</p><a href="https://www.amazon.com/dp/B0CJMV7HLS?tag=eloabder-20&linkCode=osi&th=1&psc=1">View Product</a></div><div class="product"><a href="https://www.amazon.com/dp/B00GMP4ZN0?tag=eloabder-20&linkCode=osi&th=1&psc=1"><img src="https://m.media-amazon.com/images/I/51C9sFpjj0L._SL500_.jpg" alt="Product Image"></a><p>Batiste Shampoo Dry Fresh 6.73 Ounce (199ml) (3 Pack)</p><p>$14.21 ($0.74 / Fl Oz)</p><a href="https://www.amazon.com/dp/B00GMP4ZN0?tag=eloabder-20&linkCode=osi&th=1&psc=1">View Product</a></div><div class="product"><a href="https://www.amazon.com/dp/B008CYGSZC?tag=eloabder-20&linkCode=osi&th=1&psc=1"><img src="https://m.media-amazon.com/images/I/41FmX163QeL._SL500_.jpg" alt="Product Image"></a><p>Batiste 3 Piece Dry Shampoo Set, Original</p><p>$18.21 ($0.90 / Fl Oz)</p><a href="https://www.amazon.com/dp/B008CYGSZC?tag=eloabder-20&linkCode=osi&th=1&psc=1">View Product</a></div><div class="product"><a href="https://www.amazon.com/dp/B08NRH5DNR?tag=eloabder-20&linkCode=osi&th=1&psc=1"><img src="https://m.media-amazon.com/images/I/511UJeCVLLL._SL500_.jpg" alt="Product Image"></a><p>Batiste Dry Shampoo Spray 4 Pack Variety Mix, Original Clean And Classic, and Tropical Fragrance, 2 Each 6.73 oz.</p><p>$18.64 ($0.69 / Fl Oz)</p><a href="https://www.amazon.com/dp/B08NRH5DNR?tag=eloabder-20&linkCode=osi&th=1&psc=1">View Product</a></div><div class="product"><a href="https://www.amazon.com/dp/B01IAFCTT6?tag=eloabder-20&linkCode=osi&th=1&psc=1"><img src="https://m.media-amazon.com/images/I/51Rqh61NzHL._SL500_.jpg" alt="Product Image"></a><p>Batiste Dry Shampoo, Dark & Deep Brown 6.73 oz (Pack of 3)</p><p>$15.88 ($0.79 / Fl Oz)</p><a href="https://www.amazon.com/dp/B01IAFCTT6?tag=eloabder-20&linkCode=osi&th=1&psc=1">View Product</a></div>
<div class="product"><a href="https://www.amazon.com/dp/B000TG63EW?tag=eloabder-20&linkCode=osi&th=1&psc=1"><img src="https://m.media-amazon.com/images/I/41B2S4r1G9L._SL500_.jpg" alt="Product Image"></a><p>Lottabody Coconut Oil and Shea Wrap Me Foaming Curl Mousse , Creates Soft Wraps, Hair Mousse for Curly Hair, Defines Curls, Anti Frizz, 7 Fl Oz</p><p>$3.98 ($0.57 / Fl Oz)</p><a href="https://www.amazon.com/dp/B000TG63EW?tag=eloabder-20&linkCode=osi&th=1&psc=1">View Product</a></div><div class="product"><a href="https://www.amazon.com/dp/B00147QL8S?tag=eloabder-20&linkCode=osi&th=1&psc=1"><img src="https://m.media-amazon.com/images/I/31GMX6DGyRL._SL500_.jpg" alt="Product Image"></a><p>Kenra Professional Volume Mousse Extra 17 | Firm Hold Mousse | All Hair Types | 8 oz</p><p>$21.00 ($2.62 / Ounce)</p><a href="https://www.amazon.com/dp/B00147QL8S?tag=eloabder-20&linkCode=osi&th=1&psc=1">View Product</a></div><div class="product"><a href="https://www.amazon.com/dp/B07NQCBRK3?tag=eloabder-20&linkCode=osi&th=1&psc=1"><img src="https://m.media-amazon.com/images/I/61ITio7v1qL._SL500_.jpg" alt="Product Image"></a><p>SheaMoisture Curl Mousse Coconut and Hibiscus for Frizz Control Styling Mousse with Shea Butter 7.5 oz</p><p>$10.97 ($1.46 / Fl Oz)</p><a href="https://www.amazon.com/dp/B07NQCBRK3?tag=eloabder-20&linkCode=osi&th=1&psc=1">View Product</a></div><div class="product"><a href="https://www.amazon.com/dp/B0009OMNQQ?tag=eloabder-20&linkCode=osi&th=1&psc=1"><img src="https://m.media-amazon.com/images/I/21BMUFOie3L._SL500_.jpg" alt="Product Image"></a><p>Paul Mitchell Extra-Body Sculpting Foam, Thickens + Builds Body, For Fine Hair, 6.7 oz.</p><p>$16.50 ($2.46 / Fl Oz)</p><a href="https://www.amazon.com/dp/B0009OMNQQ?tag=eloabder-20&linkCode=osi&th=1&psc=1">View Product</a></div>
<div class="product"><a href="https://www.amazon.com/dp/B0050N4DLE?tag=eloabder-20&linkCode=osi&th=1&psc=1"><img src="https://m.media-amazon.com/images/I/31-lmMmL35L._SL500_.jpg" alt="Product Image"></a><p>Garnier Fructis Style Pure Clean Styling Gel 6.8 Fl Oz, 1 Count, (Packaging May Vary)</p><p>$4.49 ($0.66 / Fl Oz)</p><a href="https://www.amazon.com/dp/B0050N4DLE?tag=eloabder-20&linkCode=osi&th=1&psc=1">View Product</a></div><div class="product"><a href="https://www.amazon.com/dp/B0CGRY2LBD?tag=eloabder-20&linkCode=osi&th=1&psc=1"><img src="https://m.media-amazon.com/images/I/31LifKXZKyL._SL500_.jpg" alt="Product Image"></a><p>TRESemmé Hair Gel Ultra Hold No Crunch 24H Frizz Control Alcohol-Free 9 oz</p><p>$6.98 ($0.13 / Fl Oz)</p><a href="https://www.amazon.com/dp/B0CGRY2LBD?tag=eloabder-20&linkCode=osi&th=1&psc=1">View Product</a></div><div class="product"><a href="https://www.amazon.com/dp/B0058YD85W?tag=eloabder-20&linkCode=osi&th=1&psc=1"><img src="https://m.media-amazon.com/images/I/31JUO8eAnvL._SL500_.jpg" alt="Product Image"></a><p>Wetline Xtreme Pro-Expert Styling Gel 15.87 Ounce (450g) (Pack of 1)</p><p>$7.19 ($0.46 / Ounce)</p><a href="https://www.amazon.com/dp/B0058YD85W?tag=eloabder-20&linkCode=osi&th=1&psc=1">View Product</a></div><div class="product"><a href="https://www.amazon.com/dp/B000141PYK?tag=eloabder-20&linkCode=osi&th=1&psc=1"><img src="https://m.media-amazon.com/images/I/31yPG0NXNpL._SL500_.jpg" alt="Product Image"></a><p>Paul Mitchell Extra-Body Sculpting Gel, Thickens + Builds Body, For Fine Hair, 6.8 fl. oz.</p><p>$15.00 ($2.21 / Fl Oz)</p><a href="https://www.amazon.com/dp/B000141PYK?tag=eloabder-20&linkCode=osi&th=1&psc=1">View Product</a></div><div class="product"><a href="https://www.amazon.com/dp/B07K3NC8J9?tag=eloabder-20&linkCode=osi&th=1&psc=1"><img src="https://m.media-amazon.com/images/I/41Ycur-KxBL._SL500_.jpg" alt="Product Image"></a><p>Aussie Instant Freeze Sculpting Hair Gel, Maximum Hold, No Flaking, Long-Lasting, with Jojoba Oil, Sea Kelp, Australian Aloe, Frizz Control, Citrus Floral Scent, 7 Fl Oz Triple Pack</p><p>$14.91 ($0.71 / Ounce)</p><a href="https://www.amazon.com/dp/B07K3NC8J9?tag=eloabder-20&linkCode=osi&th=1&psc=1">View Product</a></div><div class="product"><a href="https://www.amazon.com/dp/B005JT5XLI?tag=eloabder-20&linkCode=osi&th=1&psc=1"><img src="https://m.media-amazon.com/images/I/51wQAASQf5L._SL500_.jpg" alt="Product Image"></a><p>L.A. LOOKS SPORT XTRME HLD GEL 20 OZ (Pack of 3)</p><p>$16.49 ($0.27 / Ounce)</p><a href="https://www.amazon.com/dp/B005JT5XLI?tag=eloabder-20&linkCode=osi&th=1&psc=1">View Product</a></div><div class="product"><a href="https://www.amazon.com/dp/B00G5LLLD8?tag=eloabder-20&linkCode=osi&th=1&psc=1"><img src="https://m.media-amazon.com/images/I/31sxB8opm8L._SL500_.jpg" alt="Product Image"></a><p>American Crew Men's Hair Gel, Firm Hold, Non-Flaking Styling Gel, 3.3 Fl Oz</p><p>$7.44 ($2.25 / Fl Oz)</p><a href="https://www.amazon.com/dp/B00G5LLLD8?tag=eloabder-20&linkCode=osi&th=1&psc=1">View Product</a></div><div class="product"><a href="https://www.amazon.com/dp/B005659H3U?tag=eloabder-20&linkCode=osi&th=1&psc=1"><img src="https://m.media-amazon.com/images/I/318nG1CHFEL._SL500_.jpg" alt="Product Image"></a><p>JOHNNY B. Mode Hair Styling Gel for Men, Alcohol-Free, Water Soluble 16 oz.</p><p>$21.00 ($1.31 / Ounce)</p><a href="https://www.amazon.com/dp/B005659H3U?tag=eloabder-20&linkCode=osi&th=1&psc=1">View Product</a></div><div class="product"><a href="https://www.amazon.com/dp/B09QRVMW6M?tag=eloabder-20&linkCode=osi&th=1&psc=1"><img src="https://m.media-amazon.com/images/I/41zHCW2h4eL._SL500_.jpg" alt="Product Image"></a><p>Got2B Ultra Glued Invincible Styling Gel 2 - 6 oz tubes + 1 Travel 1.25 oz tube</p><p>$14.99</p><a href="https://www.amazon.com/dp/B09QRVMW6M?tag=eloabder-20&linkCode=osi&th=1&psc=1">View Product</a></div>
<div class="product"><a href="https://www.amazon.com/dp/B0065JCV84?tag=eloabder-20&linkCode=osi&th=1&psc=1"><img src="https://m.media-amazon.com/images/I/41rZBkLMn0L._SL500_.jpg" alt="Product Image"></a><p>Suavecito Pomade Original For Men 4 oz, 1 Pack - Medium Shine Water Based Wax Like Flake Free Hair Gel - Easy To Wash Out - All Day Hold For All Hairstyles</p><p>$14.99 ($3.75 / Ounce)</p><a href="https://www.amazon.com/dp/B0065JCV84?tag=eloabder-20&linkCode=osi&th=1&psc=1">View Product</a></div><div class="product"><a href="https://www.amazon.com/dp/B017S3LX8O?tag=eloabder-20&linkCode=osi&th=1&psc=1"><img src="https://m.media-amazon.com/images/I/41h6iIXYOPL._SL500_.jpg" alt="Product Image"></a><p>Suavecito Pomade Firme (Strong) Hold 4 Oz, 1 Pack - Strong Hold Hair Pomade For Men - Medium Shine Water Based Flake Free Hair Gel - Easy To Wash Out - All Day Hold For All Hair Styles</p><p>$14.99 ($3.75 / Ounce)</p><a href="https://www.amazon.com/dp/B017S3LX8O?tag=eloabder-20&linkCode=osi&th=1&psc=1">View Product</a></div><div class="product"><a href="https://www.amazon.com/dp/B0BQCWB8V7?tag=eloabder-20&linkCode=osi&th=1&psc=1"><img src="https://m.media-amazon.com/images/I/4143k5192bL._SL500_.jpg" alt="Product Image"></a><p>American Crew Men's Hair Pomade, Like Hair Gel with Medium Hold & High Shine, Travel Size, 1.7 oz (Pack of 1)</p><p>$8.97 ($5.28 / Ounce)</p><a href="https://www.amazon.com/dp/B0BQCWB8V7?tag=eloabder-20&linkCode=osi&th=1&psc=1">View Product</a></div><div class="product"><a href="https://www.amazon.com/dp/B0795YQ8H6?tag=eloabder-20&linkCode=osi&th=1&psc=1"><img src="https://m.media-amazon.com/images/I/41vJ820SsTL._SL500_.jpg" alt="Product Image"></a><p>Redken Brews Cream Pomade For Men | Men's Hair Styling Pomade | Medium Hold | Natural, Smooth Finish With Low Shine | For All Men Hair Types | Water-Based Pomade | 3.4 Oz</p><p>$21.00 ($6.18 / Fl Oz)</p><a href="https://www.amazon.com/dp/B0795YQ8H6?tag=eloabder-20&linkCode=osi&th=1&psc=1">View Product</a></div><div class="product"><a href="https://www.amazon.com/dp/B06WGRLTCV?tag=eloabder-20&linkCode=osi&th=1&psc=1"><img src="https://m.media-amazon.com/images/I/41Vt6GFHvkL._SL500_.jpg" alt="Product Image"></a><p>Suavecito Pomade Matte (No Shine) Formula 4 oz, 1 Pack - Medium Hold Hair Pomade For Men - Matte Hair Paste For Natural Texture Hairstyles</p><p>$14.99 ($3.75 / Ounce)</p><a href="https://www.amazon.com/dp/B06WGRLTCV?tag=eloabder-20&linkCode=osi&th=1&psc=1">View Product</a></div><div class="product"><a href="https://www.amazon.com/dp/B000MIKEZQ?tag=eloabder-20&linkCode=osi&th=1&psc=1"><img src="https://m.media-amazon.com/images/I/31IDWF0mvVL._SL500_.jpg" alt="Product Image"></a><p>Baxter of California Clay Pomade Firm Hold / Matte Finish Hair Pomade for Men and Women, Perfect for Texturizing Straight or Wavy Hair - 2 Ounces</p><p>$23.00 ($11.50 / Ounce)</p><a href="https://www.amazon.com/dp/B000MIKEZQ?tag=eloabder-20&linkCode=osi&th=1&psc=1">View Product</a></div><div class="product"><a href="https://www.amazon.com/dp/B0BZT8JYSR?tag=eloabder-20&linkCode=osi&th=1&psc=1"><img src="https://m.media-amazon.com/images/I/41eu30KFgXL._SL500_.jpg" alt="Product Image"></a><p>Highland Glacial Hair Clay Pomade - Award winning hair styling clay for men and women made with 100% all natural and organic ingredients that promote hair and scalp health. Low shine, Medium Hold.</p><p>$28.00 ($13.33 / Ounce)</p><a href="https://www.amazon.com/dp/B0BZT8JYSR?tag=eloabder-20&linkCode=osi&th=1&psc=1">View Product</a></div><div class="product"><a href="https://www.amazon.com/dp/B07MG7LY8X?tag=eloabder-20&linkCode=osi&th=1&psc=1"><img src="https://m.media-amazon.com/images/I/41oMBXaZoNL._SL500_.jpg" alt="Product Image"></a><p>Firsthand Supply Clay Pomade - Clean & Non-toxic Hair Care Ingredients - Long Lasting & Easy to Restyle - 3oz (88ml)</p><p>$28.00 ($9.33 / Ounce)</p><a href="https://www.amazon.com/dp/B07MG7LY8X?tag=eloabder-20&linkCode=osi&th=1&psc=1">View Product</a></div><div class="product"><a href="https://www.amazon.com/dp/B0BQCT5HZ1?tag=eloabder-20&linkCode=osi&th=1&psc=1"><img src="https://m.media-amazon.com/images/I/51k0sUjeq-L._SL500_.jpg" alt="Product Image"></a><p>American Crew Men's Hair Pomade, Like Hair Gel with Heavy Hold & High Shine, 3 Oz (Pack of 1)</p><p>$13.69 ($4.56 / Ounce)</p><a href="https://www.amazon.com/dp/B0BQCT5HZ1?tag=eloabder-20&linkCode=osi&th=1&psc=1">View Product</a></div>

<div class="product"><a href="https://www.amazon.com/dp/B08GSTPT8Y?tag=eloabder-20&linkCode=osi&th=1&psc=1"><img src="https://m.media-amazon.com/images/I/41sX+hKcbML._SL500_.jpg" alt="Product Image"></a><p>AOA Studio Collection makeup Sponge Set Latex Free and High-definition Set of 6 makeup Wonder blender For Powder Cream and Liquid, Super Soft Wonder Beauty Cosmetic</p><p>$9.95 ($1.66 / Count)</p><a href="https://www.amazon.com/dp/B08GSTPT8Y?tag=eloabder-20&linkCode=osi&th=1&psc=1">View Product</a></div><div class="product"><a href="https://www.amazon.com/dp/B0CJFFR574?tag=eloabder-20&linkCode=osi&th=1&psc=1"><img src="https://m.media-amazon.com/images/I/41nkQ05yLcL._SL500_.jpg" alt="Product Image"></a><p>SUNGBOON EDITOR Deep Collagen Overnight Mask 37gx4ea | The real collagen 2,160,000ppb | Facial Hydrogel Masks with low molecular weight collagen for elasticity, firming, and moisturizing</p><p>$19.00 ($4.75 / Count)</p><a href="https://www.amazon.com/dp/B0CJFFR574?tag=eloabder-20&linkCode=osi&th=1&psc=1">View Product</a></div><div class="product"><a href="https://www.amazon.com/dp/B0C4H1GPG1?tag=eloabder-20&linkCode=osi&th=1&psc=1"><img src="https://m.media-amazon.com/images/I/41jyzyKyY2L._SL500_.jpg" alt="Product Image"></a><p>BEAKEY Latex Free Blender Makeup Sponge for Blending, Pink Makeup Sponge Set, Soft Beauty Sponge, for Flawless Application of Liquid, Cream, and Powder Cosmetics, Pink Makeup Gifts</p><p>$6.99 ($1.40 / Count)</p><a href="https://www.amazon.com/dp/B0C4H1GPG1?tag=eloabder-20&linkCode=osi&th=1&psc=1">View Product</a></div><div class="product"><a href="https://www.amazon.com/dp/B0B45LL4DD?tag=eloabder-20&linkCode=osi&th=1&psc=1"><img src="https://m.media-amazon.com/images/I/31ZNIWikbtL._SL500_.jpg" alt="Product Image"></a><p>Beauty of Joseon Revive Eye Serum with Retinal Niacinamide Correction for Puffy Eye Bags Fine Lines Dark Circles Wrinkles, Korean Skin Care 30ml, 1 fl.oz</p><p>$14.93 ($14.93 / Fl Oz)</p><a href="https://www.amazon.com/dp/B0B45LL4DD?tag=eloabder-20&linkCode=osi&th=1&psc=1">View Product</a></div><div class="product"><a href="https://www.amazon.com/dp/B00PBX3L7K?tag=eloabder-20&linkCode=osi&th=1&psc=1"><img src="https://m.media-amazon.com/images/I/31OiAm-FA8L._SL500_.jpg" alt="Product Image"></a><p>COSRX Snail Mucin 96% Power Repairing Essence 3.38 fl.oz 100ml, Hydrating Serum for Face with Snail Secretion Filtrate for Dull Skin & Fine Lines, Korean Skincare</p><p>$14.50 ($4.29 / Fl Oz)</p><a href="https://www.amazon.com/dp/B00PBX3L7K?tag=eloabder-20&linkCode=osi&th=1&psc=1">View Product</a></div><div class="product"><a href="https://www.amazon.com/dp/B00QPNVC0I?tag=eloabder-20&linkCode=osi&th=1&psc=1"><img src="https://m.media-amazon.com/images/I/31wV3gYUEpL._SL500_.jpg" alt="Product Image"></a><p>Real Techniques Miracle Complexion Sponge Set Duo, 2 Makeup Sponges For Liquid & Cream Makeup, Makeup Blender Sponge For Buildable Coverage, Foundation Sponge For Natural, Dewy Base, Latex-Free Foam</p><p>$7.69 ($3.84 / Count)</p><a href="https://www.amazon.com/dp/B00QPNVC0I?tag=eloabder-20&linkCode=osi&th=1&psc=1">View Product</a></div><div class="product"><a href="https://www.amazon.com/dp/B0CZYJYX4Q?tag=eloabder-20&linkCode=osi&th=1&psc=1"><img src="https://m.media-amazon.com/images/I/31hNatkE-9L._SL500_.jpg" alt="Product Image"></a><p>LANEIGE Lip Glowy Balm Mango: Hydrate, Glossy, Lightweight, Moisturize & Tint with Shea Butter</p><p>$19.00 ($54.29 / Ounce)</p><a href="https://www.amazon.com/dp/B0CZYJYX4Q?tag=eloabder-20&linkCode=osi&th=1&psc=1">View Product</a></div><div class="product"><a href="https://www.amazon.com/dp/B0CXQR14J3?tag=eloabder-20&linkCode=osi&th=1&psc=1"><img src="https://m.media-amazon.com/images/I/31RRaB6c+JL._SL500_.jpg" alt="Product Image"></a><p>e.l.f. Power Grip Dewy Setting Spray, Ultra Fine Mist Made With Hyaluronic Acid, Grips Makeup For A Hydrated, Dewy Finish, Vegan & Cruelty-Free</p><p>$10.00 ($3.70 / Fl Oz)</p><a href="https://www.amazon.com/dp/B0CXQR14J3?tag=eloabder-20&linkCode=osi&th=1&psc=1">View Product</a></div><div class="product"><a href="https://www.amazon.com/dp/B0CZF2T7CK?tag=eloabder-20&linkCode=osi&th=1&psc=1"><img src="https://m.media-amazon.com/images/I/41nBLpIw8wL._SL500_.jpg" alt="Product Image"></a><p>L'Oreal Paris Infallible 3-Second Setting Spray Mist, Microfine Mist for up to 36HR Wear, Clear, 1.76 Fl Oz</p><p>$10.98</p><a href="https://www.amazon.com/dp/B0CZF2T7CK?tag=eloabder-20&linkCode=osi&th=1&psc=1">View Product</a></div>
<div class="product"><a href="https://www.amazon.com/dp/B0D3JDYWZ6?tag=eloabder-20&linkCode=osi&th=1&psc=1"><img src="https://m.media-amazon.com/images/I/41c+v1LLXzL._SL500_.jpg" alt="Product Image"></a><p>e.l.f. Soft Glam Foundation, Medium Coverage, Long-Lasting & Buildable Foundation For A Smooth, Satin Finish, Vegan & Cruelty-Free, 31 Medium Neutral</p><p>$7.99</p><a href="https://www.amazon.com/dp/B0D3JDYWZ6?tag=eloabder-20&linkCode=osi&th=1&psc=1">View Product</a></div><div class="product"><a href="https://www.amazon.com/dp/B00PFCSURS?tag=eloabder-20&linkCode=osi&th=1&psc=1"><img src="https://m.media-amazon.com/images/I/41v54YdLHSL._SL500_.jpg" alt="Product Image"></a><p>Maybelline Fit Me Matte + Poreless Liquid Oil-Free Foundation Makeup, Natural Beige, 1 Count (Packaging May Vary)</p><p>$9.99</p><a href="https://www.amazon.com/dp/B00PFCSURS?tag=eloabder-20&linkCode=osi&th=1&psc=1">View Product</a></div><div class="product"><a href="https://www.amazon.com/dp/B07DFK238H?tag=eloabder-20&linkCode=osi&th=1&psc=1"><img src="https://m.media-amazon.com/images/I/31mAhNJ+4hL._SL500_.jpg" alt="Product Image"></a><p>e.l.f. Flawless Finish Foundation, Lightweight & Medium Coverage, Semi-Matte Finish, Light Ivory, 0.68 Fl Oz (20mL)</p><p>$6.00</p><a href="https://www.amazon.com/dp/B07DFK238H?tag=eloabder-20&linkCode=osi&th=1&psc=1">View Product</a></div><div class="product"><a href="https://www.amazon.com/dp/B01ACPW1SG?tag=eloabder-20&linkCode=osi&th=1&psc=1"><img src="https://m.media-amazon.com/images/I/41aIRzbHxNL._SL500_.jpg" alt="Product Image"></a><p>CoverGirl & Olay Simply Ageless 3-in-1 Liquid Foundation, Matte Finish, Hyaluronic & Vitamin C Formula, Cruelty Free, Classic Ivory, 1 Count</p><p>$10.49</p><a href="https://www.amazon.com/dp/B01ACPW1SG?tag=eloabder-20&linkCode=osi&th=1&psc=1">View Product</a></div><div class="product"><a href="https://www.amazon.com/dp/B000IEMGGE?tag=eloabder-20&linkCode=osi&th=1&psc=1"><img src="https://m.media-amazon.com/images/I/41RtSkNmHSL._SL500_.jpg" alt="Product Image"></a><p>LAURA GELLER NEW YORK Award-Winning Baked Balance-n-Brighten Color Correcting Powder Foundation - Fair - Buildable Light to Medium Coverage - Demi-Matte Natural Finish</p><p>$22.13</p><a href="https://www.amazon.com/dp/B000IEMGGE?tag=eloabder-20&linkCode=osi&th=1&psc=1">View Product</a></div><div class="product"><a href="https://www.amazon.com/dp/B0BCH5WVW6?tag=eloabder-20&linkCode=osi&th=1&psc=1"><img src="https://m.media-amazon.com/images/I/31wajekqpGL._SL500_.jpg" alt="Product Image"></a><p>L'Oreal Paris True Match Super-Blendable Foundation, Medium Coverage Liquid Foundation Makeup, N4, Light Medium, 1 Fl Oz</p><p>$9.97</p><a href="https://www.amazon.com/dp/B0BCH5WVW6?tag=eloabder-20&linkCode=osi&th=1&psc=1">View Product</a></div><div class="product"><a href="https://www.amazon.com/dp/B07MWSP8SG?tag=eloabder-20&linkCode=osi&th=1&psc=1"><img src="https://m.media-amazon.com/images/I/31B37fmqI7L._SL500_.jpg" alt="Product Image"></a><p>e.l.f. Flawless Finish Foundation, Improves Uneven Skin Tone, Lightweight, Medium Coverage & Semi-Matte, Vegan & Cruelty-Free, Beige 0.67 Fl Oz</p><p>$6.00</p><a href="https://www.amazon.com/dp/B07MWSP8SG?tag=eloabder-20&linkCode=osi&th=1&psc=1">View Product</a></div><div class="product"><a href="https://www.amazon.com/dp/B091D8BXSQ?tag=eloabder-20&linkCode=osi&th=1&psc=1"><img src="https://m.media-amazon.com/images/I/31ktknDTqTL._SL500_.jpg" alt="Product Image"></a><p>L'Oreal Paris True Match Nude Hyaluronic Tinted Serum Foundation with 1% Hyaluronic acid, Light 2-3, 1 fl. oz.</p><p>$15.18</p><a href="https://www.amazon.com/dp/B091D8BXSQ?tag=eloabder-20&linkCode=osi&th=1&psc=1">View Product</a></div><div class="product"><a href="https://www.amazon.com/dp/B07Z9WBHXK?tag=eloabder-20&linkCode=osi&th=1&psc=1"><img src="https://m.media-amazon.com/images/I/31c2z97BuBL._SL500_.jpg" alt="Product Image"></a><p>L'Oreal Paris Age Perfect Radiant Serum Foundation with SPF 50, Ivory, 1 fl. oz.</p><p>$14.17</p><a href="https://www.amazon.com/dp/B07Z9WBHXK?tag=eloabder-20&linkCode=osi&th=1&psc=1">View Product</a></div><div class="product"><a href="https://www.amazon.com/dp/B09LCGN136?tag=eloabder-20&linkCode=osi&th=1&psc=1"><img src="https://m.media-amazon.com/images/I/4107EiwloYL._SL500_.jpg" alt="Product Image"></a><p>TIRTIR Mask Fit Red Cushion Foundation | Japan's No.1 Choice for Glass skin, Long-Lasting, Lightweight, Buildable Coverage, Semi-Matte (17C Porcelain, 0.63 Fl Oz (Pack of 1))</p><p>$25.00 ($39.68 / Fl Oz)</p><a href="https://www.amazon.com/dp/B09LCGN136?tag=eloabder-20&linkCode=osi&th=1&psc=1">View Product</a></div>
<div class="product"><a href="https://www.amazon.com/dp/B07Q9V4KMJ?tag=eloabder-20&linkCode=osi&th=1&psc=1"><img src="https://m.media-amazon.com/images/I/31pro1JWTCL._SL500_.jpg" alt="Product Image"></a><p>Maybelline Instant Age Rewind Eraser Dark Circles Treatment Multi-Use Concealer, 115, 1 Count (Packaging May Vary)</p><p>$8.42</p><a href="https://www.amazon.com/dp/B07Q9V4KMJ?tag=eloabder-20&linkCode=osi&th=1&psc=1">View Product</a></div><div class="product"><a href="https://www.amazon.com/dp/B07ZR14WBZ?tag=eloabder-20&linkCode=osi&th=1&psc=1"><img src="https://m.media-amazon.com/images/I/313ljymBVaL._SL500_.jpg" alt="Product Image"></a><p>e.l.f. Hydrating Camo Concealer, Lightweight, Full Coverage, Long Lasting, Conceals, Corrects, Covers, Hydrates, Highlights, Light Sand, Satin Finish, 25 Shades, All-Day Wear, 0.20 Fl Oz</p><p>$7.00</p><a href="https://www.amazon.com/dp/B07ZR14WBZ?tag=eloabder-20&linkCode=osi&th=1&psc=1">View Product</a></div><div class="product"><a href="https://www.amazon.com/dp/B0046VJV36?tag=eloabder-20&linkCode=osi&th=1&psc=1"><img src="https://m.media-amazon.com/images/I/31-ZFCLgLcL._SL500_.jpg" alt="Product Image"></a><p>Maybelline New York Fit Me Liquid Concealer Makeup, Natural Coverage, Lightweight, Conceals, Covers Oil-Free, Fair, 1 Count (Packaging May Vary)</p><p>$6.31</p><a href="https://www.amazon.com/dp/B0046VJV36?tag=eloabder-20&linkCode=osi&th=1&psc=1">View Product</a></div><div class="product"><a href="https://www.amazon.com/dp/B07ZR1CQHS?tag=eloabder-20&linkCode=osi&th=1&psc=1"><img src="https://m.media-amazon.com/images/I/31s0zWRX+4L._SL500_.jpg" alt="Product Image"></a><p>e.l.f. 16HR Camo Concealer, Full Coverage, Highly Pigmented Concealer With Matte Finish, Crease-proof, Vegan & Cruelty-Free, Light Ivory, 0.203 Fl Oz</p><p>$7.00</p><a href="https://www.amazon.com/dp/B07ZR1CQHS?tag=eloabder-20&linkCode=osi&th=1&psc=1">View Product</a></div><div class="product"><a href="https://www.amazon.com/dp/B0814SLHQH?tag=eloabder-20&linkCode=osi&th=1&psc=1"><img src="https://m.media-amazon.com/images/I/312GW4aGnRL._SL500_.jpg" alt="Product Image"></a><p>Neutrogena Healthy Skin Radiant Brightening Cream Concealer with Peptides & Vitamin E Antioxidant,Lightweight Perfecting Concealer,Non-Comedogenic,Bisque Light/Medium 02 neutral undertones,0.24 oz</p><p>$5.62</p><a href="https://www.amazon.com/dp/B0814SLHQH?tag=eloabder-20&linkCode=osi&th=1&psc=1">View Product</a></div><div class="product"><a href="https://www.amazon.com/dp/B007MJKHPA?tag=eloabder-20&linkCode=osi&th=1&psc=1"><img src="https://m.media-amazon.com/images/I/31ljSDY5P1L._SL500_.jpg" alt="Product Image"></a><p>L.A. Girl Pro Conceal HD Concealer, Creamy Beige, 0.28 Ounce</p><p>$4.97 ($17.75 / Ounce)</p><a href="https://www.amazon.com/dp/B007MJKHPA?tag=eloabder-20&linkCode=osi&th=1&psc=1">View Product</a></div><div class="product"><a href="https://www.amazon.com/dp/B09HNMRQN2?tag=eloabder-20&linkCode=osi&th=1&psc=1"><img src="https://m.media-amazon.com/images/I/31vIe0FIEML._SL500_.jpg" alt="Product Image"></a><p>NYX PROFESSIONAL MAKEUP Bare With Me Concealer Serum, Up To 24Hr Hydration - Vanilla</p><p>$9.00</p><a href="https://www.amazon.com/dp/B09HNMRQN2?tag=eloabder-20&linkCode=osi&th=1&psc=1">View Product</a></div><div class="product"><a href="https://www.amazon.com/dp/B06XQWS1N9?tag=eloabder-20&linkCode=osi&th=1&psc=1"><img src="https://m.media-amazon.com/images/I/31rKumTg1GL._SL500_.jpg" alt="Product Image"></a><p>COVERGIRL Smoothers Concealer, Medium 715, 0.14 ounce (packaging may vary)</p><p>$7.28</p><a href="https://www.amazon.com/dp/B06XQWS1N9?tag=eloabder-20&linkCode=osi&th=1&psc=1">View Product</a></div><div class="product"><a href="https://www.amazon.com/dp/B07H67H5LH?tag=eloabder-20&linkCode=osi&th=1&psc=1"><img src="https://m.media-amazon.com/images/I/31bWoYCj-nL._SL500_.jpg" alt="Product Image"></a><p>L'Oreal Paris Makeup Infallible Full Wear Waterproof Matte Concealer, Full Coverage, Ivory, 0.33 fl. oz.</p><p>$11.45</p><a href="https://www.amazon.com/dp/B07H67H5LH?tag=eloabder-20&linkCode=osi&th=1&psc=1">View Product</a></div><div class="product"><a href="https://www.amazon.com/dp/B0B51NLJWQ?tag=eloabder-20&linkCode=osi&th=1&psc=1"><img src="https://m.media-amazon.com/images/I/31GXqccxM0L._SL500_.jpg" alt="Product Image"></a><p>Fièra Luxury Concealer with Anti-Aging - All Day Coverage for Dark Circles, Fine Lines, Wrinkles & Spots - Neutral Beige, 0.5 Ounce</p><p>$27.00</p><a href="https://www.amazon.com/dp/B0B51NLJWQ?tag=eloabder-20&linkCode=osi&th=1&psc=1">View Product</a></div>
<div class="product"><a href="https://www.amazon.com/dp/B01IM0LVFC?tag=eloabder-20&linkCode=osi&th=1&psc=1"><img src="https://m.media-amazon.com/images/I/31r47BdfjGL._SL500_.jpg" alt="Product Image"></a><p>e.l.f. Prime & Stay Finishing Powder, Sets Makeup, Controls Shine & Smooths Complexion, Sheer, 0.18 Oz (5g)</p><p>$4.00</p><a href="https://www.amazon.com/dp/B01IM0LVFC?tag=eloabder-20&linkCode=osi&th=1&psc=1">View Product</a></div><div class="product"><a href="https://www.amazon.com/dp/B004GC74GG?tag=eloabder-20&linkCode=osi&th=1&psc=1"><img src="https://m.media-amazon.com/images/I/41kZTeBUCSL._SL500_.jpg" alt="Product Image"></a><p>Revlon Face Powder, ColorStay 16 Hour Face Makeup, Longwear Medium- Full Coverage with Flawless Finish, Shine & Oil Free, 880 Translucent, 0.3 Oz</p><p>$9.62</p><a href="https://www.amazon.com/dp/B004GC74GG?tag=eloabder-20&linkCode=osi&th=1&psc=1">View Product</a></div><div class="product"><a href="https://www.amazon.com/dp/B0CPFY5F7P?tag=eloabder-20&linkCode=osi&th=1&psc=1"><img src="https://m.media-amazon.com/images/I/41rYvHbKJ0L._SL500_.jpg" alt="Product Image"></a><p>e.l.f. Primer-Infused Bronzer, Long-Lasting, Lightweight & Buildable Powder Bronzer, Delivers A Matte Finish, Vegan & Cruelty-Free, Catching Rays</p><p>$7.00</p><a href="https://www.amazon.com/dp/B0CPFY5F7P?tag=eloabder-20&linkCode=osi&th=1&psc=1">View Product</a></div><div class="product"><a href="https://www.amazon.com/dp/B0B2VXZRHH?tag=eloabder-20&linkCode=osi&th=1&psc=1"><img src="https://m.media-amazon.com/images/I/41p6UtnQJWL._SL500_.jpg" alt="Product Image"></a><p>bareMinerals Barepro 16HR Skin-Perfecting Powder Foundation, Matte Pressed Powder Foundation Full Coverage with Plant-Based Squalene, Oil Control, Vegan</p><p>$42.00 ($150.00 / Ounce)</p><a href="https://www.amazon.com/dp/B0B2VXZRHH?tag=eloabder-20&linkCode=osi&th=1&psc=1">View Product</a></div><div class="product"><a href="https://www.amazon.com/dp/B0D4752RVV?tag=eloabder-20&linkCode=osi&th=1&psc=1"><img src="https://m.media-amazon.com/images/I/31WKVfT2bML._SL500_.jpg" alt="Product Image"></a><p>Revolution Beauty, Loose Baking Powder, Makeup Setting Powder, Long Lasting Coverage, Mattifies & Reduces Shine, Rose, 1.13 Oz</p><p>$8.00</p><a href="https://www.amazon.com/dp/B0D4752RVV?tag=eloabder-20&linkCode=osi&th=1&psc=1">View Product</a></div><div class="product"><a href="https://www.amazon.com/dp/B0C9LPPJ26?tag=eloabder-20&linkCode=osi&th=1&psc=1"><img src="https://m.media-amazon.com/images/I/51iWoZ-wkuL._SL500_.jpg" alt="Product Image"></a><p>AZUREBEAUTY 42 Pcs Dip Nails Powder Starter Kit, 32 Hot Pink Blue Purple Color Changing Spring Dipping Powder Liquid Set with Base Coat/Top Coat/Activator for French Manicure Salon DIY.</p><p>$19.99 ($19.99 / Count)</p><a href="https://www.amazon.com/dp/B0C9LPPJ26?tag=eloabder-20&linkCode=osi&th=1&psc=1">View Product</a></div><div class="product"><a href="https://www.amazon.com/dp/B0D2N1SZ9V?tag=eloabder-20&linkCode=osi&th=1&psc=1"><img src="https://m.media-amazon.com/images/I/41Ogu3bO7hL._SL500_.jpg" alt="Product Image"></a><p>Artdone Chrome Nail Powder Magic White Pearl Kit Mirror Effect Silver Metallic Holographic Dip Nail Powder For Resin Craft & Nail Art Decoration Iridescent Aurora Mermaid Pigment</p><p>$3.99 ($28.28 / Ounce)</p><a href="https://www.amazon.com/dp/B0D2N1SZ9V?tag=eloabder-20&linkCode=osi&th=1&psc=1">View Product</a></div><div class="product"><a href="https://www.amazon.com/dp/B0D19YQWSX?tag=eloabder-20&linkCode=osi&th=1&psc=1"><img src="https://m.media-amazon.com/images/I/21GbGbhBFWL._SL500_.jpg" alt="Product Image"></a><p>NYX PROFESSIONAL MAKEUP Brow Powder Louder Eyebrow Pencil, Brow Pencil with Buildable Volume For Up To 12HR Wear, Vegan Formula - Ash Brown</p><p>$6.00</p><a href="https://www.amazon.com/dp/B0D19YQWSX?tag=eloabder-20&linkCode=osi&th=1&psc=1">View Product</a></div><div class="product"><a href="https://www.amazon.com/dp/B00AOU5NVC?tag=eloabder-20&linkCode=osi&th=1&psc=1"><img src="https://m.media-amazon.com/images/I/31eI9oALZzL._SL500_.jpg" alt="Product Image"></a><p>Neutrogena Mineral Sheers Lightweight Loose Powder Makeup Foundation with Vitamins A, C, & E, Sheer to Medium Buildable Coverage, Skin Tone Enhancer, Face Redness Reducer, Nude 40,.19 oz</p><p>$5.72</p><a href="https://www.amazon.com/dp/B00AOU5NVC?tag=eloabder-20&linkCode=osi&th=1&psc=1">View Product</a></div>
<div class="product"><a href="https://www.amazon.com/dp/B07PNCB73M?tag=eloabder-20&linkCode=osi&th=1&psc=1"><img src="https://m.media-amazon.com/images/I/41+KYSFOLML._SL500_.jpg" alt="Product Image"></a><p>Milani Baked Blush - Petal Primavera (0.12 Ounce) Cruelty-Free Powder Blush - Shape, Contour & Highlight Face for a Shimmery or Matte Finish</p><p>$8.97</p><a href="https://www.amazon.com/dp/B07PNCB73M?tag=eloabder-20&linkCode=osi&th=1&psc=1">View Product</a></div><div class="product"><a href="https://www.amazon.com/dp/B0CPFYGNR7?tag=eloabder-20&linkCode=osi&th=1&psc=1"><img src="https://m.media-amazon.com/images/I/31EJvMa7jyL._SL500_.jpg" alt="Product Image"></a><p>e.l.f. Camo Liquid Blush, Long-lasting Liquid Blush For High-pigment Color, Creates A Soft, Dewy Finish, Vegan & Cruelty-free, Dusty Rosé</p><p>$7.00</p><a href="https://www.amazon.com/dp/B0CPFYGNR7?tag=eloabder-20&linkCode=osi&th=1&psc=1">View Product</a></div><div class="product"><a href="https://www.amazon.com/dp/B0CZ5HLDK9?tag=eloabder-20&linkCode=osi&th=1&psc=1"><img src="https://m.media-amazon.com/images/I/41rZu1cS8QL._SL500_.jpg" alt="Product Image"></a><p>NYX PROFESSIONAL MAKEUP Buttermelt Powder Blush, Fade and Transfer-Resistant Blush, Up to 12HR Make Up Wear, Vegan Formula - For The Butta</p><p>$9.97</p><a href="https://www.amazon.com/dp/B0CZ5HLDK9?tag=eloabder-20&linkCode=osi&th=1&psc=1">View Product</a></div><div class="product"><a href="https://www.amazon.com/dp/B06XDNPXD1?tag=eloabder-20&linkCode=osi&th=1&psc=1"><img src="https://m.media-amazon.com/images/I/41IryPTf51L._SL500_.jpg" alt="Product Image"></a><p>Maybelline Fit Me Powder Blush, Lightweight, Smooth, Blendable, Long-lasting All-Day Face Enhancing Makeup Color, Mauve, 1 Count</p><p>$4.62</p><a href="https://www.amazon.com/dp/B06XDNPXD1?tag=eloabder-20&linkCode=osi&th=1&psc=1">View Product</a></div><div class="product"><a href="https://www.amazon.com/dp/B082YPNTZ4?tag=eloabder-20&linkCode=osi&th=1&psc=1"><img src="https://m.media-amazon.com/images/I/41vtXkWXs8L._SL500_.jpg" alt="Product Image"></a><p>wet n wild Color Icon Blush, Effortless Glow & Seamless Blend infused with Luxuriously Smooth Jojoba Oil, Sheer Finish with a Matte Natural Glow, Cruelty-Free & Vegan - Pinch Me Pink</p><p>$3.28</p><a href="https://www.amazon.com/dp/B082YPNTZ4?tag=eloabder-20&linkCode=osi&th=1&psc=1">View Product</a></div><div class="product"><a href="https://www.amazon.com/dp/B0CPFWJJQJ?tag=eloabder-20&linkCode=osi&th=1&psc=1"><img src="https://m.media-amazon.com/images/I/41+GdEwyGqL._SL500_.jpg" alt="Product Image"></a><p>e.l.f. Primer-Infused Matte Blush, Long-Lasting, Lightweight & Buildable Powder Blush, Delivers A Matte Finish, Vegan & Cruelty-Free, Always Crushing</p><p>$7.00</p><a href="https://www.amazon.com/dp/B0CPFWJJQJ?tag=eloabder-20&linkCode=osi&th=1&psc=1">View Product</a></div><div class="product"><a href="https://www.amazon.com/dp/B0B64GX5LN?tag=eloabder-20&linkCode=osi&th=1&psc=1"><img src="https://m.media-amazon.com/images/I/31aZBeyUSsL._SL500_.jpg" alt="Product Image"></a><p>LAURA GELLER NEW YORK Serum Blush Tint, Lightweight Liquid Blush for Cheeks, Weightless Watercolor Sheer Finish, Practical Pink</p><p>$15.74</p><a href="https://www.amazon.com/dp/B0B64GX5LN?tag=eloabder-20&linkCode=osi&th=1&psc=1">View Product</a></div><div class="product"><a href="https://www.amazon.com/dp/B0BHFBBH25?tag=eloabder-20&linkCode=osi&th=1&psc=1"><img src="https://m.media-amazon.com/images/I/31uqOuPPf5L._SL500_.jpg" alt="Product Image"></a><p>SHEGLAM Color Bloom Liquid Blush Makeup for Cheeks Matte Finish - Love Cake</p><p>$6.99</p><a href="https://www.amazon.com/dp/B0BHFBBH25?tag=eloabder-20&linkCode=osi&th=1&psc=1">View Product</a></div><div class="product"><a href="https://www.amazon.com/dp/B00J56D0G6?tag=eloabder-20&linkCode=osi&th=1&psc=1"><img src="https://m.media-amazon.com/images/I/31MVN0QAhfL._SL500_.jpg" alt="Product Image"></a><p>e.l.f. Cosmetics Powder Blush Palette, Four Blush Shades for Beautiful, Long-Lasting Pigment, Light</p><p>$6.00</p><a href="https://www.amazon.com/dp/B00J56D0G6?tag=eloabder-20&linkCode=osi&th=1&psc=1">View Product</a></div><div class="product"><a href="https://www.amazon.com/dp/B07J47FHR1?tag=eloabder-20&linkCode=osi&th=1&psc=1"><img src="https://m.media-amazon.com/images/I/41Xyor9x2SL._SL500_.jpg" alt="Product Image"></a><p>Nars Blush in ORGASM Full Size 0.16 oz. / 4.8 g in Retail Box New Edition</p><p>$22.00</p><a href="https://www.amazon.com/dp/B07J47FHR1?tag=eloabder-20&linkCode=osi&th=1&psc=1">View Product</a></div>
<div class="product"><a href="https://www.amazon.com/dp/B018B8Q5Z6?tag=eloabder-20&linkCode=osi&th=1&psc=1"><img src="https://m.media-amazon.com/images/I/41D9ZHQRaSL._SL500_.jpg" alt="Product Image"></a><p>Physicians Formula Murumuru Butter Bronzer, Moisturizing, Nourishing Murumuru Butter Blend for Silky All-Day Luminous Glow, Dermatologist Tested, Hypoallergenic, Vegan & Cruelty-Free -Bronzer</p><p>$12.15</p><a href="https://www.amazon.com/dp/B018B8Q5Z6?tag=eloabder-20&linkCode=osi&th=1&psc=1">View Product</a></div><div class="product"><a href="https://www.amazon.com/dp/B001B0H82Q?tag=eloabder-20&linkCode=osi&th=1&psc=1"><img src="https://m.media-amazon.com/images/I/41I3B-YoLkL._SL500_.jpg" alt="Product Image"></a><p>Rimmel London Natural - 022 Sun Bronze - Bronzer, Matte Finish, 0.49oz</p><p>$4.49</p><a href="https://www.amazon.com/dp/B001B0H82Q?tag=eloabder-20&linkCode=osi&th=1&psc=1">View Product</a></div><div class="product"><a href="https://www.amazon.com/dp/B0BM5HX7DN?tag=eloabder-20&linkCode=osi&th=1&psc=1"><img src="https://m.media-amazon.com/images/I/41DwoHQgzsL._SL500_.jpg" alt="Product Image"></a><p>Benefit Hoola Matte Bronzer Mini 0.08 Ounce</p><p>$17.85</p><a href="https://www.amazon.com/dp/B0BM5HX7DN?tag=eloabder-20&linkCode=osi&th=1&psc=1">View Product</a></div><div class="product"><a href="https://www.amazon.com/dp/B07M7NGVW7?tag=eloabder-20&linkCode=osi&th=1&psc=1"><img src="https://m.media-amazon.com/images/I/51dvod9PjTL._SL500_.jpg" alt="Product Image"></a><p>wet n wild Color Icon Bronzer What Shady Beaches</p><p>$2.96</p><a href="https://www.amazon.com/dp/B07M7NGVW7?tag=eloabder-20&linkCode=osi&th=1&psc=1">View Product</a></div><div class="product"><a href="https://www.amazon.com/dp/B07ZR187P5?tag=eloabder-20&linkCode=osi&th=1&psc=1"><img src="https://m.media-amazon.com/images/I/410nkMFZLYL._SL500_.jpg" alt="Product Image"></a><p>e.l.f. Primer-infused Bronzer, Long-Wear, Matte, Bold, Lightweight, Blends Easily, Contours Cheeks, Forever Sun Kissed, All-Day Wear, 0.35 Oz</p><p>$7.00 ($20.00 / Ounce)</p><a href="https://www.amazon.com/dp/B07ZR187P5?tag=eloabder-20&linkCode=osi&th=1&psc=1">View Product</a></div><div class="product"><a href="https://www.amazon.com/dp/B0CPFVTY7M?tag=eloabder-20&linkCode=osi&th=1&psc=1"><img src="https://m.media-amazon.com/images/I/41rO68Q0mlL._SL500_.jpg" alt="Product Image"></a><p>e.l.f. Primer-Infused Bronzer, Long-Lasting, Lightweight & Buildable Powder Bronzer, Delivers A Matte Finish, Vegan & Cruelty-Free, Fresh Tan</p><p>$7.00</p><a href="https://www.amazon.com/dp/B0CPFVTY7M?tag=eloabder-20&linkCode=osi&th=1&psc=1">View Product</a></div><div class="product"><a href="https://www.amazon.com/dp/B00518N3VE?tag=eloabder-20&linkCode=osi&th=1&psc=1"><img src="https://m.media-amazon.com/images/I/41SzIseWK6L._SL500_.jpg" alt="Product Image"></a><p>Milani Baked Bronzer - Glow, Cruelty-Free Shimmer Bronzing Powder to Use For Contour Makeup, Highlighters Makeup, Bronzer Makeup, 0.25 Ounce</p><p>$9.97 ($39.88 / Ounce)</p><a href="https://www.amazon.com/dp/B00518N3VE?tag=eloabder-20&linkCode=osi&th=1&psc=1">View Product</a></div><div class="product"><a href="https://www.amazon.com/dp/B006WZ9O72?tag=eloabder-20&linkCode=osi&th=1&psc=1"><img src="https://m.media-amazon.com/images/I/51rDNo9JnqL._SL500_.jpg" alt="Product Image"></a><p>Physicians Formula Bronze Booster Glow-Boosting Season-to-Season, Customizable Seasonal Glow Glow, Lasting Tan Boost, Hypoallergenic Powder, Cruelty-Free & Hypoallergenic- Light-to-Medium</p><p>$12.98</p><a href="https://www.amazon.com/dp/B006WZ9O72?tag=eloabder-20&linkCode=osi&th=1&psc=1">View Product</a></div><div class="product"><a href="https://www.amazon.com/dp/B0CNTYPSSZ?tag=eloabder-20&linkCode=osi&th=1&psc=1"><img src="https://m.media-amazon.com/images/I/416D4Z7hQ8L._SL500_.jpg" alt="Product Image"></a><p>Milani Cheek Kiss Cream Bronzer-110 Hey Honey</p><p>$9.97</p><a href="https://www.amazon.com/dp/B0CNTYPSSZ?tag=eloabder-20&linkCode=osi&th=1&psc=1">View Product</a></div><div class="product"><a href="https://www.amazon.com/dp/B0CVNKP1FM?tag=eloabder-20&linkCode=osi&th=1&psc=1"><img src="https://m.media-amazon.com/images/I/41v4UlIsUOL._SL500_.jpg" alt="Product Image"></a><p>NYX PROFESSIONAL MAKEUP Matte Buttermelt Bronzer, Longwear Face Makeup with Up to 12 Hours of Wear, Vegan Formula - Butta Than U</p><p>$7.70</p><a href="https://www.amazon.com/dp/B0CVNKP1FM?tag=eloabder-20&linkCode=osi&th=1&psc=1">View Product</a></div>
<div class="product"><a href="https://www.amazon.com/dp/B09288DSSX?tag=eloabder-20&linkCode=osi&th=1&psc=1"><img src="https://m.media-amazon.com/images/I/417z6evbmhL._SL500_.jpg" alt="Product Image"></a><p>KYDA Face Highlighter Palette, High Glossy Face Illuminator Palette, Narutal Glow Finish, Pearl Shimmer Smooth Baked Powder, Lasting Sparkling Highlighter Makeup-SUN GLOW</p><p>$9.99</p><a href="https://www.amazon.com/dp/B09288DSSX?tag=eloabder-20&linkCode=osi&th=1&psc=1">View Product</a></div><div class="product"><a href="https://www.amazon.com/dp/B0C41PSDZF?tag=eloabder-20&linkCode=osi&th=1&psc=1"><img src="https://m.media-amazon.com/images/I/41FLNU-tL-L._SL500_.jpg" alt="Product Image"></a><p>NYX PROFESSIONAL MAKEUP, Jumbo Multi-Use Face Highlighter Stick - Vanilla Ice Cream</p><p>$6.00</p><a href="https://www.amazon.com/dp/B0C41PSDZF?tag=eloabder-20&linkCode=osi&th=1&psc=1">View Product</a></div><div class="product"><a href="https://www.amazon.com/dp/B082YPL2SV?tag=eloabder-20&linkCode=osi&th=1&psc=1"><img src="https://m.media-amazon.com/images/I/51Y+MCkwArL._SL500_.jpg" alt="Product Image"></a><p>Wet n Wild MegaGlo Blushlighter, Blendable Blush & Highlighter Set, Shimmery Metallic Finish, Highlight Bling</p><p>$5.47</p><a href="https://www.amazon.com/dp/B082YPL2SV?tag=eloabder-20&linkCode=osi&th=1&psc=1">View Product</a></div><div class="product"><a href="https://www.amazon.com/dp/B07QPY11KY?tag=eloabder-20&linkCode=osi&th=1&psc=1"><img src="https://m.media-amazon.com/images/I/312T7p8cW6L._SL500_.jpg" alt="Product Image"></a><p>Revolution Beauty, Reloaded Pressed Powder Highlighter, Intensely Pigmented for a High Impact Dewy Finish, Dare To Divulge, 0.22 Oz.</p><p>$6.98</p><a href="https://www.amazon.com/dp/B07QPY11KY?tag=eloabder-20&linkCode=osi&th=1&psc=1">View Product</a></div><div class="product"><a href="https://www.amazon.com/dp/B0C6V67KJW?tag=eloabder-20&linkCode=osi&th=1&psc=1"><img src="https://m.media-amazon.com/images/I/31Yh8b8JEjL._SL500_.jpg" alt="Product Image"></a><p>e.l.f. Halo Glow Highlight Beauty Wand, Liquid Highlighter Wand For Luminous, Glowing Skin, Buildable Formula, Vegan & Cruelty-free,Champagne Campaign</p><p>$9.00</p><a href="https://www.amazon.com/dp/B0C6V67KJW?tag=eloabder-20&linkCode=osi&th=1&psc=1">View Product</a></div><div class="product"><a href="https://www.amazon.com/dp/B073WMG59J?tag=eloabder-20&linkCode=osi&th=1&psc=1"><img src="https://m.media-amazon.com/images/I/51fz8bpJNNL._SL500_.jpg" alt="Product Image"></a><p>wet n wild MegaGlo Highlighting Powder, Highlighter Makeup, Shimmer Glow, Pink Rose Gold Blossom Glow</p><p>$5.47</p><a href="https://www.amazon.com/dp/B073WMG59J?tag=eloabder-20&linkCode=osi&th=1&psc=1">View Product</a></div><div class="product"><a href="https://www.amazon.com/dp/B074PTZCNW?tag=eloabder-20&linkCode=osi&th=1&psc=1"><img src="https://m.media-amazon.com/images/I/31btEAGukiL._SL500_.jpg" alt="Product Image"></a><p>L'Oreal Paris Makeup True Match Lumi Glotion, Natural Glow Enhancer, Illuminator Highlighter Skin Tint, for an All Day Radiant Glow, Light, 1.35 Ounces</p><p>$12.74</p><a href="https://www.amazon.com/dp/B074PTZCNW?tag=eloabder-20&linkCode=osi&th=1&psc=1">View Product</a></div><div class="product"><a href="https://www.amazon.com/dp/B0BD9HYBKD?tag=eloabder-20&linkCode=osi&th=1&psc=1"><img src="https://m.media-amazon.com/images/I/319tXl8nMUL._SL500_.jpg" alt="Product Image"></a><p>LAURA GELLER NEW YORK Baked Natural Glow Highlighter Radiance Enhancing Makeup, French Vanilla</p><p>$18.99</p><a href="https://www.amazon.com/dp/B0BD9HYBKD?tag=eloabder-20&linkCode=osi&th=1&psc=1">View Product</a></div><div class="product"><a href="https://www.amazon.com/dp/B075K784FK?tag=eloabder-20&linkCode=osi&th=1&psc=1"><img src="https://m.media-amazon.com/images/I/51q6Nf009iL._SL500_.jpg" alt="Product Image"></a><p>Physicians Formula Murumuru Butter Highlighter Makeup Face Powder Make Up, Pearl, Dermatologist Approved</p><p>$10.00</p><a href="https://www.amazon.com/dp/B075K784FK?tag=eloabder-20&linkCode=osi&th=1&psc=1">View Product</a></div><div class="product"><a href="https://www.amazon.com/dp/B083574V27?tag=eloabder-20&linkCode=osi&th=1&psc=1"><img src="https://m.media-amazon.com/images/I/41fyFVpDrXL._SL500_.jpg" alt="Product Image"></a><p>Milani Baked Highlighter (Dolce Perla) - Cruelty-Free Powder Highlighter, Highlight Face for a Shimmery or Matte Finish</p><p>$10.97 ($39.18 / Ounce)</p><a href="https://www.amazon.com/dp/B083574V27?tag=eloabder-20&linkCode=osi&th=1&psc=1">View Product</a></div>
<div class="product"><a href="https://www.amazon.com/dp/B09XMYFTB7?tag=eloabder-20&linkCode=osi&th=1&psc=1"><img src="https://m.media-amazon.com/images/I/31t+Ua+JWSL._SL500_.jpg" alt="Product Image"></a><p>e.l.f. Power Grip Primer, Gel-Based & Hydrating Face Primer For Smoothing Skin & Gripping Makeup, Moisturizes & Primes, 0.811 Fl Oz (24 ml)</p><p>$9.98</p><a href="https://www.amazon.com/dp/B09XMYFTB7?tag=eloabder-20&linkCode=osi&th=1&psc=1">View Product</a></div><div class="product"><a href="https://www.amazon.com/dp/B07BHB7QBN?tag=eloabder-20&linkCode=osi&th=1&psc=1"><img src="https://m.media-amazon.com/images/I/31kMxA9EhWL._SL500_.jpg" alt="Product Image"></a><p>Maybelline New York Facestudio Master Prime Primer Makeup, Blur + Pore Minimize, 1 fl. oz.</p><p>$8.99</p><a href="https://www.amazon.com/dp/B07BHB7QBN?tag=eloabder-20&linkCode=osi&th=1&psc=1">View Product</a></div><div class="product"><a href="https://www.amazon.com/dp/B00JZ4V6V4?tag=eloabder-20&linkCode=osi&th=1&psc=1"><img src="https://m.media-amazon.com/images/I/31jO7qDk9zL._SL500_.jpg" alt="Product Image"></a><p>e.l.f. Poreless Face Primer, Restoring Makeup Primer For A Flawless, Smooth Canvas, Infused With Tea Tree & Vitamin A, Vegan & Cruelty-Free, 0.47 Fl Oz</p><p>$7.83</p><a href="https://www.amazon.com/dp/B00JZ4V6V4?tag=eloabder-20&linkCode=osi&th=1&psc=1">View Product</a></div><div class="product"><a href="https://www.amazon.com/dp/B0BQQS5GBQ?tag=eloabder-20&linkCode=osi&th=1&psc=1"><img src="https://m.media-amazon.com/images/I/31TLdF8cy8L._SL500_.jpg" alt="Product Image"></a><p>e.l.f. Power Grip Primer + 4% Niacinamide, Gel-Based & Hydrating Face Primer, Evens Skin & Brightens, Grips Makeup, Vegan & Cruelty-Free, 0.8 Fl Oz</p><p>$10.00</p><a href="https://www.amazon.com/dp/B0BQQS5GBQ?tag=eloabder-20&linkCode=osi&th=1&psc=1">View Product</a></div><div class="product"><a href="https://www.amazon.com/dp/B07NSH2B4D?tag=eloabder-20&linkCode=osi&th=1&psc=1"><img src="https://m.media-amazon.com/images/I/31gmpEmsBmL._SL500_.jpg" alt="Product Image"></a><p>e.l.f. Poreless Putty Primer, Silky, Skin-Perfecting, Lightweight, Long Lasting, Smooths, Hydrates, Minimizes Pores, Flawless Base & Finish, All-Day Wear, Ideal for All Skin Types, 0.74 Fl Oz</p><p>$10.00</p><a href="https://www.amazon.com/dp/B07NSH2B4D?tag=eloabder-20&linkCode=osi&th=1&psc=1">View Product</a></div><div class="product"><a href="https://www.amazon.com/dp/B09WYT4QTJ?tag=eloabder-20&linkCode=osi&th=1&psc=1"><img src="https://m.media-amazon.com/images/I/214qTbvzjrL._SL500_.jpg" alt="Product Image"></a><p>Smashbox The Original Photo Finish Smooth & Blur Oil-Free Makeup Primer - Infused with Vitamin A & E, Reduces The Appearance of Fine Lines and Pores - Travel Size, 0.34 fl oz</p><p>$16.00 ($47.06 / Ounce)</p><a href="https://www.amazon.com/dp/B09WYT4QTJ?tag=eloabder-20&linkCode=osi&th=1&psc=1">View Product</a></div><div class="product"><a href="https://www.amazon.com/dp/B07PQN4XZ1?tag=eloabder-20&linkCode=osi&th=1&psc=1"><img src="https://m.media-amazon.com/images/I/31BdxqUi-iL._SL500_.jpg" alt="Product Image"></a><p>Milk Makeup Hydro Grip Primer - 0.33 fl oz - Hydrates & Grips Makeup for Up to 12 Hours - Prevents Caking - All Skin Types - Fragrance-Free - Vegan, Cruelty Free</p><p>$20.00 ($60.61 / Fl Oz)</p><a href="https://www.amazon.com/dp/B07PQN4XZ1?tag=eloabder-20&linkCode=osi&th=1&psc=1">View Product</a></div><div class="product"><a href="https://www.amazon.com/dp/B00HVI8WYU?tag=eloabder-20&linkCode=osi&th=1&psc=1"><img src="https://m.media-amazon.com/images/I/31educzzSsL._SL500_.jpg" alt="Product Image"></a><p>e.l.f. Hydrating Face Primer, Makeup Primer For Flawless, Smooth Skin & Long-Lasting Makeup, Fills In Pores & Fine Lines, Vegan & Cruelty-free, Small</p><p>$8.00</p><a href="https://www.amazon.com/dp/B00HVI8WYU?tag=eloabder-20&linkCode=osi&th=1&psc=1">View Product</a></div><div class="product"><a href="https://www.amazon.com/dp/B07BHBDN3Y?tag=eloabder-20&linkCode=osi&th=1&psc=1"><img src="https://m.media-amazon.com/images/I/3173qcBCyFL._SL500_.jpg" alt="Product Image"></a><p>Maybelline New York Facestudio Master Prime Primer Makeup, Blur+ Defend, 1 fl. oz.</p><p>$9.77</p><a href="https://www.amazon.com/dp/B07BHBDN3Y?tag=eloabder-20&linkCode=osi&th=1&psc=1">View Product</a></div><div class="product"><a href="https://www.amazon.com/dp/B00I9X3UKM?tag=eloabder-20&linkCode=osi&th=1&psc=1"><img src="https://m.media-amazon.com/images/I/31Bx9WdmmdL._SL500_.jpg" alt="Product Image"></a><p>Rimmel London Stay Matte - 003 - Primer, Ultra-Lightweight, Controls Shine, Doesn’t Feel Greasy, 1oz</p><p>$5.97</p><a href="https://www.amazon.com/dp/B00I9X3UKM?tag=eloabder-20&linkCode=osi&th=1&psc=1">View Product</a></div>
<div class="product"><a href="https://www.amazon.com/dp/B008C131AK?tag=eloabder-20&linkCode=osi&th=1&psc=1"><img src="https://m.media-amazon.com/images/I/41EVShOq3PL._SL500_.jpg" alt="Product Image"></a><p>Maybelline Dream Fresh Skin Hydrating BB cream, 8-in-1 Skin Perfecting Beauty Balm with Broad Spectrum SPF 30, Sheer Tint Coverage, Oil-Free, Medium, 1 Fl Oz</p><p>$7.99</p><a href="https://www.amazon.com/dp/B008C131AK?tag=eloabder-20&linkCode=osi&th=1&psc=1">View Product</a></div><div class="product"><a href="https://www.amazon.com/dp/B0084A5PWQ?tag=eloabder-20&linkCode=osi&th=1&psc=1"><img src="https://m.media-amazon.com/images/I/31RjcO5JPeL._SL500_.jpg" alt="Product Image"></a><p>L'Oréal Paris Makeup Magic Skin Beautifier BB Cream Tinted Moisturizer, Medium, 1 fl oz, 1 Count</p><p>$9.98</p><a href="https://www.amazon.com/dp/B0084A5PWQ?tag=eloabder-20&linkCode=osi&th=1&psc=1">View Product</a></div><div class="product"><a href="https://www.amazon.com/dp/B002B9DWBC?tag=eloabder-20&linkCode=osi&th=1&psc=1"><img src="https://m.media-amazon.com/images/I/41ZejVfTaoL._SL500_.jpg" alt="Product Image"></a><p>MISSHA M Perfect BB Cream No.21 Light Beige for Bright Skin SPF 42 PA +++ 1.69 Fl Oz - Tinted Moisturizer for face with SPF</p><p>$9.90</p><a href="https://www.amazon.com/dp/B002B9DWBC?tag=eloabder-20&linkCode=osi&th=1&psc=1">View Product</a></div><div class="product"><a href="https://www.amazon.com/dp/B00KJ82CN6?tag=eloabder-20&linkCode=osi&th=1&psc=1"><img src="https://m.media-amazon.com/images/I/41VM3jcO3oS._SL500_.jpg" alt="Product Image"></a><p>Maybelline Dream Pure Skin Clearing BB Cream, 8-in-1 Skin Perfecting Beauty Balm With 2% Salicylic Acid, Sheer Tint Coverage, Oil-Free, Light/Medium, 1 Count</p><p>$7.99</p><a href="https://www.amazon.com/dp/B00KJ82CN6?tag=eloabder-20&linkCode=osi&th=1&psc=1">View Product</a></div><div class="product"><a href="https://www.amazon.com/dp/B000V33OGS?tag=eloabder-20&linkCode=osi&th=1&psc=1"><img src="https://m.media-amazon.com/images/I/41I8dzKEI+L._SL500_.jpg" alt="Product Image"></a><p>COVERGIRL Smoothers Lightweight BB Cream, Fair to Light 805, 1.35 oz (Packaging May Vary) Lightweight Hydrating 10-In-1 Skin Enhancer with SPF 21 UV Protection</p><p>$6.97</p><a href="https://www.amazon.com/dp/B000V33OGS?tag=eloabder-20&linkCode=osi&th=1&psc=1">View Product</a></div><div class="product"><a href="https://www.amazon.com/dp/B01E527F38?tag=eloabder-20&linkCode=osi&th=1&psc=1"><img src="https://m.media-amazon.com/images/I/31jXYhER5QL._SL500_.jpg" alt="Product Image"></a><p>COVERGIRL - Clean Matte BB Cream, Oil-Free, Long-Lasting, Sensitive Skin, Lightweight, 100% Cruelty-Free</p><p>$7.99</p><a href="https://www.amazon.com/dp/B01E527F38?tag=eloabder-20&linkCode=osi&th=1&psc=1">View Product</a></div><div class="product"><a href="https://www.amazon.com/dp/B07WTX6SKL?tag=eloabder-20&linkCode=osi&th=1&psc=1"><img src="https://m.media-amazon.com/images/I/41mtjVTdh3L._SL500_.jpg" alt="Product Image"></a><p>MISSHA M Perfect Cover BB Cream No.13 Bright Beige for Fair Skin SPF 42 PA +++ 1.69 Fl Oz - Tinted Moisturizer for face with SPF</p><p>$9.70 ($5.74 / Fl Oz)</p><a href="https://www.amazon.com/dp/B07WTX6SKL?tag=eloabder-20&linkCode=osi&th=1&psc=1">View Product</a></div><div class="product"><a href="https://www.amazon.com/dp/B09BYL7M3G?tag=eloabder-20&linkCode=osi&th=1&psc=1"><img src="https://m.media-amazon.com/images/I/41t-BZ1FdOL._SL500_.jpg" alt="Product Image"></a><p>purlisse Ageless Glow Serum BB Cream SPF 40 : Clean & Cruelty-Free, Full & Flawless Coverage, Hydrates with Collagen | Light 1.4oz</p><p>$39.00 ($37.50 / Fl Oz)</p><a href="https://www.amazon.com/dp/B09BYL7M3G?tag=eloabder-20&linkCode=osi&th=1&psc=1">View Product</a></div><div class="product"><a href="https://www.amazon.com/dp/B08JCK7LSN?tag=eloabder-20&linkCode=osi&th=1&psc=1"><img src="https://m.media-amazon.com/images/I/31KzNyZ7WBL._SL500_.jpg" alt="Product Image"></a><p>PURITO Cica Clearing BB Cream #21 Light Beige 1 fl.oz / 30ml, Vegan bb cream, tinted</p><p>$12.00</p><a href="https://www.amazon.com/dp/B08JCK7LSN?tag=eloabder-20&linkCode=osi&th=1&psc=1">View Product</a></div><div class="product"><a href="https://www.amazon.com/dp/B01M9FG3PS?tag=eloabder-20&linkCode=osi&th=1&psc=1"><img src="https://m.media-amazon.com/images/I/41i-ftNWghL._SL500_.jpg" alt="Product Image"></a><p>pūrlisse Perfect Glow BB Cream SPF 30: Clean & Cruelty-Free, Medium Flawless Coverage, Hydrates with Jasmine | Light 1.4oz</p><p>$36.00 ($26.47 / Fl Oz)</p><a href="https://www.amazon.com/dp/B01M9FG3PS?tag=eloabder-20&linkCode=osi&th=1&psc=1">View Product</a></div>
<div class="product"><a href="https://www.amazon.com/dp/B00RZ4R0ZM?tag=eloabder-20&linkCode=osi&th=1&psc=1"><img src="https://m.media-amazon.com/images/I/41h3Z7gUh4L._SL500_.jpg" alt="Product Image"></a><p>IT Cosmetics Your Skin But Better CC+ Cream, Light (W) - Color Correcting Cream, Full-Coverage Foundation, Hydrating Serum & SPF 50+ Sunscreen - Natural Finish - 1.08 fl oz</p><p>$47.00 ($43.52 / Fl Oz)</p><a href="https://www.amazon.com/dp/B00RZ4R0ZM?tag=eloabder-20&linkCode=osi&th=1&psc=1">View Product</a></div><div class="product"><a href="https://www.amazon.com/dp/B09TSSR6TQ?tag=eloabder-20&linkCode=osi&th=1&psc=1"><img src="https://m.media-amazon.com/images/I/41YfZQIZVHL._SL500_.jpg" alt="Product Image"></a><p>Erborian Color Correcting CC Cream with cica, Tan (Dore) - Lightweight Multi-Purpose Foundation with Illuminating Finish Soothes & Hydrates - SPF Korean Skincare Skin Perfector - 1.5 Oz</p><p>$46.00 ($30.67 / Ounce)</p><a href="https://www.amazon.com/dp/B09TSSR6TQ?tag=eloabder-20&linkCode=osi&th=1&psc=1">View Product</a></div><div class="product"><a href="https://www.amazon.com/dp/B0CG67918Y?tag=eloabder-20&linkCode=osi&th=1&psc=1"><img src="https://m.media-amazon.com/images/I/31ZBRrlGQeL._SL500_.jpg" alt="Product Image"></a><p>Color Correcting CC Cream with SPF 25, Coverage Lightweight Foundation, Hydrating Serum, Even Skin Tone Makeup and Skin Care, Boost Radiance, Refine Skin Texture, Avoid Sun Damage (LightLight, 1PCS)</p><p>$9.99</p><a href="https://www.amazon.com/dp/B0CG67918Y?tag=eloabder-20&linkCode=osi&th=1&psc=1">View Product</a></div><div class="product"><a href="https://www.amazon.com/dp/B07GV322NS?tag=eloabder-20&linkCode=osi&th=1&psc=1"><img src="https://m.media-amazon.com/images/I/318Xp-z4BzL._SL500_.jpg" alt="Product Image"></a><p>IT Cosmetics Your Skin But Better CC+ Cream Illumination - Color Correcting Cream, Full-Coverage Foundation, Hydrating Serum & SPF 50+ Sunscreen Radiant Finish 1.08 fl oz</p><p>$47.00 ($43.52 / Fl Oz)</p><a href="https://www.amazon.com/dp/B07GV322NS?tag=eloabder-20&linkCode=osi&th=1&psc=1">View Product</a></div><div class="product"><a href="https://www.amazon.com/dp/B08TQMG68Q?tag=eloabder-20&linkCode=osi&th=1&psc=1"><img src="https://m.media-amazon.com/images/I/31WzGFVeXLL._SL500_.jpg" alt="Product Image"></a><p>e.l.f. Camo CC Cream, Color Correcting Medium-To-Full Coverage Foundation with SPF 30, Light 240 W, 1.05 Oz (30g)</p><p>$14.29</p><a href="https://www.amazon.com/dp/B08TQMG68Q?tag=eloabder-20&linkCode=osi&th=1&psc=1">View Product</a></div><div class="product"><a href="https://www.amazon.com/dp/B00HUA6LCO?tag=eloabder-20&linkCode=osi&th=1&psc=1"><img src="https://m.media-amazon.com/images/I/31tzzIuzR3L._SL500_.jpg" alt="Product Image"></a><p>Physicians Formula Super CC+ Cream Color-Correction + Care Cream Full Coverage Light Foundation, Anti Aging Hydrating Serum, For Uneven Skin Tone, Dermatologist Approved</p><p>$12.30</p><a href="https://www.amazon.com/dp/B00HUA6LCO?tag=eloabder-20&linkCode=osi&th=1&psc=1">View Product</a></div><div class="product"><a href="https://www.amazon.com/dp/B00E4OQ63I?tag=eloabder-20&linkCode=osi&th=1&psc=1"><img src="https://m.media-amazon.com/images/I/31C4yvovnxL._SL500_.jpg" alt="Product Image"></a><p>Lumene Color Correcting CC Cream - Lightweight Foundation with Medium Coverage - Redness Reducing Face Makeup for a Glowing Complexion - Vegan Formula + Suitable for All Skin Types - Medium (1 fl oz)</p><p>$17.40 ($17.40 / Fl Oz)</p><a href="https://www.amazon.com/dp/B00E4OQ63I?tag=eloabder-20&linkCode=osi&th=1&psc=1">View Product</a></div><div class="product"><a href="https://www.amazon.com/dp/B09TSRF2Q8?tag=eloabder-20&linkCode=osi&th=1&psc=1"><img src="https://m.media-amazon.com/images/I/41lZpQCt9HL._SL500_.jpg" alt="Product Image"></a><p>Erborian Color Correcting CC Cream with Centella Asiatica, Red Correct - Light Multi-Purpose Facial Concealer with Illuminating Finish Soothes & Hydrates - SPF Korean Skincare Skin Perfector - 0.5 Oz</p><p>$25.00 ($50.00 / Ounce)</p><a href="https://www.amazon.com/dp/B09TSRF2Q8?tag=eloabder-20&linkCode=osi&th=1&psc=1">View Product</a></div><div class="product"><a href="https://www.amazon.com/dp/B00U3203IY?tag=eloabder-20&linkCode=osi&th=1&psc=1"><img src="https://m.media-amazon.com/images/I/31BL0K5i4vL._SL500_.jpg" alt="Product Image"></a><p>IT Cosmetics Your Skin But Better CC+ Cream Travel Size, Light (W) - Color Correcting Cream, Full-Coverage Foundation, Hydrating Serum & SPF 50+ Sunscreen - Natural Finish - 0.406 fl oz</p><p>$22.00 ($55.00 / Fl Oz)</p><a href="https://www.amazon.com/dp/B00U3203IY?tag=eloabder-20&linkCode=osi&th=1&psc=1">View Product</a></div>
<div class="product"><a href="https://www.amazon.com/dp/B0CG68RTBB?tag=eloabder-20&linkCode=osi&th=1&psc=1"><img src="https://m.media-amazon.com/images/I/51d8MhcTFdL._SL500_.jpg" alt="Product Image"></a><p>Contour Stick, Highlighter Stick, Blush Stick 3Pcs Cream Contour Kit with Contour Brush, Create Face Contour, Non-greasy, Waterproof Long-lasting Effect, Highlighter Makeup Stick for Beginner Medium</p><p>$6.64 ($1.72 / Ounce)</p><a href="https://www.amazon.com/dp/B0CG68RTBB?tag=eloabder-20&linkCode=osi&th=1&psc=1">View Product</a></div><div class="product"><a href="https://www.amazon.com/dp/B0B7713RZQ?tag=eloabder-20&linkCode=osi&th=1&psc=1"><img src="https://m.media-amazon.com/images/I/51pLW0sMwGL._SL500_.jpg" alt="Product Image"></a><p>4 Colors Cream Contour Sticks Makeup Kit, Primer Face Highlighter Contouring for Beginners, Highlight and Contour Kit, Cream Concealer Makeup Blur Stick, Primer Face Corrector 1#,3#</p><p>$9.98</p><a href="https://www.amazon.com/dp/B0B7713RZQ?tag=eloabder-20&linkCode=osi&th=1&psc=1">View Product</a></div><div class="product"><a href="https://www.amazon.com/dp/B014PVXY5W?tag=eloabder-20&linkCode=osi&th=1&psc=1"><img src="https://m.media-amazon.com/images/I/41Qf+n9Gn-L._SL500_.jpg" alt="Product Image"></a><p>Aesthetica Cosmetics Cream Contour and Highlighting Makeup Kit - Contouring Foundation/Concealer Palette - Vegan & Cruelty Free - Step-by-Step Instructions Included</p><p>$29.97 ($47.57 / Ounce)</p><a href="https://www.amazon.com/dp/B014PVXY5W?tag=eloabder-20&linkCode=osi&th=1&psc=1">View Product</a></div><div class="product"><a href="https://www.amazon.com/dp/B0CSCYCQTP?tag=eloabder-20&linkCode=osi&th=1&psc=1"><img src="https://m.media-amazon.com/images/I/41g9O0LMEpL._SL500_.jpg" alt="Product Image"></a><p>Umadit Contour Stick, Blush Stick, Highlighter Stick, Bronzer Stick, 3 Pcs Cream Contour Kit with Brush for a Flawless Look, Contour Stick Makeup Non-Greasy Waterproof, Long-lasting Fair-Medium</p><p>$14.99</p><a href="https://www.amazon.com/dp/B0CSCYCQTP?tag=eloabder-20&linkCode=osi&th=1&psc=1">View Product</a></div><div class="product"><a href="https://www.amazon.com/dp/B0C6MYW7FC?tag=eloabder-20&linkCode=osi&th=1&psc=1"><img src="https://m.media-amazon.com/images/I/51CRa+rR5yL._SL500_.jpg" alt="Product Image"></a><p>3Pcs Cream Contour Stick Makeup Kit,Shades with Highlighter Stick,Blush Stick and Bronzer Contour Stick for Sculpt the Cheeks,Long Lasting,Waterproof,Matte & Dewy Finish,LIGHT MEDIUM (#02,05,06)</p><p>$12.99</p><a href="https://www.amazon.com/dp/B0C6MYW7FC?tag=eloabder-20&linkCode=osi&th=1&psc=1">View Product</a></div><div class="product"><a href="https://www.amazon.com/dp/B074G44PVR?tag=eloabder-20&linkCode=osi&th=1&psc=1"><img src="https://m.media-amazon.com/images/I/41dMa+Rs2NL._SL500_.jpg" alt="Product Image"></a><p>W7 Lift & Sculpt Cream Contour Kit - Concealing, Highlighting & Contouring Makeup Palette - Step-by-Step Instructions Included</p><p>$6.29 ($8.99 / Ounce)</p><a href="https://www.amazon.com/dp/B074G44PVR?tag=eloabder-20&linkCode=osi&th=1&psc=1">View Product</a></div><div class="product"><a href="https://www.amazon.com/dp/B0045J2GKY?tag=eloabder-20&linkCode=osi&th=1&psc=1"><img src="https://m.media-amazon.com/images/I/31m4Yh07iZL._SL500_.jpg" alt="Product Image"></a><p>Smashbox Step-By-Step Contour, Highlighter, & Bronzer Face Palette with Angled Brush, Light/Medium</p><p>$40.00 ($100.00 / Ounce)</p><a href="https://www.amazon.com/dp/B0045J2GKY?tag=eloabder-20&linkCode=osi&th=1&psc=1">View Product</a></div><div class="product"><a href="https://www.amazon.com/dp/B0169YYBYQ?tag=eloabder-20&linkCode=osi&th=1&psc=1"><img src="https://m.media-amazon.com/images/I/31BGUv-HtUL._SL500_.jpg" alt="Product Image"></a><p>Maybelline Facestudio Master Contour Face Contouring Kit, Light to Medium, 1 Count</p><p>$9.98 ($28.51 / Ounce)</p><a href="https://www.amazon.com/dp/B0169YYBYQ?tag=eloabder-20&linkCode=osi&th=1&psc=1">View Product</a></div><div class="product"><a href="https://www.amazon.com/dp/B00HG1JMB4?tag=eloabder-20&linkCode=osi&th=1&psc=1"><img src="https://m.media-amazon.com/images/I/31wv1eTLSgL._SL500_.jpg" alt="Product Image"></a><p>Anastasia Beverly Hills Contour Powder Kit - Light to Medium Women 0.66 oz</p><p>$40.00 ($60.61 / Ounce)</p><a href="https://www.amazon.com/dp/B00HG1JMB4?tag=eloabder-20&linkCode=osi&th=1&psc=1">View Product</a></div><div class="product"><a href="https://www.amazon.com/dp/B0CZLKZ5MV?tag=eloabder-20&linkCode=osi&th=1&psc=1"><img src="https://m.media-amazon.com/images/I/41bkKtdgzlL._SL500_.jpg" alt="Product Image"></a><p>3Pcs Cream Contour Stick Makeup Kit, Shades with Highlighter Stick, Blush Stick and Bronzer Contour Stick for Sculpt the Cheeks, Long Lasting, Waterproof, Matte & Dewy Finish (LIGHT MEDIUM)</p><p>$9.99</p><a href="https://www.amazon.com/dp/B0CZLKZ5MV?tag=eloabder-20&linkCode=osi&th=1&psc=1">View Product</a></div>
<div class="product"><a href="https://www.amazon.com/dp/B00WZQTCS8?tag=eloabder-20&linkCode=osi&th=1&psc=1"><img src="https://m.media-amazon.com/images/I/41iVoW5QboL._SL500_.jpg" alt="Product Image"></a><p>NYX PROFESSIONAL MAKEUP Micro Brow Pencil, Eyebrow Pencil - Espresso</p><p>$7.33</p><a href="https://www.amazon.com/dp/B00WZQTCS8?tag=eloabder-20&linkCode=osi&th=1&psc=1">View Product</a></div><div class="product"><a href="https://www.amazon.com/dp/B01643FI0I?tag=eloabder-20&linkCode=osi&th=1&psc=1"><img src="https://m.media-amazon.com/images/I/21w1DpgxRoL._SL500_.jpg" alt="Product Image"></a><p>L'Oreal Paris Makeup Brow Stylist Definer Waterproof Eyebrow Pencil, Ultra-Fine Mechanical Pencil, Draws Tiny Brow Hairs and Fills in Sparse Areas and Gaps, Dark Brunette, 0.003 Ounce (Pack of 1)</p><p>$8.98</p><a href="https://www.amazon.com/dp/B01643FI0I?tag=eloabder-20&linkCode=osi&th=1&psc=1">View Product</a></div><div class="product"><a href="https://www.amazon.com/dp/B074VD4X7W?tag=eloabder-20&linkCode=osi&th=1&psc=1"><img src="https://m.media-amazon.com/images/I/41eK8J1W2rL._SL500_.jpg" alt="Product Image"></a><p>Maybelline Total Temptation Eyebrow Definer Pencil, Soft Brown, 1 Count</p><p>$8.99</p><a href="https://www.amazon.com/dp/B074VD4X7W?tag=eloabder-20&linkCode=osi&th=1&psc=1">View Product</a></div><div class="product"><a href="https://www.amazon.com/dp/B0797NNXS7?tag=eloabder-20&linkCode=osi&th=1&psc=1"><img src="https://m.media-amazon.com/images/I/31M1oepnAnL._SL500_.jpg" alt="Product Image"></a><p>wet n wild Ultimate Eyebrow Retractable Definer Pencil, Dark Brown, Dual-Sided, Fine Tip, Shapes, Defines, Fills Brows Makeup</p><p>$3.26</p><a href="https://www.amazon.com/dp/B0797NNXS7?tag=eloabder-20&linkCode=osi&th=1&psc=1">View Product</a></div><div class="product"><a href="https://www.amazon.com/dp/B0B52KG7YP?tag=eloabder-20&linkCode=osi&th=1&psc=1"><img src="https://m.media-amazon.com/images/I/31Mi4FEPxYL._SL500_.jpg" alt="Product Image"></a><p>e.l.f. Instant Lift Brow Pencil, Dual-Ended Precision Brow Pencils For Shaping & Defining Eyebrows, Vegan & Cruelty-Free, Neutral Brown, 2-Pack</p><p>$5.00</p><a href="https://www.amazon.com/dp/B0B52KG7YP?tag=eloabder-20&linkCode=osi&th=1&psc=1">View Product</a></div><div class="product"><a href="https://www.amazon.com/dp/B0CPFY8K8W?tag=eloabder-20&linkCode=osi&th=1&psc=1"><img src="https://m.media-amazon.com/images/I/21SmXiqZZYL._SL500_.jpg" alt="Product Image"></a><p>e.l.f. Instant Lift Waterproof Brow Pencil, Long-Lasting Eyebrow Pencil For Grooming & Shaping Brows, Vegan & Cruelty-free, Deep Brown</p><p>$4.00</p><a href="https://www.amazon.com/dp/B0CPFY8K8W?tag=eloabder-20&linkCode=osi&th=1&psc=1">View Product</a></div><div class="product"><a href="https://www.amazon.com/dp/B0779TDXZD?tag=eloabder-20&linkCode=osi&th=1&psc=1"><img src="https://m.media-amazon.com/images/I/31lQjBd5GoL._SL500_.jpg" alt="Product Image"></a><p>COVERGIRL - Easy Breezy Brow Micro-Fine + Define Pencil, Micro-fine tip, no sharpening required, Built-in spoolie-brush, 100% Cruelty-Free</p><p>$6.98</p><a href="https://www.amazon.com/dp/B0779TDXZD?tag=eloabder-20&linkCode=osi&th=1&psc=1">View Product</a></div><div class="product"><a href="https://www.amazon.com/dp/B001ESKLZQ?tag=eloabder-20&linkCode=osi&th=1&psc=1"><img src="https://m.media-amazon.com/images/I/31bw47frHzS._SL500_.jpg" alt="Product Image"></a><p>COVERGIRL - Easy Breezy Brow Fill + Define Brow Pencil, Sharpener Included, Long-Lasting, Deeply Pigmented, Blendable Formula, 100% Cruelty-Free</p><p>$4.47</p><a href="https://www.amazon.com/dp/B001ESKLZQ?tag=eloabder-20&linkCode=osi&th=1&psc=1">View Product</a></div><div class="product"><a href="https://www.amazon.com/dp/B0BZB5S5VZ?tag=eloabder-20&linkCode=osi&th=1&psc=1"><img src="https://m.media-amazon.com/images/I/21yggYcUn7L._SL500_.jpg" alt="Product Image"></a><p>Maybelline Express Brow Ultra Slim Eyebrow Makeup, Brow Pencil with Precision Tip and Spoolie for Defined Eyebrows, Ash Brown, 1 Count</p><p>$7.99</p><a href="https://www.amazon.com/dp/B0BZB5S5VZ?tag=eloabder-20&linkCode=osi&th=1&psc=1">View Product</a></div><div class="product"><a href="https://www.amazon.com/dp/B0D12PWNK6?tag=eloabder-20&linkCode=osi&th=1&psc=1"><img src="https://m.media-amazon.com/images/I/51u7eOlEtFL._SL500_.jpg" alt="Product Image"></a><p>iMethod Microblading Eyebrow Pen - Eyebrow Pencil Magical 2-in-1 Dual-Ended Eye Brow Pencils for Women with 4-Fork-Tip & Precise Brush-Tip Create Natural Hair-Like Brows, Last All-Day, Dark Brown</p><p>$14.97 ($14.97 / Count)</p><a href="https://www.amazon.com/dp/B0D12PWNK6?tag=eloabder-20&linkCode=osi&th=1&psc=1">View Product</a></div>
<div class="product"><a href="https://www.amazon.com/dp/B08M58SWB1?tag=eloabder-20&linkCode=osi&th=1&psc=1"><img src="https://m.media-amazon.com/images/I/310xAdliG2L._SL500_.jpg" alt="Product Image"></a><p>NYX PROFESSIONAL MAKEUP The Brow Glue, Extreme Hold Eyebrow Gel - Clear</p><p>$9.97</p><a href="https://www.amazon.com/dp/B08M58SWB1?tag=eloabder-20&linkCode=osi&th=1&psc=1">View Product</a></div><div class="product"><a href="https://www.amazon.com/dp/B0CXZHMR7J?tag=eloabder-20&linkCode=osi&th=1&psc=1"><img src="https://m.media-amazon.com/images/I/31Yeo2ybK3L._SL500_.jpg" alt="Product Image"></a><p>L'Oreal Paris Infallible Up To 24H Wear Brow Lamination, Water-Resistant Longwear Eyebrow Gel Make Up, Clear/Transparent, 0.16 Fl Oz</p><p>$10.98</p><a href="https://www.amazon.com/dp/B0CXZHMR7J?tag=eloabder-20&linkCode=osi&th=1&psc=1">View Product</a></div><div class="product"><a href="https://www.amazon.com/dp/B00INCDKDQ?tag=eloabder-20&linkCode=osi&th=1&psc=1"><img src="https://m.media-amazon.com/images/I/31av5tR14oL._SL500_.jpg" alt="Product Image"></a><p>NYX PROFESSIONAL MAKEUP Control Freak Eyebrow Gel - Clear</p><p>$5.25</p><a href="https://www.amazon.com/dp/B00INCDKDQ?tag=eloabder-20&linkCode=osi&th=1&psc=1">View Product</a></div><div class="product"><a href="https://www.amazon.com/dp/B0815D98F3?tag=eloabder-20&linkCode=osi&th=1&psc=1"><img src="https://m.media-amazon.com/images/I/21QZMOUJnZL._SL500_.jpg" alt="Product Image"></a><p>e.l.f. Wow Brow Gel, Volumizing, Buildable, Wax-Gel Hybrid, Creates Full, Voluminous-Looking Brows, Locks Brow Hairs In Place, Neutral Brown, Fiber-Infused, 0.12 Oz</p><p>$5.00</p><a href="https://www.amazon.com/dp/B0815D98F3?tag=eloabder-20&linkCode=osi&th=1&psc=1">View Product</a></div><div class="product"><a href="https://www.amazon.com/dp/B0CZ9RC3LP?tag=eloabder-20&linkCode=osi&th=1&psc=1"><img src="https://m.media-amazon.com/images/I/31iejSSA86L._SL500_.jpg" alt="Product Image"></a><p>Maybelline Super Lock Brow Glue Eyebrow Gel, Lightweight Brow Gel For Up To 24HR Hold, Clear, 1 Count</p><p>$8.98</p><a href="https://www.amazon.com/dp/B0CZ9RC3LP?tag=eloabder-20&linkCode=osi&th=1&psc=1">View Product</a></div><div class="product"><a href="https://www.amazon.com/dp/B07GYBFBLY?tag=eloabder-20&linkCode=osi&th=1&psc=1"><img src="https://m.media-amazon.com/images/I/41kXdvFl3lL._SL500_.jpg" alt="Product Image"></a><p>L'Oreal Paris Unbelieva-Brow Longwear Waterproof Tinted Brow Gel, Smudge-resistant, Transfer- Proof, Quick Drying, Easy and quick application with precise brush, Blonde, 0.15 fl. oz.</p><p>$14.99</p><a href="https://www.amazon.com/dp/B07GYBFBLY?tag=eloabder-20&linkCode=osi&th=1&psc=1">View Product</a></div><div class="product"><a href="https://www.amazon.com/dp/B0BSP2J3BH?tag=eloabder-20&linkCode=osi&th=1&psc=1"><img src="https://m.media-amazon.com/images/I/316Jdh8JQ8L._SL500_.jpg" alt="Product Image"></a><p>e.l.f. Clear Lash & Brow Mascara 2-Pack, Conditioning Clear Brow & Lash Gel For Grooming, Defining & Separating, Long-Lasting, Vegan & Cruelty-Free</p><p>$5.00</p><a href="https://www.amazon.com/dp/B0BSP2J3BH?tag=eloabder-20&linkCode=osi&th=1&psc=1">View Product</a></div><div class="product"><a href="https://www.amazon.com/dp/B0D3FGY5D6?tag=eloabder-20&linkCode=osi&th=1&psc=1"><img src="https://m.media-amazon.com/images/I/31aAxHQKwVL._SL500_.jpg" alt="Product Image"></a><p>e.l.f. Brow Laminating Gel, Strong-Hold, Clear-Drying & Water-Resistant Brow Gel Creates Laminated Brows, Comb & Sculpt Brows, Vegan & Cruelty-free</p><p>$8.00</p><a href="https://www.amazon.com/dp/B0D3FGY5D6?tag=eloabder-20&linkCode=osi&th=1&psc=1">View Product</a></div><div class="product"><a href="https://www.amazon.com/dp/B00GI21NZA?tag=eloabder-20&linkCode=osi&th=1&psc=1"><img src="https://m.media-amazon.com/images/I/31w5F4g8lsL._SL500_.jpg" alt="Product Image"></a><p>Anastasia Beverly Hills - Clear Brow Gel</p><p>$22.00 ($22.00 / Count)</p><a href="https://www.amazon.com/dp/B00GI21NZA?tag=eloabder-20&linkCode=osi&th=1&psc=1">View Product</a></div>
<div class="product"><a href="https://www.amazon.com/dp/B001AAVC7Y?tag=eloabder-20&linkCode=osi&th=1&psc=1"><img src="https://m.media-amazon.com/images/I/51pWQb458XL._SL500_.jpg" alt="Product Image"></a><p>Palladio Brow Powder for Eyebrows, Soft and Natural Eyebrow Powder with Jojoba Oil & Shea Butter, Helps Enhance & Define Brows, Compact Size for Purse or Travel, Includes Applicator Brush, Taupe</p><p>$8.99</p><a href="https://www.amazon.com/dp/B001AAVC7Y?tag=eloabder-20&linkCode=osi&th=1&psc=1">View Product</a></div><div class="product"><a href="https://www.amazon.com/dp/B082YQ4QXJ?tag=eloabder-20&linkCode=osi&th=1&psc=1"><img src="https://m.media-amazon.com/images/I/41eSAKmXl+L._SL500_.jpg" alt="Product Image"></a><p>wet n wild Ultimate Eyebrow Makeup Kit, Eyebrow Powder Dark Brown, Brow Hair Removal Tweezers, Wax, Brush</p><p>$4.47</p><a href="https://www.amazon.com/dp/B082YQ4QXJ?tag=eloabder-20&linkCode=osi&th=1&psc=1">View Product</a></div><div class="product"><a href="https://www.amazon.com/dp/B06XRTKFLK?tag=eloabder-20&linkCode=osi&th=1&psc=1"><img src="https://m.media-amazon.com/images/I/41XwKxED0-L._SL500_.jpg" alt="Product Image"></a><p>COVERGIRL - Easy Breezy Brow Powder Kit, three shades brow definer, professional double-ended angled brush, effortless, 100% Cruelty-Free</p><p>$8.83</p><a href="https://www.amazon.com/dp/B06XRTKFLK?tag=eloabder-20&linkCode=osi&th=1&psc=1">View Product</a></div><div class="product"><a href="https://www.amazon.com/dp/B00L1JKKMC?tag=eloabder-20&linkCode=osi&th=1&psc=1"><img src="https://m.media-amazon.com/images/I/31bkV3lHN+L._SL500_.jpg" alt="Product Image"></a><p>Anastasia Beverly Hills - Brow Powder Duo - Soft Brown</p><p>$23.00</p><a href="https://www.amazon.com/dp/B00L1JKKMC?tag=eloabder-20&linkCode=osi&th=1&psc=1">View Product</a></div><div class="product"><a href="https://www.amazon.com/dp/B00MGK9Q5M?tag=eloabder-20&linkCode=osi&th=1&psc=1"><img src="https://m.media-amazon.com/images/I/415oCHJxIQL._SL500_.jpg" alt="Product Image"></a><p>Rimmel Brow This Way Sculpting Kit, Medium Brown, Powder 0.04 Ounce, Wax 0.03 Ounce</p><p>$6.99</p><a href="https://www.amazon.com/dp/B00MGK9Q5M?tag=eloabder-20&linkCode=osi&th=1&psc=1">View Product</a></div><div class="product"><a href="https://www.amazon.com/dp/B0051UM9VC?tag=eloabder-20&linkCode=osi&th=1&psc=1"><img src="https://m.media-amazon.com/images/I/41Y-UExgalL._SL500_.jpg" alt="Product Image"></a><p>Billion Dollar BrowBillion Dollar Brows - Eyebrow Powder - Blonde Powder, Blonde,</p><p>$10.99</p><a href="https://www.amazon.com/dp/B0051UM9VC?tag=eloabder-20&linkCode=osi&th=1&psc=1">View Product</a></div><div class="product"><a href="https://www.amazon.com/dp/B08KJBZTJG?tag=eloabder-20&linkCode=osi&th=1&psc=1"><img src="https://m.media-amazon.com/images/I/41MbUKhqKML._SL500_.jpg" alt="Product Image"></a><p>Eyebrow powder three-color eyebrow palette beauty contour eyebrow pencil professional eye makeup eyebrow filler1</p><p>$5.16 ($24.57 / Ounce)</p><a href="https://www.amazon.com/dp/B08KJBZTJG?tag=eloabder-20&linkCode=osi&th=1&psc=1">View Product</a></div><div class="product"><a href="https://www.amazon.com/dp/B0C5N2BWM2?tag=eloabder-20&linkCode=osi&th=1&psc=1"><img src="https://m.media-amazon.com/images/I/41JRf57GnvL._SL500_.jpg" alt="Product Image"></a><p>Eyebrow Powder Makeup Kit-3 Colors Eye Brow Powder Palette Long-Lasting Waterproof, Dark/light Brown Brow Filler, Fill & Sculpt Full Eyebrows for Women, With Mirror, Brow Brush & Razor-Set 02</p><p>$7.99 ($38.05 / Ounce)</p><a href="https://www.amazon.com/dp/B0C5N2BWM2?tag=eloabder-20&linkCode=osi&th=1&psc=1">View Product</a></div><div class="product"><a href="https://www.amazon.com/dp/B00M42I62G?tag=eloabder-20&linkCode=osi&th=1&psc=1"><img src="https://m.media-amazon.com/images/I/51Se54PcS2L._SL500_.jpg" alt="Product Image"></a><p>Marie-José & Co Medium Brown Eyebrow Powder - Perfect eyebrows, powder smooth!</p><p>$17.95</p><a href="https://www.amazon.com/dp/B00M42I62G?tag=eloabder-20&linkCode=osi&th=1&psc=1">View Product</a></div>
<div class="product"><a href="https://www.amazon.com/dp/B085WR3YDT?tag=eloabder-20&linkCode=osi&th=1&psc=1"><img src="https://m.media-amazon.com/images/I/41cuO8PyoTL._SL500_.jpg" alt="Product Image"></a><p>wet n wild Color Icon Cream Eyeshadow Multi-Stick, Moisturizing, Nourishing Velvety Cream-to-Powder Buildable & Blendable Formula, Cruelty-Free & Vegan - Champagne Room</p><p>$3.28</p><a href="https://www.amazon.com/dp/B085WR3YDT?tag=eloabder-20&linkCode=osi&th=1&psc=1">View Product</a></div><div class="product"><a href="https://www.amazon.com/dp/B01IW02HX2?tag=eloabder-20&linkCode=osi&th=1&psc=1"><img src="https://m.media-amazon.com/images/I/510F-WOAL4L._SL500_.jpg" alt="Product Image"></a><p>NYX PROFESSIONAL MAKEUP Ultimate Shadow Palette, Eyeshadow Palette - Warm Neutrals</p><p>$9.99</p><a href="https://www.amazon.com/dp/B01IW02HX2?tag=eloabder-20&linkCode=osi&th=1&psc=1">View Product</a></div><div class="product"><a href="https://www.amazon.com/dp/B092JQ23N5?tag=eloabder-20&linkCode=osi&th=1&psc=1"><img src="https://m.media-amazon.com/images/I/51OUufwItlL._SL500_.jpg" alt="Product Image"></a><p>URBAN DECAY 24/7 Longwear Eyeshadow Single (Sin - Champagne Shimmer), High-Pigment Eye Shadow Compact, Smooth & Blendable Colors, Crease-free, Vegan - 0.06 oz</p><p>$22.00</p><a href="https://www.amazon.com/dp/B092JQ23N5?tag=eloabder-20&linkCode=osi&th=1&psc=1">View Product</a></div><div class="product"><a href="https://www.amazon.com/dp/B00L5SMFJU?tag=eloabder-20&linkCode=osi&th=1&psc=1"><img src="https://m.media-amazon.com/images/I/41-WaM3A3tL._SL500_.jpg" alt="Product Image"></a><p>Covergirl Eye Enhancers Eye Shadow Palette, Natural Nudes, 0.19 Ounce</p><p>$5.48</p><a href="https://www.amazon.com/dp/B00L5SMFJU?tag=eloabder-20&linkCode=osi&th=1&psc=1">View Product</a></div><div class="product"><a href="https://www.amazon.com/dp/B01LW1983J?tag=eloabder-20&linkCode=osi&th=1&psc=1"><img src="https://m.media-amazon.com/images/I/51EsPf59XBL._SL500_.jpg" alt="Product Image"></a><p>Julep Eyeshadow 101 Crème to Powder Waterproof Eyeshadow Stick, Champagne Shimmer</p><p>$18.00</p><a href="https://www.amazon.com/dp/B01LW1983J?tag=eloabder-20&linkCode=osi&th=1&psc=1">View Product</a></div><div class="product"><a href="https://www.amazon.com/dp/B0D3FGFBGQ?tag=eloabder-20&linkCode=osi&th=1&psc=1"><img src="https://m.media-amazon.com/images/I/31HD2nUWJSL._SL500_.jpg" alt="Product Image"></a><p>e.l.f. Lock It Down Eyeshadow Primer, Smooth, Creamy Primer For Long-Lasting Eyeshadow, Intensifies Liquid & Powder Color, Vegan & Cruelty-free</p><p>$7.00</p><a href="https://www.amazon.com/dp/B0D3FGFBGQ?tag=eloabder-20&linkCode=osi&th=1&psc=1">View Product</a></div><div class="product"><a href="https://www.amazon.com/dp/B00UKP1M2K?tag=eloabder-20&linkCode=osi&th=1&psc=1"><img src="https://m.media-amazon.com/images/I/41hSsvPHKxL._SL500_.jpg" alt="Product Image"></a><p>Maybelline The Blushed Nudes Eyeshadow Palette Makeup, 12 Pigmented Matte & Shimmer Shades, Blendable Powder, 1 Count</p><p>$9.32</p><a href="https://www.amazon.com/dp/B00UKP1M2K?tag=eloabder-20&linkCode=osi&th=1&psc=1">View Product</a></div><div class="product"><a href="https://www.amazon.com/dp/B07MQJRK7N?tag=eloabder-20&linkCode=osi&th=1&psc=1"><img src="https://m.media-amazon.com/images/I/41yzRaUSPiL._SL500_.jpg" alt="Product Image"></a><p>Highly Pigmented Eye Makeup Palette, Matte Shimmer Metallic Eyeshadow Pallet Long Lasting Blendable Natural Colors Make Up Eye Shadows Cosmetics Gift Kit</p><p>$7.39</p><a href="https://www.amazon.com/dp/B07MQJRK7N?tag=eloabder-20&linkCode=osi&th=1&psc=1">View Product</a></div><div class="product"><a href="https://www.amazon.com/dp/B08RS6WNX7?tag=eloabder-20&linkCode=osi&th=1&psc=1"><img src="https://m.media-amazon.com/images/I/51qCii788PL._SL500_.jpg" alt="Product Image"></a><p>wet n wild Color Icon 5-Pan Palette Brown Walking On Eggshells</p><p>$3.19</p><a href="https://www.amazon.com/dp/B08RS6WNX7?tag=eloabder-20&linkCode=osi&th=1&psc=1">View Product</a></div><div class="product"><a href="https://www.amazon.com/dp/B073ZBGLJF?tag=eloabder-20&linkCode=osi&th=1&psc=1"><img src="https://m.media-amazon.com/images/I/41go9Ug8AOL._SL500_.jpg" alt="Product Image"></a><p>BestLand 2 Pack 12 Colors Makeup Nude Colors Eyeshadow Palette Natural Nude Matte Shimmer Glitter Pigment Eye Shadow Pallete Set Waterproof Smokey Professional Beauty Makeup Kit (2 PCS)</p><p>$9.99</p><a href="https://www.amazon.com/dp/B073ZBGLJF?tag=eloabder-20&linkCode=osi&th=1&psc=1">View Product</a></div>
<div class="product"><a href="https://www.amazon.com/dp/B095PSJ7QV?tag=eloabder-20&linkCode=osi&th=1&psc=1"><img src="https://m.media-amazon.com/images/I/41KLL00KKZL._SL500_.jpg" alt="Product Image"></a><p>URBAN DECAY Naked3 Mini Eyeshadow Palette - Pigmented Eye Makeup Palette For On the Go - Ultra Blendable - Up to 12 Hour Wear</p><p>$35.00</p><a href="https://www.amazon.com/dp/B095PSJ7QV?tag=eloabder-20&linkCode=osi&th=1&psc=1">View Product</a></div><div class="product"><a href="https://www.amazon.com/dp/B07DZZG8X4?tag=eloabder-20&linkCode=osi&th=1&psc=1"><img src="https://m.media-amazon.com/images/I/41Rbe3ixSHL._SL500_.jpg" alt="Product Image"></a><p>Rimmel London Magnif'Eyes Eyeshadow Palette, 12 Shades, Blendable Formula, Versatile, 007, Crimson, 0.5oz</p><p>$3.70</p><a href="https://www.amazon.com/dp/B07DZZG8X4?tag=eloabder-20&linkCode=osi&th=1&psc=1">View Product</a></div><div class="product"><a href="https://www.amazon.com/dp/B00HIFA24O?tag=eloabder-20&linkCode=osi&th=1&psc=1"><img src="https://m.media-amazon.com/images/I/41pHzrdjcPL._SL500_.jpg" alt="Product Image"></a><p>URBAN DECAY Naked 3, Soft Pink Neutral Eyeshadow Palette, Matte, Pearl, Metallic, Shimmer Finish, 12 Mauve Brown & Nude Eye Shadows, Natural Soft Glam Smokey Eye Makeup, Vegan, Cruelty-free</p><p>$59.00</p><a href="https://www.amazon.com/dp/B00HIFA24O?tag=eloabder-20&linkCode=osi&th=1&psc=1">View Product</a></div><div class="product"><a href="https://www.amazon.com/dp/B0CP49R493?tag=eloabder-20&linkCode=osi&th=1&psc=1"><img src="https://m.media-amazon.com/images/I/41mV4uKx5HL._SL500_.jpg" alt="Product Image"></a><p>FLYEEO Neutral Brown Eye Shadow palette- Rose Gold Dark Brown Eyeshadow Palette Colorful 9 Colors, Matte Shimmer Highly Pigmented Nude Eyeshadow Palette Makeup Naturing-Looking Long Lasting</p><p>$5.88</p><a href="https://www.amazon.com/dp/B0CP49R493?tag=eloabder-20&linkCode=osi&th=1&psc=1">View Product</a></div><div class="product"><a href="https://www.amazon.com/dp/B0CYX9V642?tag=eloabder-20&linkCode=osi&th=1&psc=1"><img src="https://m.media-amazon.com/images/I/51jaIKsO-uL._SL500_.jpg" alt="Product Image"></a><p>imakeupnow 45 Shades Eye Shadow Makeup Palette Set Colorful Bright, High Pigmented Eyeshadow Pallets, Matte Shimmer Glitter for Halloween</p><p>$7.59</p><a href="https://www.amazon.com/dp/B0CYX9V642?tag=eloabder-20&linkCode=osi&th=1&psc=1">View Product</a></div>
<div class="product"><a href="https://www.amazon.com/dp/B0C9TXLWLY?tag=eloabder-20&linkCode=osi&th=1&psc=1"><img src="https://m.media-amazon.com/images/I/31-5KVw5KDL._SL500_.jpg" alt="Product Image"></a><p>PRIME PROMETICS PrimeEyes Glide Eyeliner for Mature Women – Water-Resistant, Long-Stay and Mess-Proof – Gel Cream Texture, Discreet Sharpener and Effective Smudger (Black)</p><p>$28.00 ($28.00 / Count)</p><a href="https://www.amazon.com/dp/B0C9TXLWLY?tag=eloabder-20&linkCode=osi&th=1&psc=1">View Product</a></div><div class="product"><a href="https://www.amazon.com/dp/B07MWSXPT1?tag=eloabder-20&linkCode=osi&th=1&psc=1"><img src="https://m.media-amazon.com/images/I/315xthaPi6L._SL500_.jpg" alt="Product Image"></a><p>e.l.f. No Budge Retractable Eyeliner, Creamy, Ultra-Pigmented & Waterproof, Creates Bold & Defined Lines, Vegan & Cruelty-Free, Black 0.006 Oz</p><p>$4.00</p><a href="https://www.amazon.com/dp/B07MWSXPT1?tag=eloabder-20&linkCode=osi&th=1&psc=1">View Product</a></div><div class="product"><a href="https://www.amazon.com/dp/B07W8JJ61X?tag=eloabder-20&linkCode=osi&th=1&psc=1"><img src="https://m.media-amazon.com/images/I/31wj5vRROwL._SL500_.jpg" alt="Product Image"></a><p>Maybelline Hyper Easy Liquid Pen No-Skip Eyeliner, Satin Finish, Waterproof Formula, Pitch Black, 0.018 Fl Oz</p><p>$8.38</p><a href="https://www.amazon.com/dp/B07W8JJ61X?tag=eloabder-20&linkCode=osi&th=1&psc=1">View Product</a></div><div class="product"><a href="https://www.amazon.com/dp/B01J1A3TFW?tag=eloabder-20&linkCode=osi&th=1&psc=1"><img src="https://m.media-amazon.com/images/I/51z42sdOArL._SL500_.jpg" alt="Product Image"></a><p>Revlon Pencil Eyeliner, ColorStay Eye Makeup with Built-in Sharpener, Waterproof, Smudge-proof, Longwearing with Ultra-Fine Tip, 201 Black, 2 count (Pack of 1)</p><p>$11.38</p><a href="https://www.amazon.com/dp/B01J1A3TFW?tag=eloabder-20&linkCode=osi&th=1&psc=1">View Product</a></div><div class="product"><a href="https://www.amazon.com/dp/B074Y8LM6T?tag=eloabder-20&linkCode=osi&th=1&psc=1"><img src="https://m.media-amazon.com/images/I/316blXt1KxL._SL500_.jpg" alt="Product Image"></a><p>NYX PROFESSIONAL MAKEUP Epic Ink Liner, Waterproof Liquid Eyeliner - Black, Vegan Formula</p><p>$7.50</p><a href="https://www.amazon.com/dp/B074Y8LM6T?tag=eloabder-20&linkCode=osi&th=1&psc=1">View Product</a></div><div class="product"><a href="https://www.amazon.com/dp/B005G9E9FW?tag=eloabder-20&linkCode=osi&th=1&psc=1"><img src="https://m.media-amazon.com/images/I/51poZdEojrL._SL500_.jpg" alt="Product Image"></a><p>NYX PROFESSIONAL MAKEUP Vivid Rich Mechanical Eye Pencil, Vivid Rich Mechanical, Creamy Retractable Eyeliner - Smokin Topaz, Brown Eyeliner</p><p>$6.00</p><a href="https://www.amazon.com/dp/B005G9E9FW?tag=eloabder-20&linkCode=osi&th=1&psc=1">View Product</a></div><div class="product"><a href="https://www.amazon.com/dp/B082YQ8TXR?tag=eloabder-20&linkCode=osi&th=1&psc=1"><img src="https://m.media-amazon.com/images/I/31Et4E-arpL._SL500_.jpg" alt="Product Image"></a><p>wet n wild Mega Last Breakup Proof Liquid Eyeliner - Quick Drying, Smudge-Resistant, 16-Hour Wear - Cruelty-Free & Vegan - Black</p><p>$5.47</p><a href="https://www.amazon.com/dp/B082YQ8TXR?tag=eloabder-20&linkCode=osi&th=1&psc=1">View Product</a></div><div class="product"><a href="https://www.amazon.com/dp/B07NX61ZHN?tag=eloabder-20&linkCode=osi&th=1&psc=1"><img src="https://m.media-amazon.com/images/I/31kQNTwJazL._SL500_.jpg" alt="Product Image"></a><p>Rimmel London exaggerate auto waterproof eye definer in blackest black, 2 Count</p><p>$6.97</p><a href="https://www.amazon.com/dp/B07NX61ZHN?tag=eloabder-20&linkCode=osi&th=1&psc=1">View Product</a></div><div class="product"><a href="https://www.amazon.com/dp/B082YPRCMM?tag=eloabder-20&linkCode=osi&th=1&psc=1"><img src="https://m.media-amazon.com/images/I/317ubI9GTBL._SL500_.jpg" alt="Product Image"></a><p>wet n wild Mega Last Breakup Proof Eyeliner, Quick Drying, Waterproof, 16-Hour Wear - Cruelty-Free & Vegan - Blackest Black</p><p>$2.28</p><a href="https://www.amazon.com/dp/B082YPRCMM?tag=eloabder-20&linkCode=osi&th=1&psc=1">View Product</a></div><div class="product"><a href="https://www.amazon.com/dp/B07GX832KD?tag=eloabder-20&linkCode=osi&th=1&psc=1"><img src="https://m.media-amazon.com/images/I/315wR2F58-L._SL500_.jpg" alt="Product Image"></a><p>Maybelline TattooStudio Long-Lasting Sharpenable Eyeliner Pencil, Glide on Smooth Gel Pigments with 36 Hour Wear, Waterproof, Deep Onyx, 1 Count</p><p>$6.42</p><a href="https://www.amazon.com/dp/B07GX832KD?tag=eloabder-20&linkCode=osi&th=1&psc=1">View Product</a></div>
<div class="product"><a href="https://www.amazon.com/dp/B0BG7MWNNN?tag=eloabder-20&linkCode=osi&th=1&psc=1"><img src="https://m.media-amazon.com/images/I/41E8W4N+FkL._SL500_.jpg" alt="Product Image"></a><p>Prime Prometics PrimeLash Mascara for Older Women – Volumizing, Incredible Length in 2 Coats – Long-Stay, Zero Clumps, Hypoallergenic (Brown)</p><p>$28.00</p><a href="https://www.amazon.com/dp/B0BG7MWNNN?tag=eloabder-20&linkCode=osi&th=1&psc=1">View Product</a></div><div class="product"><a href="https://www.amazon.com/dp/B00T0C9XRK?tag=eloabder-20&linkCode=osi&th=1&psc=1"><img src="https://m.media-amazon.com/images/I/41IP2ZEXFNL._SL500_.jpg" alt="Product Image"></a><p>essence | Lash Princess False Lash Effect Mascara | Volumizing & Lengthening | Cruelty Free & Paraben Free</p><p>$4.99 ($12.17 / Fl Oz )</p><a href="https://www.amazon.com/dp/B00T0C9XRK?tag=eloabder-20&linkCode=osi&th=1&psc=1">View Product</a></div><div class="product"><a href="https://www.amazon.com/dp/B08H3JPH74?tag=eloabder-20&linkCode=osi&th=1&psc=1"><img src="https://m.media-amazon.com/images/I/31hf532TEHL._SL500_.jpg" alt="Product Image"></a><p>Maybelline Lash Sensational Sky High Washable Mascara Makeup, Volumizing, Lengthening, Defining, Curling, Multiplying, Buildable Formula, Blackest Black, 1 Count</p><p>$9.98</p><a href="https://www.amazon.com/dp/B08H3JPH74?tag=eloabder-20&linkCode=osi&th=1&psc=1">View Product</a></div><div class="product"><a href="https://www.amazon.com/dp/B01DPA6OHO?tag=eloabder-20&linkCode=osi&th=1&psc=1"><img src="https://m.media-amazon.com/images/I/31xGLWu4IKL._SL500_.jpg" alt="Product Image"></a><p>L'Oreal Paris Makeup Voluminous Lash Boosting Conditioning Primer Mascara, White Primer, 0.24 fl; oz.</p><p>$8.88</p><a href="https://www.amazon.com/dp/B01DPA6OHO?tag=eloabder-20&linkCode=osi&th=1&psc=1">View Product</a></div><div class="product"><a href="https://www.amazon.com/dp/B06XF2TR11?tag=eloabder-20&linkCode=osi&th=1&psc=1"><img src="https://m.media-amazon.com/images/I/31B6RR270IL._SL500_.jpg" alt="Product Image"></a><p>L'Oreal Paris Voluminous Makeup Lash Paradise Mascara, Voluptuous Volume, Intense Length, Feathery Soft Full Lashes, No Flaking, No Smudging, No Clumping, Blackest Black, 1 Count</p><p>$9.97</p><a href="https://www.amazon.com/dp/B06XF2TR11?tag=eloabder-20&linkCode=osi&th=1&psc=1">View Product</a></div><div class="product"><a href="https://www.amazon.com/dp/B004BCTFVS?tag=eloabder-20&linkCode=osi&th=1&psc=1"><img src="https://m.media-amazon.com/images/I/31-ICBRxi9L._SL500_.jpg" alt="Product Image"></a><p>L'Oreal Paris Makeup Voluminous Original Volume Building Mascara, Blackest Black, 0.28 fl; Oz, 1 Count</p><p>$8.95</p><a href="https://www.amazon.com/dp/B004BCTFVS?tag=eloabder-20&linkCode=osi&th=1&psc=1">View Product</a></div><div class="product"><a href="https://www.amazon.com/dp/B004BD107O?tag=eloabder-20&linkCode=osi&th=1&psc=1"><img src="https://m.media-amazon.com/images/I/31OWqsdljyL._SL500_.jpg" alt="Product Image"></a><p>L'Oreal Paris Makeup Telescopic Original Lengthening Mascara, Blackest Black, 0.27 Fl Oz (1 Count)</p><p>$10.99</p><a href="https://www.amazon.com/dp/B004BD107O?tag=eloabder-20&linkCode=osi&th=1&psc=1">View Product</a></div><div class="product"><a href="https://www.amazon.com/dp/B00PFCT2R0?tag=eloabder-20&linkCode=osi&th=1&psc=1"><img src="https://m.media-amazon.com/images/I/31RyE6ZtDIL._SL500_.jpg" alt="Product Image"></a><p>Maybelline Lash Sensational Washable Mascara, Lengthening and Volumizing for a Full Fan Effect, Blackest Black, 1 Count</p><p>$8.91</p><a href="https://www.amazon.com/dp/B00PFCT2R0?tag=eloabder-20&linkCode=osi&th=1&psc=1">View Product</a></div><div class="product"><a href="https://www.amazon.com/dp/B08TPCHYLW?tag=eloabder-20&linkCode=osi&th=1&psc=1"><img src="https://m.media-amazon.com/images/I/31EWIaihEwL._SL500_.jpg" alt="Product Image"></a><p>Lancôme Lash Idôle Lash-Lifting & Volumizing Mascara - Black Mascara for Instant Volume, Length & Lift - Smudge Proof & Up To 24H Wear - Black</p><p>$30.00 ($111.11 / Fl Oz)</p><a href="https://www.amazon.com/dp/B08TPCHYLW?tag=eloabder-20&linkCode=osi&th=1&psc=1">View Product</a></div><div class="product"><a href="https://www.amazon.com/dp/B079X4DB3J?tag=eloabder-20&linkCode=osi&th=1&psc=1"><img src="https://m.media-amazon.com/images/I/31jCqqzhgIL._SL500_.jpg" alt="Product Image"></a><p>essence | Volume Booster Lash Primer Mascara | Infused with Mango Butter and Acai Oil for Nurtured Lashes | Conditioning Mascara Primer | White | Vegan | Paraben & Cruelty Free (Pack of 1)</p><p>$4.99</p><a href="https://www.amazon.com/dp/B079X4DB3J?tag=eloabder-20&linkCode=osi&th=1&psc=1">View Product</a></div>
<div class="product"><a href="https://www.amazon.com/dp/B079B8BFR3?tag=eloabder-20&linkCode=osi&th=1&psc=1"><img src="https://m.media-amazon.com/images/I/41DSmndr3KL._SL500_.jpg" alt="Product Image"></a><p>KISS Looks So Natural, False Eyelashes, Shy', 12 mm, Includes 5 Pairs Of Lashes, Contact Lens Friendly, Easy to Apply, Reusable Strip Lashes, Glue On</p><p>$7.09</p><a href="https://www.amazon.com/dp/B079B8BFR3?tag=eloabder-20&linkCode=osi&th=1&psc=1">View Product</a></div><div class="product"><a href="https://www.amazon.com/dp/B09MQCDVM7?tag=eloabder-20&linkCode=osi&th=1&psc=1"><img src="https://m.media-amazon.com/images/I/510lQqrrVtL._SL500_.jpg" alt="Product Image"></a><p>False Eyelashes 14mm Faux 3D Mink Lashes Natural Look Fluffy Cat Eye Wispy Lashes Pack by Kiromiro, 14 Pairs</p><p>$8.89</p><a href="https://www.amazon.com/dp/B09MQCDVM7?tag=eloabder-20&linkCode=osi&th=1&psc=1">View Product</a></div><div class="product"><a href="https://www.amazon.com/dp/B0C5QK1QHP?tag=eloabder-20&linkCode=osi&th=1&psc=1"><img src="https://m.media-amazon.com/images/I/51eSQ4cj35L._SL500_.jpg" alt="Product Image"></a><p>Veleasha Lashes 5D Faux Mink Lashes 100% Handmade Luxurious Fake Eyelashes Lightweight Fluffy False Eyelashes 5 Pairs Pack (G2)</p><p>$6.98 ($1.40 / Count)</p><a href="https://www.amazon.com/dp/B0C5QK1QHP?tag=eloabder-20&linkCode=osi&th=1&psc=1">View Product</a></div><div class="product"><a href="https://www.amazon.com/dp/B00DS4EIEE?tag=eloabder-20&linkCode=osi&th=1&psc=1"><img src="https://m.media-amazon.com/images/I/415k4JSKxOL._SL500_.jpg" alt="Product Image"></a><p>KISS So Wispy, False Eyelashes, Style #11', 12 mm, Includes 5 Pairs Of Lashes, Contact Lens Friendly, Easy to Apply, Reusable Strip Lashes, Glue On, Mulitpack</p><p>$8.97 ($1.79 / Count)</p><a href="https://www.amazon.com/dp/B00DS4EIEE?tag=eloabder-20&linkCode=osi&th=1&psc=1">View Product</a></div><div class="product"><a href="https://www.amazon.com/dp/B08R6PR7ND?tag=eloabder-20&linkCode=osi&th=1&psc=1"><img src="https://m.media-amazon.com/images/I/41r4c3ZiCWL._SL500_.jpg" alt="Product Image"></a><p>KISS My Lash But Better, False Eyelashes, All Mine', 10 mm, Includes 1 Pair Of Lashes, Contact Lens Friendly, Easy to Apply, Reusable Strip Lashes, Glue-On</p><p>$3.97</p><a href="https://www.amazon.com/dp/B08R6PR7ND?tag=eloabder-20&linkCode=osi&th=1&psc=1">View Product</a></div><div class="product"><a href="https://www.amazon.com/dp/B0B1LRRTCH?tag=eloabder-20&linkCode=osi&th=1&psc=1"><img src="https://m.media-amazon.com/images/I/41gc2Df+nAL._SL500_.jpg" alt="Product Image"></a><p>GMAGICTOBO False Eyelashes Natural Half Lashes Short Wispy Clear Band Lashes Pack Cat Eye 3D Faux Mink Lashes Fake Eyelashes 7 Pairs Multipack</p><p>$8.59 ($1.23 / Count)</p><a href="https://www.amazon.com/dp/B0B1LRRTCH?tag=eloabder-20&linkCode=osi&th=1&psc=1">View Product</a></div><div class="product"><a href="https://www.amazon.com/dp/B0BX3YHN14?tag=eloabder-20&linkCode=osi&th=1&psc=1"><img src="https://m.media-amazon.com/images/I/51YYa1vTElL._SL500_.jpg" alt="Product Image"></a><p>KISS imPRESS Falsies False Eyelashes, Lash Clusters, Voluminous', 14 mm, Includes 20 Clusters, 1 applicator, Contact Lens Friendly, Easy to Apply, Reusable Strip Lashes</p><p>$12.72</p><a href="https://www.amazon.com/dp/B0BX3YHN14?tag=eloabder-20&linkCode=osi&th=1&psc=1">View Product</a></div><div class="product"><a href="https://www.amazon.com/dp/B00YYHHI1E?tag=eloabder-20&linkCode=osi&th=1&psc=1"><img src="https://m.media-amazon.com/images/I/419bv9iNI9L._SL500_.jpg" alt="Product Image"></a><p>Ardell False Eyelashes Demi Wispies Black, 1 pack (6 pairs per pack)</p><p>$9.74 ($1.95 / Count)</p><a href="https://www.amazon.com/dp/B00YYHHI1E?tag=eloabder-20&linkCode=osi&th=1&psc=1">View Product</a></div><div class="product"><a href="https://www.amazon.com/dp/B0CG5SY8J1?tag=eloabder-20&linkCode=osi&th=1&psc=1"><img src="https://m.media-amazon.com/images/I/41SWlZB3plL._SL500_.jpg" alt="Product Image"></a><p>Natural Lashes Natural Eyelashes Short Eyelashes Natural Look False Eyelashes Wispy Eye Lashes 10mm Small Lashes Fake Lashes K50</p><p>$7.93 ($1.13 / Count)</p><a href="https://www.amazon.com/dp/B0CG5SY8J1?tag=eloabder-20&linkCode=osi&th=1&psc=1">View Product</a></div><div class="product"><a href="https://www.amazon.com/dp/B08SPVMDTV?tag=eloabder-20&linkCode=osi&th=1&psc=1"><img src="https://m.media-amazon.com/images/I/41Q6wh0HacL._SL500_.jpg" alt="Product Image"></a><p>KISS Falscara Multipack False Eyelashes, Lash Clusters, Natural Wispy Wisps', 10mm-12mm-14mm, Includes 24 Assorted Lengths Wisps, Contact Lens Friendly, Easy to Apply, Reusable Strip Lashes</p><p>$6.47 ($0.27 / Count)</p><a href="https://www.amazon.com/dp/B08SPVMDTV?tag=eloabder-20&linkCode=osi&th=1&psc=1">View Product</a></div>
<div class="product"><a href="https://www.amazon.com/dp/B01BMMOAFU?tag=eloabder-20&linkCode=osi&th=1&psc=1"><img src="https://m.media-amazon.com/images/I/41RH+KsNzoS._SL500_.jpg" alt="Product Image"></a><p>KISS Strip Lash Adhesive, Lash Glue, 24hr Strip Eyelash Adhesive, Clear, Includes Lash Adhesive, Long Lasting Wear, Can Be Used with Strip Lashes and Lash Clusters</p><p>$3.97 ($23.35 / Ounce)</p><a href="https://www.amazon.com/dp/B01BMMOAFU?tag=eloabder-20&linkCode=osi&th=1&psc=1">View Product</a></div><div class="product"><a href="https://www.amazon.com/dp/B0BFRB2LNS?tag=eloabder-20&linkCode=osi&th=1&psc=1"><img src="https://m.media-amazon.com/images/I/41uxD-vIXQL._SL500_.jpg" alt="Product Image"></a><p>Cluster Lash Bond and Seal, Lash Cluster Glue for Individual Eyelash Extensions Strong Hold Individual Lash Glue Individual Eyelashes Glue Mascara for Personal Makeup Use at Home(5ml)</p><p>$8.99 ($52.88 / Fl Oz)</p><a href="https://www.amazon.com/dp/B0BFRB2LNS?tag=eloabder-20&linkCode=osi&th=1&psc=1">View Product</a></div><div class="product"><a href="https://www.amazon.com/dp/B006UZMXZY?tag=eloabder-20&linkCode=osi&th=1&psc=1"><img src="https://m.media-amazon.com/images/I/41YrQ9QUhlL._SL500_.jpg" alt="Product Image"></a><p>DUO Brush-On Lash Adhesive with Vitamins A, C & E, Clear, 0.18 oz, 1-Pack</p><p>$4.92 ($27.33 / Ounce)</p><a href="https://www.amazon.com/dp/B006UZMXZY?tag=eloabder-20&linkCode=osi&th=1&psc=1">View Product</a></div><div class="product"><a href="https://www.amazon.com/dp/B0BVLL8ZQF?tag=eloabder-20&linkCode=osi&th=1&psc=1"><img src="https://m.media-amazon.com/images/I/41OSC3l2NuL._SL500_.jpg" alt="Product Image"></a><p>Lash Glue Bond and Seal Long Lasting Strong Hold Waterproof 2 in 1 Cluster Eyelash Glue for DIY Lash Extensions by Mavphnee</p><p>$7.99 ($23.50 / Fl Oz)</p><a href="https://www.amazon.com/dp/B0BVLL8ZQF?tag=eloabder-20&linkCode=osi&th=1&psc=1">View Product</a></div><div class="product"><a href="https://www.amazon.com/dp/B01N143CA0?tag=eloabder-20&linkCode=osi&th=1&psc=1"><img src="https://m.media-amazon.com/images/I/31DwI2yjwYL._SL500_.jpg" alt="Product Image"></a><p>Extra Strong Eyelash Extension Glue Stacy Lash (0.17fl.oz / 5ml) / 0.5-1 Sec Dry/Retention – 8 Weeks/Black Adhesive/Professional Supplies</p><p>$21.49 ($126.41 / Fl Oz)</p><a href="https://www.amazon.com/dp/B01N143CA0?tag=eloabder-20&linkCode=osi&th=1&psc=1">View Product</a></div><div class="product"><a href="https://www.amazon.com/dp/B00RH8XUZK?tag=eloabder-20&linkCode=osi&th=1&psc=1"><img src="https://m.media-amazon.com/images/I/41ywEIr4LGL._SL500_.jpg" alt="Product Image"></a><p>i-Envy by KISS Super Strong Hold Eyelash Adhesive, Brush on, Waterproof Long-Lasting Strip Lash Glue, Natural-Looking Allergy & Latex Free with Brush Applicator (Clear)</p><p>$5.09</p><a href="https://www.amazon.com/dp/B00RH8XUZK?tag=eloabder-20&linkCode=osi&th=1&psc=1">View Product</a></div><div class="product"><a href="https://www.amazon.com/dp/B0B138BNSQ?tag=eloabder-20&linkCode=osi&th=1&psc=1"><img src="https://m.media-amazon.com/images/I/41y28D4CT2L._SL500_.jpg" alt="Product Image"></a><p>AOA Studio Eyelash Lash Glue Enhancers 4pcs Strip Lash Adhesive Strong Hold Water Proof Formula No Irritation Latex Free Long Lasing Quick Dry Eyelash adhesive 0.17oz Each (4 Pack) (Clear)</p><p>$8.95 ($2.24 / Count)</p><a href="https://www.amazon.com/dp/B0B138BNSQ?tag=eloabder-20&linkCode=osi&th=1&psc=1">View Product</a></div><div class="product"><a href="https://www.amazon.com/dp/B0CGKV8WRR?tag=eloabder-20&linkCode=osi&th=1&psc=1"><img src="https://m.media-amazon.com/images/I/31KsdJxWyQL._SL500_.jpg" alt="Product Image"></a><p>FlutterHabit Made for This Adhesive Lash Glue for Eyelash Extensions - Your Ultimate All-Day Hold Lash Cluster Glue for Effortless, Stunning, and Long-Lasting Eyelashes - All-in-one Lash Glue</p><p>$17.99</p><a href="https://www.amazon.com/dp/B0CGKV8WRR?tag=eloabder-20&linkCode=osi&th=1&psc=1">View Product</a></div><div class="product"><a href="https://www.amazon.com/dp/B09HK77CF1?tag=eloabder-20&linkCode=osi&th=1&psc=1"><img src="https://m.media-amazon.com/images/I/41md8lf4CYL._SL500_.jpg" alt="Product Image"></a><p>Lilac St - Pro Lash Glue - Long Lasting & Fast Drying Lash Application - Mini Mascara Wand Applicator - Latex Free - Vegan & Cruelty Free - Black</p><p>$19.00 ($111.76 / Ounce)</p><a href="https://www.amazon.com/dp/B09HK77CF1?tag=eloabder-20&linkCode=osi&th=1&psc=1">View Product</a></div><div class="product"><a href="https://www.amazon.com/dp/B07BGT18DP?tag=eloabder-20&linkCode=osi&th=1&psc=1"><img src="https://m.media-amazon.com/images/I/41FjwdBfRYL._SL500_.jpg" alt="Product Image"></a><p>Extra Strong Evolution Eyelash Extension Glue Stacy Lash (0.17fl.oz/5ml)/1-2 Sec Dry/Retention – 8 Weeks/Professional Supplies/Black Adhesive</p><p>$21.99 ($129.35 / Fl Oz)</p><a href="https://www.amazon.com/dp/B07BGT18DP?tag=eloabder-20&linkCode=osi&th=1&psc=1">View Product</a></div>
<div class="product"><a href="https://www.amazon.com/dp/B09T8DQ1SG?tag=eloabder-20&linkCode=osi&th=1&psc=1"><img src="https://m.media-amazon.com/images/I/41gpuwrIhOL._SL500_.jpg" alt="Product Image"></a><p>Maybelline Super Stay Vinyl Ink Longwear No-Budge Liquid Lipcolor Makeup, Highly Pigmented Color and Instant Shine, Royal, Deep Wine Red Lipstick, 0.14 fl oz, 1 Count</p><p>$9.98</p><a href="https://www.amazon.com/dp/B09T8DQ1SG?tag=eloabder-20&linkCode=osi&th=1&psc=1">View Product</a></div><div class="product"><a href="https://www.amazon.com/dp/B08H4FSGDX?tag=eloabder-20&linkCode=osi&th=1&psc=1"><img src="https://m.media-amazon.com/images/I/31OAiyoloML._SL500_.jpg" alt="Product Image"></a><p>Maybelline Super Stay Matte Ink Liquid Lipstick Makeup, Long Lasting High Impact Color, Up to 16H Wear, Exhilarator, Ruby Red, 1 Count</p><p>$9.18</p><a href="https://www.amazon.com/dp/B08H4FSGDX?tag=eloabder-20&linkCode=osi&th=1&psc=1">View Product</a></div><div class="product"><a href="https://www.amazon.com/dp/B07XTTDTWR?tag=eloabder-20&linkCode=osi&th=1&psc=1"><img src="https://m.media-amazon.com/images/I/31M4QldCq3L._SL500_.jpg" alt="Product Image"></a><p>REVLON Lipstick, Super Lustrous Lipstick, Creamy Formula For Soft, Fuller-Looking Lips, Moisturized Feel in Nudes & Browns, Bare It All (755) 0.15 oz</p><p>$6.48</p><a href="https://www.amazon.com/dp/B07XTTDTWR?tag=eloabder-20&linkCode=osi&th=1&psc=1">View Product</a></div><div class="product"><a href="https://www.amazon.com/dp/B079KFP7NT?tag=eloabder-20&linkCode=osi&th=1&psc=1"><img src="https://m.media-amazon.com/images/I/41Ih8G0FSmL._SL500_.jpg" alt="Product Image"></a><p>wet n wild Silk Finish Lipstick, Hydrating Rich Buildable Lip Color, Formulated with Vitamins A,E, & Macadamia for Ultimate Hydration, Cruelty-Free & Vegan - Raging Red</p><p>$1.29</p><a href="https://www.amazon.com/dp/B079KFP7NT?tag=eloabder-20&linkCode=osi&th=1&psc=1">View Product</a></div><div class="product"><a href="https://www.amazon.com/dp/B002F3R44K?tag=eloabder-20&linkCode=osi&th=1&psc=1"><img src="https://m.media-amazon.com/images/I/41-gXIE96GL._SL500_.jpg" alt="Product Image"></a><p>Revlon Lipstick, Super Lustrous Lipstick, Creamy Formula For Soft, Fuller-Looking Lips, Moisturized Feel in Pinks, Pink In The Afternoon (415) 0.15 oz</p><p>$6.48</p><a href="https://www.amazon.com/dp/B002F3R44K?tag=eloabder-20&linkCode=osi&th=1&psc=1">View Product</a></div><div class="product"><a href="https://www.amazon.com/dp/B001LFER98?tag=eloabder-20&linkCode=osi&th=1&psc=1"><img src="https://m.media-amazon.com/images/I/41wezVKuIoL._SL500_.jpg" alt="Product Image"></a><p>REVLON Lipstick, Super Lustrous Lipstick, Creamy Formula For Soft, Fuller-Looking Lips, Moisturized Feel in Reds & Corals, Peach Me (628) 0.15 oz</p><p>$4.99</p><a href="https://www.amazon.com/dp/B001LFER98?tag=eloabder-20&linkCode=osi&th=1&psc=1">View Product</a></div><div class="product"><a href="https://www.amazon.com/dp/B0046VESH0?tag=eloabder-20&linkCode=osi&th=1&psc=1"><img src="https://m.media-amazon.com/images/I/31yAUm+1KhL._SL500_.jpg" alt="Product Image"></a><p>MAYBELLINE Super Stay 24, 2-Step Liquid Lipstick Makeup, Long Lasting Highly Pigmented Color with Moisturizing Balm, Blush On, Pink, 1 Count</p><p>$8.98</p><a href="https://www.amazon.com/dp/B0046VESH0?tag=eloabder-20&linkCode=osi&th=1&psc=1">View Product</a></div>
<div class="product"><a href="https://www.amazon.com/dp/B09SP2XHKT?tag=eloabder-20&linkCode=osi&th=1&psc=1"><img src="https://m.media-amazon.com/images/I/31KGrScgA8L._SL500_.jpg" alt="Product Image"></a><p>NYX PROFESSIONAL MAKEUP Butter Gloss, Non-Sticky Lip Gloss - Sugar Glass (Clear)</p><p>$5.97</p><a href="https://www.amazon.com/dp/B09SP2XHKT?tag=eloabder-20&linkCode=osi&th=1&psc=1">View Product</a></div><div class="product"><a href="https://www.amazon.com/dp/B08GSTZ7ZW?tag=eloabder-20&linkCode=osi&th=1&psc=1"><img src="https://m.media-amazon.com/images/I/41nPuTtXVgL._SL500_.jpg" alt="Product Image"></a><p>Ruby Kisses Broadway Vita-Lip Clear Lip Gloss - Moisturizing, Hydrating, Nourishing with Mint, Rosehip, Coconut, Mango, Argan, Honey & Shea</p><p>$7.99 ($2.12 / Ounce)</p><a href="https://www.amazon.com/dp/B08GSTZ7ZW?tag=eloabder-20&linkCode=osi&th=1&psc=1">View Product</a></div><div class="product"><a href="https://www.amazon.com/dp/B015RPE14S?tag=eloabder-20&linkCode=osi&th=1&psc=1"><img src="https://m.media-amazon.com/images/I/31FRC3fz7EL._SL500_.jpg" alt="Product Image"></a><p>L.A. Colors High Shine Shea Butter Lip Gloss, Clear, 0.14 Ounce</p><p>$1.98</p><a href="https://www.amazon.com/dp/B015RPE14S?tag=eloabder-20&linkCode=osi&th=1&psc=1">View Product</a></div><div class="product"><a href="https://www.amazon.com/dp/B00Q26VWZI?tag=eloabder-20&linkCode=osi&th=1&psc=1"><img src="https://m.media-amazon.com/images/I/31Bqig96T0L._SL500_.jpg" alt="Product Image"></a><p>Rimmel Stay Glossy Lip Gloss - Non-Sticky and Lightweight Formula for Lip Color and Shine - 130 Blushing Belgraves, .18oz</p><p>$3.97</p><a href="https://www.amazon.com/dp/B00Q26VWZI?tag=eloabder-20&linkCode=osi&th=1&psc=1">View Product</a></div><div class="product"><a href="https://www.amazon.com/dp/B081C6PXZJ?tag=eloabder-20&linkCode=osi&th=1&psc=1"><img src="https://m.media-amazon.com/images/I/51+emO79aqL._SL500_.jpg" alt="Product Image"></a><p>NICKA K NEW YORK VARIETY SET OF 5 NK Hydrating Lip Gel - Vitamin E (Clear, Rosehip Oil, Bubble Gum, Cherry, Strawberry)</p><p>$5.41</p><a href="https://www.amazon.com/dp/B081C6PXZJ?tag=eloabder-20&linkCode=osi&th=1&psc=1">View Product</a></div><div class="product"><a href="https://www.amazon.com/dp/B085S94V2K?tag=eloabder-20&linkCode=osi&th=1&psc=1"><img src="https://m.media-amazon.com/images/I/41fsuEw2mbL._SL500_.jpg" alt="Product Image"></a><p>Maybelline Lifter Gloss, Hydrating Lip Gloss with Hyaluronic Acid, Moon, Nude Pink, 0.18 Ounce</p><p>$7.71</p><a href="https://www.amazon.com/dp/B085S94V2K?tag=eloabder-20&linkCode=osi&th=1&psc=1">View Product</a></div><div class="product"><a href="https://www.amazon.com/dp/B01N1ZC8JZ?tag=eloabder-20&linkCode=osi&th=1&psc=1"><img src="https://m.media-amazon.com/images/I/41fsaqWz6SL._SL500_.jpg" alt="Product Image"></a><p>Broadway Vita-Lip Clear Lip Gloss 0.47oz/14ml (5PCS Mint & Coconut & Rosehip & Mango Butter & Argan Oil) (5 PCS SET)</p><p>$5.99</p><a href="https://www.amazon.com/dp/B01N1ZC8JZ?tag=eloabder-20&linkCode=osi&th=1&psc=1">View Product</a></div><div class="product"><a href="https://www.amazon.com/dp/B07DY2QRF6?tag=eloabder-20&linkCode=osi&th=1&psc=1"><img src="https://m.media-amazon.com/images/I/31qXrVfhvCL._SL500_.jpg" alt="Product Image"></a><p>LANEIGE Lip Glowy Balm Berry: Hydrate, Glossy, Lightweight, Moisturize & Tint with Shea Butter</p><p>$19.00 ($54.29 / Ounce)</p><a href="https://www.amazon.com/dp/B07DY2QRF6?tag=eloabder-20&linkCode=osi&th=1&psc=1">View Product</a></div><div class="product"><a href="https://www.amazon.com/dp/B0BSR85M24?tag=eloabder-20&linkCode=osi&th=1&psc=1"><img src="https://m.media-amazon.com/images/I/31eKHNoE3KL._SL500_.jpg" alt="Product Image"></a><p>e.l.f. Lip Lacquer, Nourishing, Non-Sticky Ultra-Shine Lip Gloss With Sheer Color, Infused With Vitamins A & E, Vegan & Cruelty-Free, Whisper Pink</p><p>$3.00</p><a href="https://www.amazon.com/dp/B0BSR85M24?tag=eloabder-20&linkCode=osi&th=1&psc=1">View Product</a></div><div class="product"><a href="https://www.amazon.com/dp/B09DMGWJKY?tag=eloabder-20&linkCode=osi&th=1&psc=1"><img src="https://m.media-amazon.com/images/I/41nIFmIKHRL._SL500_.jpg" alt="Product Image"></a><p>Broadway Vita-Lip Clear Lip Gloss Moisturizing Hydrating Nourishing Long Lasting High Shine Glossy Lip Care Gloss 0.47oz/14ml (10 PCS SET)</p><p>$9.99</p><a href="https://www.amazon.com/dp/B09DMGWJKY?tag=eloabder-20&linkCode=osi&th=1&psc=1">View Product</a></div>
<div class="product"><a href="https://www.amazon.com/dp/B079ZX2QBD?tag=eloabder-20&linkCode=osi&th=1&psc=1"><img src="https://m.media-amazon.com/images/I/41b133H9ouL._SL500_.jpg" alt="Product Image"></a><p>NYX PROFESSIONAL MAKEUP Slim Lip Pencil, Long-Lasting Creamy Lip Liner - Espresso</p><p>$3.99</p><a href="https://www.amazon.com/dp/B079ZX2QBD?tag=eloabder-20&linkCode=osi&th=1&psc=1">View Product</a></div><div class="product"><a href="https://www.amazon.com/dp/B01LTI19EM?tag=eloabder-20&linkCode=osi&th=1&psc=1"><img src="https://m.media-amazon.com/images/I/31dqwnDSWYL._SL500_.jpg" alt="Product Image"></a><p>Revlon Lip Liner, Colorstay Lip Makeup with Built-in-Sharpener, Longwear Rich Lip Colors, Smooth Application, 630 Nude, 0.01 oz</p><p>$6.94</p><a href="https://www.amazon.com/dp/B01LTI19EM?tag=eloabder-20&linkCode=osi&th=1&psc=1">View Product</a></div><div class="product"><a href="https://www.amazon.com/dp/B07PKW2MKF?tag=eloabder-20&linkCode=osi&th=1&psc=1"><img src="https://m.media-amazon.com/images/I/41Z7GVpsqBL._SL500_.jpg" alt="Product Image"></a><p>wet n wild Lip Liner Perfect Pout Matte Retractable Gel Lip Liner Pencil, Purple Lay Down the Mauves</p><p>$3.29</p><a href="https://www.amazon.com/dp/B07PKW2MKF?tag=eloabder-20&linkCode=osi&th=1&psc=1">View Product</a></div><div class="product"><a href="https://www.amazon.com/dp/B0CMYQBRTW?tag=eloabder-20&linkCode=osi&th=1&psc=1"><img src="https://m.media-amazon.com/images/I/21uY0T3ER3L._SL500_.jpg" alt="Product Image"></a><p>e.l.f. Cream Glide Lip Liner, Highly-Pigmented Pencil For Shaping & Sculpting Lips, Semi-Matte Finish, Vegan & Cruelty-Free, Truth or Bare</p><p>$2.00</p><a href="https://www.amazon.com/dp/B0CMYQBRTW?tag=eloabder-20&linkCode=osi&th=1&psc=1">View Product</a></div><div class="product"><a href="https://www.amazon.com/dp/B01LZ2A9H5?tag=eloabder-20&linkCode=osi&th=1&psc=1"><img src="https://m.media-amazon.com/images/I/317eibjWZ1L._SL500_.jpg" alt="Product Image"></a><p>Maybelline Color Sensational Shaping Lip Liner with Self-Sharpening Tip, Magnetic Mauve, Mauve Pink, 1 Count</p><p>$6.98</p><a href="https://www.amazon.com/dp/B01LZ2A9H5?tag=eloabder-20&linkCode=osi&th=1&psc=1">View Product</a></div><div class="product"><a href="https://www.amazon.com/dp/B0CZBMYB36?tag=eloabder-20&linkCode=osi&th=1&psc=1"><img src="https://m.media-amazon.com/images/I/313kn3zESlL._SL500_.jpg" alt="Product Image"></a><p>MAYBELLINE Lifter Liner Lip Liner Pencil with Hyaluronic Acid, On It, 1 Count</p><p>$7.98</p><a href="https://www.amazon.com/dp/B0CZBMYB36?tag=eloabder-20&linkCode=osi&th=1&psc=1">View Product</a></div><div class="product"><a href="https://www.amazon.com/dp/B013VWRYXE?tag=eloabder-20&linkCode=osi&th=1&psc=1"><img src="https://m.media-amazon.com/images/I/51DYeydMNqL._SL500_.jpg" alt="Product Image"></a><p>12pc Italia Deluxe Ultra Fine Lip Liner set of 12 color</p><p>$9.85</p><a href="https://www.amazon.com/dp/B013VWRYXE?tag=eloabder-20&linkCode=osi&th=1&psc=1">View Product</a></div><div class="product"><a href="https://www.amazon.com/dp/B08CFSS35N?tag=eloabder-20&linkCode=osi&th=1&psc=1"><img src="https://m.media-amazon.com/images/I/212BftJ6SzL._SL500_.jpg" alt="Product Image"></a><p>Rimmel Lasting Finish 8HR Soft Lip Liner Pencil - Vibrant, Blendable Formula to Lock Lipstick in Place for 8 Hours - 705 Cappuccino, .04oz</p><p>$5.99</p><a href="https://www.amazon.com/dp/B08CFSS35N?tag=eloabder-20&linkCode=osi&th=1&psc=1">View Product</a></div><div class="product"><a href="https://www.amazon.com/dp/B0BVPNQW1C?tag=eloabder-20&linkCode=osi&th=1&psc=1"><img src="https://m.media-amazon.com/images/I/31a29qwVsOL._SL500_.jpg" alt="Product Image"></a><p>Sacheu Lip Liner Stay-N - Peel Off Lip Liner Tattoo, Peel Off Lip Stain, Long Lasting Lip Stain Peel Off, Infused with Hyaluronic Acid & Vitamin E, For All Skin Types, p-INKED</p><p>$12.00</p><a href="https://www.amazon.com/dp/B0BVPNQW1C?tag=eloabder-20&linkCode=osi&th=1&psc=1">View Product</a></div><div class="product"><a href="https://www.amazon.com/dp/B005G9LPDQ?tag=eloabder-20&linkCode=osi&th=1&psc=1"><img src="https://m.media-amazon.com/images/I/31S6bAW3pDL._SL500_.jpg" alt="Product Image"></a><p>NYX PROFESSIONAL MAKEUP Mechanical Lip Liner Pencil, Nude Pink</p><p>$4.99</p><a href="https://www.amazon.com/dp/B005G9LPDQ?tag=eloabder-20&linkCode=osi&th=1&psc=1">View Product</a></div>
<div class="product"><a href="https://www.amazon.com/dp/B0C7W6GW8P?tag=eloabder-20&linkCode=osi&th=1&psc=1"><img src="https://m.media-amazon.com/images/I/31Z6RdO3GRL._SL500_.jpg" alt="Product Image"></a><p>e.l.f. Squeeze Me Lip Balm, Moisturizing Lip Balm For A Sheer Tint Of Color, Infused With Hyaluronic Acid, Vegan & Cruelty-free, Strawberry</p><p>$4.00</p><a href="https://www.amazon.com/dp/B0C7W6GW8P?tag=eloabder-20&linkCode=osi&th=1&psc=1">View Product</a></div><div class="product"><a href="https://www.amazon.com/dp/B001R1UD3K?tag=eloabder-20&linkCode=osi&th=1&psc=1"><img src="https://m.media-amazon.com/images/I/41QzfNZqHrL._SL500_.jpg" alt="Product Image"></a><p>Carmex Original Flavor Moisturizing Lip Balm Tube Value Pack,0.35 Ounce (3 Count)</p><p>$2.94</p><a href="https://www.amazon.com/dp/B001R1UD3K?tag=eloabder-20&linkCode=osi&th=1&psc=1">View Product</a></div><div class="product"><a href="https://www.amazon.com/dp/B07QYWXCCT?tag=eloabder-20&linkCode=osi&th=1&psc=1"><img src="https://m.media-amazon.com/images/I/51T+6mCUskL._SL500_.jpg" alt="Product Image"></a><p>Jack Black Intense Therapy Lip Balm, 0.25-Oz., Pack of 3 – Natural Mint & Shea Butter, SPF 25 Sun Protection, Lip Moisturizer, Hydrating Lip Balm with SPF, Long Lasting Treatment</p><p>$24.00 ($32.00 / Ounce)</p><a href="https://www.amazon.com/dp/B07QYWXCCT?tag=eloabder-20&linkCode=osi&th=1&psc=1">View Product</a></div><div class="product"><a href="https://www.amazon.com/dp/B0044B4HSM?tag=eloabder-20&linkCode=osi&th=1&psc=1"><img src="https://m.media-amazon.com/images/I/51-qb5fLclL._SL500_.jpg" alt="Product Image"></a><p>Blistex Medicated Lip Balm, 0.15 Ounce, 3 Count (Pack of 1) Prevent Dryness & Chapping, SPF 15 Sun Protection, Seals in Moisture, Hydrating Lip Balm, Easy Glide Formula for Full Coverage</p><p>$3.94</p><a href="https://www.amazon.com/dp/B0044B4HSM?tag=eloabder-20&linkCode=osi&th=1&psc=1">View Product</a></div><div class="product"><a href="https://www.amazon.com/dp/B0C1TFHMCT?tag=eloabder-20&linkCode=osi&th=1&psc=1"><img src="https://m.media-amazon.com/images/I/51aYODckhsL._SL500_.jpg" alt="Product Image"></a><p>Vaseline Lip Therapy Care Original, Fast-Acting Nourishment, Ideal for Chapped, Dry, Cracked, or Damaged Lips, Lip Balm, 0.16 Ounce (Pack of 4)</p><p>$5.00</p><a href="https://www.amazon.com/dp/B0C1TFHMCT?tag=eloabder-20&linkCode=osi&th=1&psc=1">View Product</a></div><div class="product"><a href="https://www.amazon.com/dp/B0CZXG68J4?tag=eloabder-20&linkCode=osi&th=1&psc=1"><img src="https://m.media-amazon.com/images/I/41Xkis0092L._SL500_.jpg" alt="Product Image"></a><p>CNP Honey Lip Butter (0.5 fl.oz / 15ml) - Propolis Lipcerin™, Hydrating Overnight Manuka Lip Balm & Mask, 12hrs Long-lasting Moisture, Gentle Exfoliation, Hygienic Twist Dispenser, Korean Skin Care</p><p>$13.64 ($27.28 / Fl Oz)</p><a href="https://www.amazon.com/dp/B0CZXG68J4?tag=eloabder-20&linkCode=osi&th=1&psc=1">View Product</a></div><div class="product"><a href="https://www.amazon.com/dp/B07MSG1HPK?tag=eloabder-20&linkCode=osi&th=1&psc=1"><img src="https://m.media-amazon.com/images/I/21RmonQcC5L._SL500_.jpg" alt="Product Image"></a><p>La Roche-Posay Cicaplast Lip Balm B5 | Hydrating Lip Balm with Shea Butter | Lip Treatment for Dry Cracked Lips | Moisturizing and Repairing Lip Balm | Fragrance Free</p><p>$9.99</p><a href="https://www.amazon.com/dp/B07MSG1HPK?tag=eloabder-20&linkCode=osi&th=1&psc=1">View Product</a></div>
<div class="product"><a href="https://www.amazon.com/dp/B099RYFLSW?tag=eloabder-20&linkCode=osi&th=1&psc=1"><img src="https://m.media-amazon.com/images/I/31IMjST8noL._SL500_.jpg" alt="Product Image"></a><p>ETUDE Dear Darling Water Tint Cherry Ade (21AD) | Vivid Color Lip Stain with Moisturizing Weightless & Non-sticky Finish Lip Stain | Smudge-proof & Lightweight Lip Tint | K-beauty</p><p>$6.67 ($20.84 / Fl Oz)</p><a href="https://www.amazon.com/dp/B099RYFLSW?tag=eloabder-20&linkCode=osi&th=1&psc=1">View Product</a></div><div class="product"><a href="https://www.amazon.com/dp/B0C7Q4Q9SX?tag=eloabder-20&linkCode=osi&th=1&psc=1"><img src="https://m.media-amazon.com/images/I/51SO2tY6q-L._SL500_.jpg" alt="Product Image"></a><p>6 Colors Lip Tint Stain Set, Korean Lip Gloss Plumping Mini Liquid Lipstick, Multi-use Lip and Cheek Tint,Waterproof&Long Lasting,Natural Lip Stain Non-Sticky,Vivid Color (Avocado)</p><p>$7.99 ($4.00 / Fl Oz)</p><a href="https://www.amazon.com/dp/B0C7Q4Q9SX?tag=eloabder-20&linkCode=osi&th=1&psc=1">View Product</a></div><div class="product"><a href="https://www.amazon.com/dp/B0B56TC2G5?tag=eloabder-20&linkCode=osi&th=1&psc=1"><img src="https://m.media-amazon.com/images/I/31wrei57oIL._SL500_.jpg" alt="Product Image"></a><p>essence | What a Tint! Lip & Cheek Tint | Long-Lasting Liquid Blush & Lip Stain | Non-Sticky & Kiss-Proof | Vegan & Cruelty Free</p><p>$4.99 ($31.19 / Fl Oz)</p><a href="https://www.amazon.com/dp/B0B56TC2G5?tag=eloabder-20&linkCode=osi&th=1&psc=1">View Product</a></div><div class="product"><a href="https://www.amazon.com/dp/B0163BMUFM?tag=eloabder-20&linkCode=osi&th=1&psc=1"><img src="https://m.media-amazon.com/images/I/41p6DP49DfL._SL500_.jpg" alt="Product Image"></a><p>Burt's Bees Lip Tint Balm with Long Lasting 2 in 1 Duo Tinted Balm Formula, Color Infused with Deeply Hydrating Shea Butter for a Natural Looking Buildable Finish, Fiery Red Dahlia (2-Pack)</p><p>$9.20</p><a href="https://www.amazon.com/dp/B0163BMUFM?tag=eloabder-20&linkCode=osi&th=1&psc=1">View Product</a></div><div class="product"><a href="https://www.amazon.com/dp/B07NTPQRL5?tag=eloabder-20&linkCode=osi&th=1&psc=1"><img src="https://m.media-amazon.com/images/I/21-ZJZEUADL._SL500_.jpg" alt="Product Image"></a><p>Honest Beauty Tinted Lip Balm | Antioxidant-rich Acai Extracts + Avocado Oil | EWG Certified, Vegan, Cruelty Free | Summer Melon</p><p>$7.80</p><a href="https://www.amazon.com/dp/B07NTPQRL5?tag=eloabder-20&linkCode=osi&th=1&psc=1">View Product</a></div><div class="product"><a href="https://www.amazon.com/dp/B0CMJXGCFQ?tag=eloabder-20&linkCode=osi&th=1&psc=1"><img src="https://m.media-amazon.com/images/I/31c6yEqB00L._SL500_.jpg" alt="Product Image"></a><p>e.l.f. Glow Reviver Lip Oil, Nourishing Tinted Lip Oil For A High-shine Finish, Infused With Jojoba Oil, Vegan & Cruelty-free, Jam Session</p><p>$8.00</p><a href="https://www.amazon.com/dp/B0CMJXGCFQ?tag=eloabder-20&linkCode=osi&th=1&psc=1">View Product</a></div><div class="product"><a href="https://www.amazon.com/dp/B0B9YHX8DX?tag=eloabder-20&linkCode=osi&th=1&psc=1"><img src="https://m.media-amazon.com/images/I/31A-yoM7ZqL._SL500_.jpg" alt="Product Image"></a><p>Wonderskin Wonder Blading Lip Stain Peel Off Masque - Long Lasting, Waterproof and Transfer Proof Nude Lip Tint, Matte Finish Peel Off Lip Stain (Whimsical Masque)</p><p>$22.00</p><a href="https://www.amazon.com/dp/B0B9YHX8DX?tag=eloabder-20&linkCode=osi&th=1&psc=1">View Product</a></div><div class="product"><a href="https://www.amazon.com/dp/B0C3CWWMJM?tag=eloabder-20&linkCode=osi&th=1&psc=1"><img src="https://m.media-amazon.com/images/I/51evW1YGQdL._SL500_.jpg" alt="Product Image"></a><p>Eakroo 6 Colors Lip Tint Stain Mini Liquid Lipstick, Korean Lip Gloss Moisturizing Natural, Multi-Use Lip and Cheek Tint, Non-Stick Cup, Lightweight, High Pigment, Long-Lasting, Vivid Color</p><p>$7.99 ($2.89 / Fl Oz)</p><a href="https://www.amazon.com/dp/B0C3CWWMJM?tag=eloabder-20&linkCode=osi&th=1&psc=1">View Product</a></div><div class="product"><a href="https://www.amazon.com/dp/B09LB91W1H?tag=eloabder-20&linkCode=osi&th=1&psc=1"><img src="https://m.media-amazon.com/images/I/21UsOgVkNxL._SL500_.jpg" alt="Product Image"></a><p>CoverGirl Clean Fresh Tinted Lip Balm, Vegan Formula, Hydrating, Natural Finish, Cruelty Free, Bliss You Berry, 1 Count</p><p>$5.88 ($42.00 / Ounce)</p><a href="https://www.amazon.com/dp/B09LB91W1H?tag=eloabder-20&linkCode=osi&th=1&psc=1">View Product</a></div>
<div class="product"><a href="https://www.amazon.com/dp/B0B4F8FP1V?tag=eloabder-20&linkCode=osi&th=1&psc=1"><img src="https://m.media-amazon.com/images/I/31zD0oZazrL._SL500_.jpg" alt="Product Image"></a><p>e.l.f. Cosmetics Glossy Lip Stain, Lightweight, Long-Wear Lip Stain For A Sheer Pop Of Color & Subtle Gloss Effect, Berry Queen</p><p>$6.00</p><a href="https://www.amazon.com/dp/B0B4F8FP1V?tag=eloabder-20&linkCode=osi&th=1&psc=1">View Product</a></div><div class="product"><a href="https://www.amazon.com/dp/B0B9YH9PZK?tag=eloabder-20&linkCode=osi&th=1&psc=1"><img src="https://m.media-amazon.com/images/I/31irqkpVbvL._SL500_.jpg" alt="Product Image"></a><p>Wonderskin Wonder Blading Lip Stain Peel Off Masque - Long Lasting, Waterproof and Transfer Proof Pink Lip Tint, Matte Finish Peel Off Lip Stain (First Kiss Masque)</p><p>$22.00</p><a href="https://www.amazon.com/dp/B0B9YH9PZK?tag=eloabder-20&linkCode=osi&th=1&psc=1">View Product</a></div><div class="product"><a href="https://www.amazon.com/dp/B0CLYN8F9L?tag=eloabder-20&linkCode=osi&th=1&psc=1"><img src="https://m.media-amazon.com/images/I/218WFwKw6qL._SL500_.jpg" alt="Product Image"></a><p>COVERGIRL Outlast, 05 All-Star, Lipstain, Smooth Application, Precise Pen-Like Tip, Transfer-Proof, Satin Stained Finish, Vegan Formula, 0.06oz</p><p>$8.98</p><a href="https://www.amazon.com/dp/B0CLYN8F9L?tag=eloabder-20&linkCode=osi&th=1&psc=1">View Product</a></div><div class="product"><a href="https://www.amazon.com/dp/B0CLDDVBF4?tag=eloabder-20&linkCode=osi&th=1&psc=1"><img src="https://m.media-amazon.com/images/I/318rUce3+fL._SL500_.jpg" alt="Product Image"></a><p>Sacheu Lip Liner Stay-N - Peel Off Lip Liner Tattoo, Peel Off Lip Stain, Long Lasting Lip Stain Peel Off, Infused with Hyaluronic Acid & Vitamin E, For All Skin Types, HEY-zel</p><p>$12.00 ($100.00 / Fl Oz)</p><a href="https://www.amazon.com/dp/B0CLDDVBF4?tag=eloabder-20&linkCode=osi&th=1&psc=1">View Product</a></div><div class="product"><a href="https://www.amazon.com/dp/B001CWGFYU?tag=eloabder-20&linkCode=osi&th=1&psc=1"><img src="https://m.media-amazon.com/images/I/41wMMGxFtlL._SL500_.jpg" alt="Product Image"></a><p>Palladio Lip Stain, Hydrating and Waterproof Formula, Matte Color Look, Longlasting All Day Wear Lip Color, Smudge Proof Natural Finish, Precise Chisel Tip Marker, Nude</p><p>$8.99</p><a href="https://www.amazon.com/dp/B001CWGFYU?tag=eloabder-20&linkCode=osi&th=1&psc=1">View Product</a></div><div class="product"><a href="https://www.amazon.com/dp/B0CHJ8YL6G?tag=eloabder-20&linkCode=osi&th=1&psc=1"><img src="https://m.media-amazon.com/images/I/41amIuqcaJL._SL500_.jpg" alt="Product Image"></a><p>Cilrofelr Peel Off Lip Liner Stain, Long Wear Tattoo Lip Liner with Tweezer, Peel Off Lip Stain with Matte Finish, Long Lasting, Waterproof, Transfer-proof, Highly Pigmented Color (Mauve)</p><p>$14.99 ($187.38 / Fl Oz)</p><a href="https://www.amazon.com/dp/B0CHJ8YL6G?tag=eloabder-20&linkCode=osi&th=1&psc=1">View Product</a></div><div class="product"><a href="https://www.amazon.com/dp/B0CNCSLDBB?tag=eloabder-20&linkCode=osi&th=1&psc=1"><img src="https://m.media-amazon.com/images/I/31EPLmbi1eL._SL500_.jpg" alt="Product Image"></a><p>ETUDE Fixing Tint #05 Midnight Mauve (23AD) | Long Lasting High Pigmented Liquid Lipstick | Waterproof Lightweight Matte Finish Lip Stain | Full Coverage</p><p>$12.00</p><a href="https://www.amazon.com/dp/B0CNCSLDBB?tag=eloabder-20&linkCode=osi&th=1&psc=1">View Product</a></div><div class="product"><a href="https://www.amazon.com/dp/B0CKF2WFNQ?tag=eloabder-20&linkCode=osi&th=1&psc=1"><img src="https://m.media-amazon.com/images/I/41GyA+oYguL._SL500_.jpg" alt="Product Image"></a><p>NOONI Korean Lip Oil - Applefig | Lip Stain, Gift, Long-Lasting, Moisturizing, Plumping, Revitalizing for Dry Lips, Waterproof, No Peel Off, Korean Lip Tint, Magenta Purple, 0.12 Fl Oz</p><p>$12.00 ($100.00 / Fl Oz)</p><a href="https://www.amazon.com/dp/B0CKF2WFNQ?tag=eloabder-20&linkCode=osi&th=1&psc=1">View Product</a></div>
<div class="product"><a href="https://www.amazon.com/dp/B01NAI251H?tag=eloabder-20&linkCode=osi&th=1&psc=1"><img src="https://m.media-amazon.com/images/I/51gC3z3vEIL._SL500_.jpg" alt="Product Image"></a><p>Handmade Heroes 100% Natural Lip Scrub, Vegan Conditioning Coconut Exfoliator - Gentle Exfoliant, Sugar Polish and Scrubber for Chapped Dry Lips, 1oz (Coconut Sorbet)</p><p>$6.99</p><a href="https://www.amazon.com/dp/B01NAI251H?tag=eloabder-20&linkCode=osi&th=1&psc=1">View Product</a></div><div class="product"><a href="https://www.amazon.com/dp/B0C7WQ3Z6H?tag=eloabder-20&linkCode=osi&th=1&psc=1"><img src="https://m.media-amazon.com/images/I/318wm99nh1L._SL500_.jpg" alt="Product Image"></a><p>e.l.f. Lip Exfoliator, Moisturizing Scented Lip Scrub For Exfoliating & Smoothing Lips, Infused With Jojoba Oil, Vegan & Cruelty-free, Strawberry</p><p>$5.00 ($50.00 / Ounce)</p><a href="https://www.amazon.com/dp/B0C7WQ3Z6H?tag=eloabder-20&linkCode=osi&th=1&psc=1">View Product</a></div><div class="product"><a href="https://www.amazon.com/dp/B0759HSBQC?tag=eloabder-20&linkCode=osi&th=1&psc=1"><img src="https://m.media-amazon.com/images/I/3165YiRlcNL._SL500_.jpg" alt="Product Image"></a><p>Revlon Lip Scrub Balm, Kiss Sugar Scrub Exfoliator, Lip Makeup with 24 Hour Long Lasting Hydration, Sugar Mint, 0.09 oz</p><p>$5.48</p><a href="https://www.amazon.com/dp/B0759HSBQC?tag=eloabder-20&linkCode=osi&th=1&psc=1">View Product</a></div><div class="product"><a href="https://www.amazon.com/dp/B0B15MRHM4?tag=eloabder-20&linkCode=osi&th=1&psc=1"><img src="https://m.media-amazon.com/images/I/414XRjPg6AL._SL500_.jpg" alt="Product Image"></a><p>Brooklyn Botany Lip Scrub Exfoliator 1 oz – Lip Moisturizer for Dry Lips and Chapped Lips – Gentle Lip Exfoliator for Smooth and Brighter Lips – Vanilla Flavor</p><p>$7.99</p><a href="https://www.amazon.com/dp/B0B15MRHM4?tag=eloabder-20&linkCode=osi&th=1&psc=1">View Product</a></div><div class="product"><a href="https://www.amazon.com/dp/B0CNQ72M6B?tag=eloabder-20&linkCode=osi&th=1&psc=1"><img src="https://m.media-amazon.com/images/I/310xvYvYEkL._SL500_.jpg" alt="Product Image"></a><p>W7 Sweet Dreams Lip Scrub & Overnight Lip Mask Duo - 2Pcs Set - Strawberry Flavour - Exfoliate, Condition, Soothe & Hydrate</p><p>$9.95 ($4.98 / Count)</p><a href="https://www.amazon.com/dp/B0CNQ72M6B?tag=eloabder-20&linkCode=osi&th=1&psc=1">View Product</a></div><div class="product"><a href="https://www.amazon.com/dp/B09FYYRJ4Y?tag=eloabder-20&linkCode=osi&th=1&psc=1"><img src="https://m.media-amazon.com/images/I/41HDVJYOBRL._SL500_.jpg" alt="Product Image"></a><p>Lip Scrub Treatment, Lip Scrubs Exfoliating Moisturizer Sugar Lip Surb Cruelty-Free for Repairing Dry & Chapped & Peeling and Cracked Lips, the Best Gift for Lip Care in Autumn and Winter(Orange)</p><p>$2.99 ($1.04 / Ounce)</p><a href="https://www.amazon.com/dp/B09FYYRJ4Y?tag=eloabder-20&linkCode=osi&th=1&psc=1">View Product</a></div><div class="product"><a href="https://www.amazon.com/dp/B083588MZP?tag=eloabder-20&linkCode=osi&th=1&psc=1"><img src="https://m.media-amazon.com/images/I/31qe+dPu0WL._SL500_.jpg" alt="Product Image"></a><p>Milani Rose Sugar Lip Scrub - Lip Exfoliator to Help With Lip Care and Lip Repair</p><p>$7.04 ($7.04 / Count)</p><a href="https://www.amazon.com/dp/B083588MZP?tag=eloabder-20&linkCode=osi&th=1&psc=1">View Product</a></div><div class="product"><a href="https://www.amazon.com/dp/B085NDWSZW?tag=eloabder-20&linkCode=osi&th=1&psc=1"><img src="https://m.media-amazon.com/images/I/31QVvbj+z9L._SL500_.jpg" alt="Product Image"></a><p>3 Pcs Lip Scrub Brush,Lip Scrubber Exfoliator,Silicone Lip Brush Tool Double-Sided Mini Exfoliating Brush For Men Women Lip Lightening For Dark Lips Exfoliator Scrub Brush</p><p>$3.47 ($1.16 / Count)</p><a href="https://www.amazon.com/dp/B085NDWSZW?tag=eloabder-20&linkCode=osi&th=1&psc=1">View Product</a></div><div class="product"><a href="https://www.amazon.com/dp/B0CMQ6YN87?tag=eloabder-20&linkCode=osi&th=1&psc=1"><img src="https://m.media-amazon.com/images/I/41KZ7zmBA8L._SL500_.jpg" alt="Product Image"></a><p>EJW Nourishing Lip Scrub - Infused with Coconut Oil, Olive Fruit Oil, and Jojoba Seed Oil, 1.05oz - Exfoliate, Hydrate, and Glow for Chapped Dry, Dark Lips</p><p>$7.27</p><a href="https://www.amazon.com/dp/B0CMQ6YN87?tag=eloabder-20&linkCode=osi&th=1&psc=1">View Product</a></div>
<div class="product"><a href="https://www.amazon.com/dp/B01LYWTZT2?tag=eloabder-20&linkCode=osi&th=1&psc=1"><img src="https://m.media-amazon.com/images/I/315xsyPtBfL._SL500_.jpg" alt="Product Image"></a><p>Too Faced Lip Injection Travel Size Extreme Lip Plumper, Original, 0.1 Fl Oz</p><p>$16.00 ($160.00 / Fl Oz)</p><a href="https://www.amazon.com/dp/B01LYWTZT2?tag=eloabder-20&linkCode=osi&th=1&psc=1">View Product</a></div><div class="product"><a href="https://www.amazon.com/dp/B094LT5LM4?tag=eloabder-20&linkCode=osi&th=1&psc=1"><img src="https://m.media-amazon.com/images/I/1174dCa9FqS._SL500_.jpg" alt="Product Image"></a><p>City Beauty City Lips Plumping Lip Gloss - Ultra High-Shine Gloss for Fuller, Healthier, Younger-Looking Lips | Hydrating & Smoothing Lip Treatment Lip Plumper with Hyaluronic Acid & Oligopeptides</p><p>$35.00 ($218.75 / Fl Oz)</p><a href="https://www.amazon.com/dp/B094LT5LM4?tag=eloabder-20&linkCode=osi&th=1&psc=1">View Product</a></div><div class="product"><a href="https://www.amazon.com/dp/B08XZQ4YQ2?tag=eloabder-20&linkCode=osi&th=1&psc=1"><img src="https://m.media-amazon.com/images/I/41cN7l9csUL._SL500_.jpg" alt="Product Image"></a><p>essence | What the Fake! Plumping Lip Filler | Lip Gloss for Full, Voluminous Lips | Translucent Pearly Finish | Vegan & Cruelty Free, Gluten Free, Paraben Free</p><p>$4.99 ($35.64 / Fl Oz )</p><a href="https://www.amazon.com/dp/B08XZQ4YQ2?tag=eloabder-20&linkCode=osi&th=1&psc=1">View Product</a></div><div class="product"><a href="https://www.amazon.com/dp/B0CR7GSPFP?tag=eloabder-20&linkCode=osi&th=1&psc=1"><img src="https://m.media-amazon.com/images/I/41y+VaB2iDL._SL500_.jpg" alt="Product Image"></a><p>NYX PROFESSIONAL MAKEUP Duck Plump High Pigment Plumping Lip Gloss with Spicy Ginger, Vegan Lip Makeup - Cherry Spice (Transparent Red)</p><p>$9.75</p><a href="https://www.amazon.com/dp/B0CR7GSPFP?tag=eloabder-20&linkCode=osi&th=1&psc=1">View Product</a></div><div class="product"><a href="https://www.amazon.com/dp/B0CPYMLVJJ?tag=eloabder-20&linkCode=osi&th=1&psc=1"><img src="https://m.media-amazon.com/images/I/31qGoOFwP7L._SL500_.jpg" alt="Product Image"></a><p>e.l.f. Pout Clout Lip Plumping Pen, Nourishing Lip Balm For Sheer Color & Shine, Plumps & Moisturizes, Vegan & Cruelty-Free, In The Clear</p><p>$8.00</p><a href="https://www.amazon.com/dp/B0CPYMLVJJ?tag=eloabder-20&linkCode=osi&th=1&psc=1">View Product</a></div><div class="product"><a href="https://www.amazon.com/dp/B086QRYHYT?tag=eloabder-20&linkCode=osi&th=1&psc=1"><img src="https://m.media-amazon.com/images/I/41IVWGl-frL._SL500_.jpg" alt="Product Image"></a><p>KISSIO Lip Plumper,Natural Lip Plumper for Day Use,Lip Plumping Gloss Make Lips Fuller and Moisturizing 5.5ml</p><p>$9.89</p><a href="https://www.amazon.com/dp/B086QRYHYT?tag=eloabder-20&linkCode=osi&th=1&psc=1">View Product</a></div><div class="product"><a href="https://www.amazon.com/dp/B074G382ZR?tag=eloabder-20&linkCode=osi&th=1&psc=1"><img src="https://m.media-amazon.com/images/I/31h-Mpx5OOL._SL500_.jpg" alt="Product Image"></a><p>e.l.f. Lip Plumping Gloss, Hydrating, Nourishing, Invigorating, High-Shine, Plumps, Volumizes, Cools, Soothes, Shimmer, Pink Cosmo 8 Ounce 0.09 Fl Oz</p><p>$7.00</p><a href="https://www.amazon.com/dp/B074G382ZR?tag=eloabder-20&linkCode=osi&th=1&psc=1">View Product</a></div><div class="product"><a href="https://www.amazon.com/dp/B08RRY5PF2?tag=eloabder-20&linkCode=osi&th=1&psc=1"><img src="https://m.media-amazon.com/images/I/41HjvvFXBpL._SL500_.jpg" alt="Product Image"></a><p>Physicians Formula Mineral Wear Diamond Lip Plumper Gloss, Dermatologist Tested, Light Pink Princess Cut</p><p>$7.28</p><a href="https://www.amazon.com/dp/B08RRY5PF2?tag=eloabder-20&linkCode=osi&th=1&psc=1">View Product</a></div>
<div class="product"><a href="https://www.amazon.com/dp/B017PCGAXQ?tag=eloabder-20&linkCode=osi&th=1&psc=1"><img src="https://m.media-amazon.com/images/I/31-daQlUgGL._SL500_.jpg" alt="Product Image"></a><p>Garnier Micellar Water For Waterproof Makeup, Hydrating Facial Cleanser & Makeup Remover, Suitable for Sensitive Skin, Vegan, Cruelty Free, 13.5 Fl Oz (400mL), 1 Count</p><p>$8.97 ($0.66 / Fl Oz)</p><a href="https://www.amazon.com/dp/B017PCGAXQ?tag=eloabder-20&linkCode=osi&th=1&psc=1">View Product</a></div><div class="product"><a href="https://www.amazon.com/dp/B017PCGABI?tag=eloabder-20&linkCode=osi&th=1&psc=1"><img src="https://m.media-amazon.com/images/I/3106WC85aAL._SL500_.jpg" alt="Product Image"></a><p>Garnier Micellar Water, Hydrating Facial Cleanser & Makeup Remover, Suitable for Sensitive Skin, Vegan, Cruelty Free, 13.5 Fl Oz (400mL), 1 Count</p><p>$8.97 ($0.66 / Fl Oz)</p><a href="https://www.amazon.com/dp/B017PCGABI?tag=eloabder-20&linkCode=osi&th=1&psc=1">View Product</a></div><div class="product"><a href="https://www.amazon.com/dp/B00U2VQZDS?tag=eloabder-20&linkCode=osi&th=1&psc=1"><img src="https://m.media-amazon.com/images/I/41VzZfHAKpL._SL500_.jpg" alt="Product Image"></a><p>Neutrogena Makeup Remover Wipes, Ultra-Soft Cleansing Facial Towelettes for Waterproof Makeup, Alcohol-Free, Plant-Based, Twin Pack, 25 Count (Pack of 2)</p><p>$8.97 ($0.18 / Count)</p><a href="https://www.amazon.com/dp/B00U2VQZDS?tag=eloabder-20&linkCode=osi&th=1&psc=1">View Product</a></div><div class="product"><a href="https://www.amazon.com/dp/B07T9JV956?tag=eloabder-20&linkCode=osi&th=1&psc=1"><img src="https://m.media-amazon.com/images/I/310x+0QrxsL._SL500_.jpg" alt="Product Image"></a><p>Neutrogena Gentle Oil-Free Eye Makeup Remover & Cleanser for Sensitive Eyes, Non-Greasy Makeup Remover, Removes Waterproof Mascara, Dermatologist & Ophthalmologist Tested, 8.0 fl. oz</p><p>$9.39 ($1.17 / Fl Oz)</p><a href="https://www.amazon.com/dp/B07T9JV956?tag=eloabder-20&linkCode=osi&th=1&psc=1">View Product</a></div><div class="product"><a href="https://www.amazon.com/dp/B01M31HY3S?tag=eloabder-20&linkCode=osi&th=1&psc=1"><img src="https://m.media-amazon.com/images/I/319i79e7f4L._SL500_.jpg" alt="Product Image"></a><p>Cetaphil Gentle Waterproof Makeup Remover, Mother's Day Gifts, Oil-Free Formula Suitable for Sensitive Skin, 6.0 Fluid Ounce</p><p>$9.87 ($1.64 / Fl Oz)</p><a href="https://www.amazon.com/dp/B01M31HY3S?tag=eloabder-20&linkCode=osi&th=1&psc=1">View Product</a></div><div class="product"><a href="https://www.amazon.com/dp/B07SS6LFRG?tag=eloabder-20&linkCode=osi&th=1&psc=1"><img src="https://m.media-amazon.com/images/I/31Mwa89HfCL._SL500_.jpg" alt="Product Image"></a><p>Amazon Basics Eye Makeup Remover, Removes Waterproof Mascara, Dermatologist Tested, Fragrance Free, 5.5 Fl Oz (Pack of 1)</p><p>$5.99 ($1.09 / Fl Oz)</p><a href="https://www.amazon.com/dp/B07SS6LFRG?tag=eloabder-20&linkCode=osi&th=1&psc=1">View Product</a></div><div class="product"><a href="https://www.amazon.com/dp/B08TQTT8LK?tag=eloabder-20&linkCode=osi&th=1&psc=1"><img src="https://m.media-amazon.com/images/I/31R-Y-dhjEL._SL500_.jpg" alt="Product Image"></a><p>e.l.f. Holy Hydration! Makeup Melting Cleansing Balm, Face Cleanser & Makeup Remover, Infused with Hyaluronic Acid to Hydrate Skin, 2 Oz</p><p>$11.00 ($5.50 / Ounce)</p><a href="https://www.amazon.com/dp/B08TQTT8LK?tag=eloabder-20&linkCode=osi&th=1&psc=1">View Product</a></div><div class="product"><a href="https://www.amazon.com/dp/B08Q3CQM7X?tag=eloabder-20&linkCode=osi&th=1&psc=1"><img src="https://m.media-amazon.com/images/I/31edyzkByfL._SL500_.jpg" alt="Product Image"></a><p>JUNO & Co. Clean 10 Cleansing Balm 10 Ingredients Makeup Remover 85g / 3.0oz</p><p>$14.99 ($5.00 / Ounce)</p><a href="https://www.amazon.com/dp/B08Q3CQM7X?tag=eloabder-20&linkCode=osi&th=1&psc=1">View Product</a></div><div class="product"><a href="https://www.amazon.com/dp/B0B1PP1XCM?tag=eloabder-20&linkCode=osi&th=1&psc=1"><img src="https://m.media-amazon.com/images/I/31kOCqV2+BL._SL500_.jpg" alt="Product Image"></a><p>CeraVe Cleansing Balm for Sensitive Skin | Hydrating Makeup Remover with Ceramides and Plant-based Jojoba Oil for Face | Non-Comedogenic Fragrance Free Non-Greasy |1.3 Ounces</p><p>$9.97 ($7.67 / Ounce)</p><a href="https://www.amazon.com/dp/B0B1PP1XCM?tag=eloabder-20&linkCode=osi&th=1&psc=1">View Product</a></div><div class="product"><a href="https://www.amazon.com/dp/B0BX65V1BZ?tag=eloabder-20&linkCode=osi&th=1&psc=1"><img src="https://m.media-amazon.com/images/I/31t6WiWvdDL._SL500_.jpg" alt="Product Image"></a><p>Prime Prometics PrimeSkin Beauty Water – Deeply Hydrating Pro-Age Make-Up Remover for Mature Women – Clean, One Swipe – for All Skin Types – pH balanced, Hypoallergenic</p><p>$27.00 ($5.29 / Fl Oz)</p><a href="https://www.amazon.com/dp/B0BX65V1BZ?tag=eloabder-20&linkCode=osi&th=1&psc=1">View Product</a></div>
<div class="product"><a href="https://www.amazon.com/dp/B0B642XWV8?tag=eloabder-20&linkCode=osi&th=1&psc=1"><img src="https://m.media-amazon.com/images/I/31PQPhUWqyL._SL500_.jpg" alt="Product Image"></a><p>Cetaphil Face and Body Wipes, Gentle Skin Cleansing Cloths, Mother's Day Gifts, 25 Count (Pack of 2), for Dry, Sensitive Skin, Flip Top Closure, Hypoallergenic, Fragrance Free</p><p>$13.69 ($0.27 / Count)</p><a href="https://www.amazon.com/dp/B0B642XWV8?tag=eloabder-20&linkCode=osi&th=1&psc=1">View Product</a></div><div class="product"><a href="https://www.amazon.com/dp/B0B644ZQLV?tag=eloabder-20&linkCode=osi&th=1&psc=1"><img src="https://m.media-amazon.com/images/I/41E5FGVZrnL._SL500_.jpg" alt="Product Image"></a><p>Cetaphil Face and Body Wipes, Gentle Skin Cleansing Cloths, 25 Count (Pack of 3), for Dry, Sensitive Skin, Flip Top Closure, Great for the Gym, Hypoallergenic, Fragrance Free</p><p>$20.91 ($0.28 / Count)</p><a href="https://www.amazon.com/dp/B0B644ZQLV?tag=eloabder-20&linkCode=osi&th=1&psc=1">View Product</a></div><div class="product"><a href="https://www.amazon.com/dp/B0958JYLZN?tag=eloabder-20&linkCode=osi&th=1&psc=1"><img src="https://m.media-amazon.com/images/I/312T32wjaYL._SL500_.jpg" alt="Product Image"></a><p>The Honest Company Hydrate + Cleanse Naturally Scented Wipes | Cleansing Multi-Tasking Wipes | 99% Water, Plant-Based, Hypoallergenic | Aloe + Cucumber, 60 Count</p><p>$5.97 ($9.95 / 100 Count)</p><a href="https://www.amazon.com/dp/B0958JYLZN?tag=eloabder-20&linkCode=osi&th=1&psc=1">View Product</a></div><div class="product"><a href="https://www.amazon.com/dp/B0BR3GVFL4?tag=eloabder-20&linkCode=osi&th=1&psc=1"><img src="https://m.media-amazon.com/images/I/41E2x2jaumL._SL500_.jpg" alt="Product Image"></a><p>Amazon Basics Hydrating Makeup Remover Wipes, 150 wipes (Pack of 6)</p><p>$17.79 ($0.12 / Count)</p><a href="https://www.amazon.com/dp/B0BR3GVFL4?tag=eloabder-20&linkCode=osi&th=1&psc=1">View Product</a></div><div class="product"><a href="https://www.amazon.com/dp/B093T3LQPP?tag=eloabder-20&linkCode=osi&th=1&psc=1"><img src="https://m.media-amazon.com/images/I/51mLU+qr6tL._SL500_.jpg" alt="Product Image"></a><p>Burt's Bees Rose Water Face Wipes, for All Skin Types, Hydrating Micellar Makeup Remover & Facial Cleansing Towelettes, 30 Ct (3-Pack)</p><p>$16.47 ($0.18 / Count)</p><a href="https://www.amazon.com/dp/B093T3LQPP?tag=eloabder-20&linkCode=osi&th=1&psc=1">View Product</a></div><div class="product"><a href="https://www.amazon.com/dp/B09LXWPB1V?tag=eloabder-20&linkCode=osi&th=1&psc=1"><img src="https://m.media-amazon.com/images/I/4117i-jJMKL._SL500_.jpg" alt="Product Image"></a><p>CeraVe Hydrating Facial Cleansing Makeup Remover Wipes| Plant Based Face Biodegradable in Home Compost| Wash Cloth| Suitable for Sensitive Skin| Fragrance-free Non-comedogenic| 25 Count</p><p>$9.97 ($0.40 / Count)</p><a href="https://www.amazon.com/dp/B09LXWPB1V?tag=eloabder-20&linkCode=osi&th=1&psc=1">View Product</a></div><div class="product"><a href="https://www.amazon.com/dp/B00NUJQG7Y?tag=eloabder-20&linkCode=osi&th=1&psc=1"><img src="https://m.media-amazon.com/images/I/51apu8FIluL._SL500_.jpg" alt="Product Image"></a><p>Burt's Bees Aloe Vera Face Wipes, for Sensitive Skin, Soothing Makeup Remover & Facial Cleansing Towelettes, 30 Ct. (3-Pack)</p><p>$16.41 ($0.18 / Count)</p><a href="https://www.amazon.com/dp/B00NUJQG7Y?tag=eloabder-20&linkCode=osi&th=1&psc=1">View Product</a></div>
<div class="product"><a href="https://www.amazon.com/dp/B08KQMXZFB?tag=eloabder-20&linkCode=osi&th=1&psc=1"><img src="https://m.media-amazon.com/images/I/31HvJEoHtwL._SL500_.jpg" alt="Product Image"></a><p>Garnier Micellar Water with Vitamin C, Facial Cleanser & Makeup Remover, Brightening & Hydrating, For All Skin Types, Vegan, Cruelty Free, 13.5 Fl Oz (400mL), 1 Count</p><p>$8.97 ($0.66 / Fl Oz)</p><a href="https://www.amazon.com/dp/B08KQMXZFB?tag=eloabder-20&linkCode=osi&th=1&psc=1">View Product</a></div><div class="product"><a href="https://www.amazon.com/dp/B0036SFTK4?tag=eloabder-20&linkCode=osi&th=1&psc=1"><img src="https://m.media-amazon.com/images/I/31+tj+uVB+L._SL500_.jpg" alt="Product Image"></a><p>Bioderma Sensibio H2O Micellar Water, Makeup Remover, Gentle for Skin, Fragrance-Free & Alcohol-Free, No Rinse Skincare With Micellar Technology for Normal To Sensitive Skin Types</p><p>$12.99 ($1.55 / Fl Oz)</p><a href="https://www.amazon.com/dp/B0036SFTK4?tag=eloabder-20&linkCode=osi&th=1&psc=1">View Product</a></div><div class="product"><a href="https://www.amazon.com/dp/B07TB2MKJJ?tag=eloabder-20&linkCode=osi&th=1&psc=1"><img src="https://m.media-amazon.com/images/I/41SyeAmsnOL._SL500_.jpg" alt="Product Image"></a><p>Garnier Micellar Water with Rose Water and Glycerin, Hydrating Facial Cleanser & Makeup Remover, For All Skin Types, Vegan, Cruelty Free, 13.5 Fl Oz (400mL), 1 Count</p><p>$8.97 ($0.66 / Fl Oz)</p><a href="https://www.amazon.com/dp/B07TB2MKJJ?tag=eloabder-20&linkCode=osi&th=1&psc=1">View Product</a></div><div class="product"><a href="https://www.amazon.com/dp/B01MQ495N0?tag=eloabder-20&linkCode=osi&th=1&psc=1"><img src="https://m.media-amazon.com/images/I/31wWu56DBJL._SL500_.jpg" alt="Product Image"></a><p>Garnier Micellar Water for Oily Skin, Facial Cleanser & Makeup Remover, Mattifying, For All Skin Types, Vegan, Cruelty Free, 13.5 Fl Oz (400mL), 1 Count</p><p>$8.97 ($0.66 / Fl Oz)</p><a href="https://www.amazon.com/dp/B01MQ495N0?tag=eloabder-20&linkCode=osi&th=1&psc=1">View Product</a></div><div class="product"><a href="https://www.amazon.com/dp/B0B59TJN3R?tag=eloabder-20&linkCode=osi&th=1&psc=1"><img src="https://m.media-amazon.com/images/I/410aYbZluvL._SL500_.jpg" alt="Product Image"></a><p>Garnier Micellar Water with Hyaluronic Acid, Facial Cleanser & Makeup Remover, Hydrating and Plumping, For All Skin Types, Vegan, Cruelty Free, 13.5 Fl Oz (400mL), 2 Count</p><p>$17.94 ($0.66 / Fl Oz)</p><a href="https://www.amazon.com/dp/B0B59TJN3R?tag=eloabder-20&linkCode=osi&th=1&psc=1">View Product</a></div><div class="product"><a href="https://www.amazon.com/dp/B07VHZPBZ3?tag=eloabder-20&linkCode=osi&th=1&psc=1"><img src="https://m.media-amazon.com/images/I/41Ow8cEJaFL._SL500_.jpg" alt="Product Image"></a><p>CeraVe Micellar Water | New & Improved Formula | Hydrating Facial Cleanser & Eye Makeup Remover | Fragrance Free & Non-Irritating | 10 Fl. Oz</p><p>$10.74 ($1.07 / Ounce)</p><a href="https://www.amazon.com/dp/B07VHZPBZ3?tag=eloabder-20&linkCode=osi&th=1&psc=1">View Product</a></div><div class="product"><a href="https://www.amazon.com/dp/B005EZSUS0?tag=eloabder-20&linkCode=osi&th=1&psc=1"><img src="https://m.media-amazon.com/images/I/31Cwqaks+tL._SL500_.jpg" alt="Product Image"></a><p>La Roche-Posay Micellar Cleansing Water for Sensitive Skin, Micellar Water Makeup Remover, Cleanses and Hydrates Skin, Gentle Face Toner, Oil Free</p><p>$18.99 ($1.40 / Fl Oz)</p><a href="https://www.amazon.com/dp/B005EZSUS0?tag=eloabder-20&linkCode=osi&th=1&psc=1">View Product</a></div><div class="product"><a href="https://www.amazon.com/dp/B0CY25DD2N?tag=eloabder-20&linkCode=osi&th=1&psc=1"><img src="https://m.media-amazon.com/images/I/41jb6YrZnRL._SL500_.jpg" alt="Product Image"></a><p>ma:nyo Pure Cleansing Water Sensitive (16.9 fl oz/500ml) - Triple+ Micellar Technology, Makeup Removal Cleanser, Gentle Face Cleanser for all skin types, Cleanses and Hydrates Skin</p><p>$18.99 ($1.12 / Fl Oz)</p><a href="https://www.amazon.com/dp/B0CY25DD2N?tag=eloabder-20&linkCode=osi&th=1&psc=1">View Product</a></div>
<div class="product"><a href="https://www.amazon.com/dp/B09LKXR62L?tag=eloabder-20&linkCode=osi&th=1&psc=1"><img src="https://m.media-amazon.com/images/I/31D6ydy59dL._SL500_.jpg" alt="Product Image"></a><p>CeraVe Hydrating Toner for Face Non-Alcoholic with Hyaluronic Acid, Niacinamide, and Ceramides for Sensitive Dry Skin, Fragrance-Free Non Comedogenic, Full Size, 6.8 Fl Oz</p><p>$9.86 ($1.45 / Ounce)</p><a href="https://www.amazon.com/dp/B09LKXR62L?tag=eloabder-20&linkCode=osi&th=1&psc=1">View Product</a></div><div class="product"><a href="https://www.amazon.com/dp/B08CMS8P67?tag=eloabder-20&linkCode=osi&th=1&psc=1"><img src="https://m.media-amazon.com/images/I/31LVyuSsJEL._SL500_.jpg" alt="Product Image"></a><p>Anua Heartleaf 77 Soothing Toner I pH 5.5 Trouble Care, Calming Skin, Refreshing, Hydrating, Purifying, Cruelty Free, Vegan,(250ml / 8.45 fl.oz.)</p><p>$19.69 ($2.33 / Fl Oz)</p><a href="https://www.amazon.com/dp/B08CMS8P67?tag=eloabder-20&linkCode=osi&th=1&psc=1">View Product</a></div><div class="product"><a href="https://www.amazon.com/dp/B001BR97A0?tag=eloabder-20&linkCode=osi&th=1&psc=1"><img src="https://m.media-amazon.com/images/I/41ooiOilk5L._SL500_.jpg" alt="Product Image"></a><p>THAYERS Alcohol-Free, Hydrating Cucumber Witch Hazel Facial Toner with Aloe Vera Formula, Vegan, Dermatologist Tested and Recommended, 12 Oz</p><p>$10.53 ($0.88 / Fl Oz)</p><a href="https://www.amazon.com/dp/B001BR97A0?tag=eloabder-20&linkCode=osi&th=1&psc=1">View Product</a></div><div class="product"><a href="https://www.amazon.com/dp/B0CG1H8YRS?tag=eloabder-20&linkCode=osi&th=1&psc=1"><img src="https://m.media-amazon.com/images/I/31OZES5j9LL._SL500_.jpg" alt="Product Image"></a><p>TIRTIR Milk Skin Rice Toner | Deep Moisturizing, Instant Glow, 2% Niacinamide, Rice Bran Extract, Ceramide, Panthenol, Cruelty-Free, Fungal Acne Friendly, Vegan, 5.07 fl.oz.</p><p>$24.99 ($4.93 / Fl Oz)</p><a href="https://www.amazon.com/dp/B0CG1H8YRS?tag=eloabder-20&linkCode=osi&th=1&psc=1">View Product</a></div><div class="product"><a href="https://www.amazon.com/dp/B008EPPIQ4?tag=eloabder-20&linkCode=osi&th=1&psc=1"><img src="https://m.media-amazon.com/images/I/31-lQL0AkZL._SL500_.jpg" alt="Product Image"></a><p>Paula's Choice Skin Balancing Pore-Reducing Toner for Combination and Oily Skin, Minimizes Large Pores, 6.4 Fluid Ounce Bottle</p><p>$26.00 ($4.06 / Fl Oz)</p><a href="https://www.amazon.com/dp/B008EPPIQ4?tag=eloabder-20&linkCode=osi&th=1&psc=1">View Product</a></div><div class="product"><a href="https://www.amazon.com/dp/B0BNC5ZF3T?tag=eloabder-20&linkCode=osi&th=1&psc=1"><img src="https://m.media-amazon.com/images/I/31ZMbyd3gbL._SL500_.jpg" alt="Product Image"></a><p>Neutrogena Alcohol-Free Gentle Daily Fragrance-Free Face Toner to Tone & Refresh Skin, Toner Gently Removes Impurities & Reconditions Skin, Hypoallergenic, 8 fl. oz</p><p>$6.08 ($0.76 / Fl Oz)</p><a href="https://www.amazon.com/dp/B0BNC5ZF3T?tag=eloabder-20&linkCode=osi&th=1&psc=1">View Product</a></div><div class="product"><a href="https://www.amazon.com/dp/B00LO2RO7K?tag=eloabder-20&linkCode=osi&th=1&psc=1"><img src="https://m.media-amazon.com/images/I/31Wb52+KYzL._SL500_.jpg" alt="Product Image"></a><p>La Roche-Posay Effaclar Clarifying Solution Acne Toner with Salicylic Acid and Glycolic Acid, Pore Refining Oily Skin Toner, Gentle Exfoliant to Unclog Pores and Remove Dead Skin Cells</p><p>$16.99 ($2.51 / Fl Oz)</p><a href="https://www.amazon.com/dp/B00LO2RO7K?tag=eloabder-20&linkCode=osi&th=1&psc=1">View Product</a></div><div class="product"><a href="https://www.amazon.com/dp/B000GCQ04C?tag=eloabder-20&linkCode=osi&th=1&psc=1"><img src="https://m.media-amazon.com/images/I/31Jk+E96wIL._SL500_.jpg" alt="Product Image"></a><p>Dickinson's Original Witch Hazel Pore Perfecting Toner, 100% Natural, 16 Ounce Fragrance free</p><p>$4.94 ($0.31 / Fl Oz)</p><a href="https://www.amazon.com/dp/B000GCQ04C?tag=eloabder-20&linkCode=osi&th=1&psc=1">View Product</a></div><div class="product"><a href="https://www.amazon.com/dp/B073P6BPF5?tag=eloabder-20&linkCode=osi&th=1&psc=1"><img src="https://m.media-amazon.com/images/I/31hqlVDLizL._SL500_.jpg" alt="Product Image"></a><p>COSRX AHA/BHA Clarifying Treatment Toner, 5.07 fl.oz / 150ml | Exfoliating Facial Spray | Korean Skin Care, Hydrating, Mild Exfoliation, Vegan, Animal Testing Free, Paraben Free</p><p>$10.75 ($2.11 / Fl Oz)</p><a href="https://www.amazon.com/dp/B073P6BPF5?tag=eloabder-20&linkCode=osi&th=1&psc=1">View Product</a></div>
<div class="product"><a href="https://www.amazon.com/dp/B01N34XW93?tag=eloabder-20&linkCode=osi&th=1&psc=1"><img src="https://m.media-amazon.com/images/I/31OMOTCxlmL._SL500_.jpg" alt="Product Image"></a><p>La Roche-Posay Toleriane Purifying Foaming Facial Cleanser, Oil Free Face Wash for Oily Skin and for Sensitive Skin with Niacinamide, Pore Cleanser Won’t Dry Out Skin, Unscented</p><p>$17.99 ($1.33 / Fl Oz)</p><a href="https://www.amazon.com/dp/B01N34XW93?tag=eloabder-20&linkCode=osi&th=1&psc=1">View Product</a></div><div class="product"><a href="https://www.amazon.com/dp/B01MSSDEPK?tag=eloabder-20&linkCode=osi&th=1&psc=1"><img src="https://m.media-amazon.com/images/I/41YuSwjJUIL._SL500_.jpg" alt="Product Image"></a><p>CeraVe Hydrating Facial Cleanser | Moisturizing Face Wash For Dry Skin | Hyaluronic Acid + Ceramides + Glycerin | Hydrating Cleanser For Normal To Dry Skin | National Eczema Assosiation Certified</p><p>$15.48 ($0.97 / Fl Oz)</p><a href="https://www.amazon.com/dp/B01MSSDEPK?tag=eloabder-20&linkCode=osi&th=1&psc=1">View Product</a></div><div class="product"><a href="https://www.amazon.com/dp/B01N1LL62W?tag=eloabder-20&linkCode=osi&th=1&psc=1"><img src="https://m.media-amazon.com/images/I/41kwN8dWWzL._SL500_.jpg" alt="Product Image"></a><p>CeraVe Foaming Facial Cleanser | Daily Face Wash for Oily Skin with Hyaluronic Acid, Ceramides, and Niacinamide| Fragrance Free | 16 Fluid Ounce</p><p>$15.19 ($0.95 / Fl Oz)</p><a href="https://www.amazon.com/dp/B01N1LL62W?tag=eloabder-20&linkCode=osi&th=1&psc=1">View Product</a></div><div class="product"><a href="https://www.amazon.com/dp/B01N7T7JKJ?tag=eloabder-20&linkCode=osi&th=1&psc=1"><img src="https://m.media-amazon.com/images/I/31VXK3y1KYL._SL500_.jpg" alt="Product Image"></a><p>La Roche-Posay Toleriane Hydrating Gentle Face Cleanser, Daily Facial Cleanser with Niacinamide and Ceramides for Sensitive Skin, Moisturizing Face Wash for Normal to Dry Skin, Fragrance Free</p><p>$17.99 ($1.33 / Fl Oz)</p><a href="https://www.amazon.com/dp/B01N7T7JKJ?tag=eloabder-20&linkCode=osi&th=1&psc=1">View Product</a></div><div class="product"><a href="https://www.amazon.com/dp/B0719GRD5R?tag=eloabder-20&linkCode=osi&th=1&psc=1"><img src="https://m.media-amazon.com/images/I/41YE7bBHNCL._SL500_.jpg" alt="Product Image"></a><p>Clean & Clear Deep Action Exfoliating Cleanser with Pro-Vitamin B5, Gentle Exfoliating Daily Face Scrub Cleans Deep Down to the Pore for Soft, Smooth, Hydrated Skin, Oil Free Face Wash, 7 FL OZ</p><p>$5.32 ($0.76 / Fl Oz)</p><a href="https://www.amazon.com/dp/B0719GRD5R?tag=eloabder-20&linkCode=osi&th=1&psc=1">View Product</a></div><div class="product"><a href="https://www.amazon.com/dp/B08CQ9T6KN?tag=eloabder-20&linkCode=osi&th=1&psc=1"><img src="https://m.media-amazon.com/images/I/31IpigAgxZL._SL500_.jpg" alt="Product Image"></a><p>CeraVe SA Cleanser | Salicylic Acid Cleanser with Hyaluronic Acid, Niacinamide & Ceramides| BHA Exfoliant for Face | Fragrance Free Non-Comedogenic | 16 Ounce</p><p>$15.48 ($0.97 / Fl Oz)</p><a href="https://www.amazon.com/dp/B08CQ9T6KN?tag=eloabder-20&linkCode=osi&th=1&psc=1">View Product</a></div><div class="product"><a href="https://www.amazon.com/dp/B09Y4HHY1P?tag=eloabder-20&linkCode=osi&th=1&psc=1"><img src="https://m.media-amazon.com/images/I/41Crw80Q3yL._SL500_.jpg" alt="Product Image"></a><p>Cetaphil Face Wash, Daily Facial Cleanser for Sensitive, Combination to Oily Skin, NEW 16 oz, Fragrance Free, Gentle Foaming, Soap Free, Hypoallergenic (Packaging May Vary)</p><p>$11.97 ($0.75 / Fl Oz)</p><a href="https://www.amazon.com/dp/B09Y4HHY1P?tag=eloabder-20&linkCode=osi&th=1&psc=1">View Product</a></div><div class="product"><a href="https://www.amazon.com/dp/B099MSZX25?tag=eloabder-20&linkCode=osi&th=1&psc=1"><img src="https://m.media-amazon.com/images/I/41VHDzUYE6L._SL500_.jpg" alt="Product Image"></a><p>Cetaphil Face Wash, Daily Facial Cleanser for Sensitive, Combination to Oily Skin, Mother's Day Gifts, NEW 20 oz, Gentle Foaming, Soap Free, Hypoallergenic</p><p>$13.97 ($0.70 / Fl Oz)</p><a href="https://www.amazon.com/dp/B099MSZX25?tag=eloabder-20&linkCode=osi&th=1&psc=1">View Product</a></div><div class="product"><a href="https://www.amazon.com/dp/B00LO1DNXU?tag=eloabder-20&linkCode=osi&th=1&psc=1"><img src="https://m.media-amazon.com/images/I/31blEnDdwIL._SL500_.jpg" alt="Product Image"></a><p>La Roche-Posay Effaclar Medicated Gel Cleanser | 2% Salicylic Acid Cleanser + LHA + Glycerin | Foaming Acne Face Wash | Helps Clear & Prevent Acne Breakouts | Oil Free Acne Wash | Targets Excess Oil</p><p>$16.99 ($2.51 / Fl Oz)</p><a href="https://www.amazon.com/dp/B00LO1DNXU?tag=eloabder-20&linkCode=osi&th=1&psc=1">View Product</a></div><div class="product"><a href="https://www.amazon.com/dp/B00FFJ4W0U?tag=eloabder-20&linkCode=osi&th=1&psc=1"><img src="https://m.media-amazon.com/images/I/31NIZChUu9L._SL500_.jpg" alt="Product Image"></a><p>Clean & Clear Morning Burst Hydrating Facial Cleanser with BHA, Cucumber and Aloe Extracts, Oil-Free Face Wash Gently Removes Oil and Pore Clogging Impurities, 8 FL OZ</p><p>$4.97 ($0.62 / Fl Oz)</p><a href="https://www.amazon.com/dp/B00FFJ4W0U?tag=eloabder-20&linkCode=osi&th=1&psc=1">View Product</a></div>
<div class="product"><a href="https://www.amazon.com/dp/B00QY1XZ4W?tag=eloabder-20&linkCode=osi&th=1&psc=1"><img src="https://m.media-amazon.com/images/I/319pG+OQZxL._SL500_.jpg" alt="Product Image"></a><p>Vanicream Gentle Facial Cleanser with Pump Dispenser - 8 fl oz - Formulated Without Common Irritants for Those with Sensitive Skin</p><p>$8.86 ($1.11 / Fl Oz)</p><a href="https://www.amazon.com/dp/B00QY1XZ4W?tag=eloabder-20&linkCode=osi&th=1&psc=1">View Product</a></div><div class="product"><a href="https://www.amazon.com/dp/B00UT47WZ8?tag=eloabder-20&linkCode=osi&th=1&psc=1"><img src="https://m.media-amazon.com/images/I/31LuYFIOBXL._SL500_.jpg" alt="Product Image"></a><p>Neutrogena Deep Clean Daily Facial Cleanser with Beta Hydroxy Acid for Normal to Oily Skin, Alcohol-Free, Oil-Free & Non-Comedogenic, 6.7 fl. oz</p><p>$6.49 ($0.97 / Fl Oz)</p><a href="https://www.amazon.com/dp/B00UT47WZ8?tag=eloabder-20&linkCode=osi&th=1&psc=1">View Product</a></div><div class="product"><a href="https://www.amazon.com/dp/B0BVV8BNYJ?tag=eloabder-20&linkCode=osi&th=1&psc=1"><img src="https://m.media-amazon.com/images/I/31tSZvBReoL._SL500_.jpg" alt="Product Image"></a><p>ANUA Heartleaf Quercetinol Pore Deep Cleansing Foam, Facial Cleanser, for Double Cleansing, BHA, Hyaluronic Acid, Glycerin, Face Wash, Blackhead Remover, Korean Skincare (150ml/5.07 fl.oz.)</p><p>$13.00 ($2.56 / Fl Oz)</p><a href="https://www.amazon.com/dp/B0BVV8BNYJ?tag=eloabder-20&linkCode=osi&th=1&psc=1">View Product</a></div><div class="product"><a href="https://www.amazon.com/dp/B004HLSZYQ?tag=eloabder-20&linkCode=osi&th=1&psc=1"><img src="https://m.media-amazon.com/images/I/31KXj2UGrOL._SL500_.jpg" alt="Product Image"></a><p>EltaMD Foaming Facial Cleanser, Gentle Foaming Face Wash and Makeup Remover, Oil Free Face Wash, 7 oz Pump</p><p>$35.00 ($5.00 / Fl Oz)</p><a href="https://www.amazon.com/dp/B004HLSZYQ?tag=eloabder-20&linkCode=osi&th=1&psc=1">View Product</a></div>
<div class="product"><a href="https://www.amazon.com/dp/B07C5SS6YD?tag=eloabder-20&linkCode=osi&th=1&psc=1"><img src="https://m.media-amazon.com/images/I/31tzIszvgAL._SL500_.jpg" alt="Product Image"></a><p>Paula's Choice Skin Perfecting 2% BHA Liquid Salicylic Acid Exfoliant, Gentle Facial Exfoliator for Blackheads, Large Pores, Wrinkles & Fine Lines, Travel Size, 1 Fluid Ounce</p><p>$14.00</p><a href="https://www.amazon.com/dp/B07C5SS6YD?tag=eloabder-20&linkCode=osi&th=1&psc=1">View Product</a></div><div class="product"><a href="https://www.amazon.com/dp/B07VW3YSWH?tag=eloabder-20&linkCode=osi&th=1&psc=1"><img src="https://m.media-amazon.com/images/I/410j9ZFktHL._SL500_.jpg" alt="Product Image"></a><p>Tree Hut Vitamin C Shea Sugar Scrub, 18 oz, Ultra Hydrating and Exfoliating Scrub for Nourishing Essential Body Care</p><p>$8.94 ($0.50 / Ounce)</p><a href="https://www.amazon.com/dp/B07VW3YSWH?tag=eloabder-20&linkCode=osi&th=1&psc=1">View Product</a></div><div class="product"><a href="https://www.amazon.com/dp/B08YN28CS4?tag=eloabder-20&linkCode=osi&th=1&psc=1"><img src="https://m.media-amazon.com/images/I/41WIWNeKrxL._SL500_.jpg" alt="Product Image"></a><p>Seraphic Skincare (Original) Premium Exfoliating Mitt for Body (1pc) – 100% Vegan Viscose Traditional Body Scrub Glove Kessa Korean Washcloth – Body Exfoliator for Self-Tan Removal & Keratosis Pilaris</p><p>$8.99 ($8.99 / Count)</p><a href="https://www.amazon.com/dp/B08YN28CS4?tag=eloabder-20&linkCode=osi&th=1&psc=1">View Product</a></div><div class="product"><a href="https://www.amazon.com/dp/B001VMJSCW?tag=eloabder-20&linkCode=osi&th=1&psc=1"><img src="https://m.media-amazon.com/images/I/31N7x4-aJAL._SL500_.jpg" alt="Product Image"></a><p>Dermalogica Daily Microfoliant, Face Exfoliator Scrub Powder with Salicylic Acid and Papaya Enzyme, Achieve Brighter, Smoother Skin Daily, 0.45 Oz</p><p>$19.00 ($42.22 / Ounce)</p><a href="https://www.amazon.com/dp/B001VMJSCW?tag=eloabder-20&linkCode=osi&th=1&psc=1">View Product</a></div><div class="product"><a href="https://www.amazon.com/dp/B076KYPY23?tag=eloabder-20&linkCode=osi&th=1&psc=1"><img src="https://m.media-amazon.com/images/I/31F7Ozgy+WL._SL500_.jpg" alt="Product Image"></a><p>DRMTLGY Microdermabrasion Facial Scrub and Face Mask. Non-Abrasive Face Exfoliator Improves Acne Scars, Blackheads, Pore Size, and Skin Texture. 2 oz</p><p>$20.00 ($10.00 / Ounce)</p><a href="https://www.amazon.com/dp/B076KYPY23?tag=eloabder-20&linkCode=osi&th=1&psc=1">View Product</a></div><div class="product"><a href="https://www.amazon.com/dp/B018H32LHQ?tag=eloabder-20&linkCode=osi&th=1&psc=1"><img src="https://m.media-amazon.com/images/I/41NfDFms3KL._SL500_.jpg" alt="Product Image"></a><p>Era Organics Microdermabrasion Facial Scrub & Face Exfoliator - Spa Quality Exfoliating Mask with Manuka Honey Walnut Moisturizing Exfoliant for Dry Skin, Blackheads Wrinkles (2 oz)</p><p>$16.99 ($8.50 / Ounce)</p><a href="https://www.amazon.com/dp/B018H32LHQ?tag=eloabder-20&linkCode=osi&th=1&psc=1">View Product</a></div><div class="product"><a href="https://www.amazon.com/dp/B0BNWXFH3P?tag=eloabder-20&linkCode=osi&th=1&psc=1"><img src="https://m.media-amazon.com/images/I/51HkdST1FCL._SL500_.jpg" alt="Product Image"></a><p>Dermasuri Deep Exfoliating Glove for Shower - Exfoliating Mitt Body Scrubber - Skin Exfoliator & Dead Skin Remover - Keratosis Pilaris Scrub - Spray Tan Remover - Korean Skincare for Body (2 Pack)</p><p>$19.99 ($10.00 / Count)</p><a href="https://www.amazon.com/dp/B0BNWXFH3P?tag=eloabder-20&linkCode=osi&th=1&psc=1">View Product</a></div><div class="product"><a href="https://www.amazon.com/dp/B09Q88TVGJ?tag=eloabder-20&linkCode=osi&th=1&psc=1"><img src="https://m.media-amazon.com/images/I/31jQFJt0t7L._SL500_.jpg" alt="Product Image"></a><p>tingl Face and Body Exfoliator Pads - Anti Aging Acne Treatment with Glycolic Acid, Lactic Acid, and Salicylic Acid - Pore Minimizer, Oil Cleanser, Blackhead Remover and Skin Exfoliator in One</p><p>$38.00 ($38.00 / Count)</p><a href="https://www.amazon.com/dp/B09Q88TVGJ?tag=eloabder-20&linkCode=osi&th=1&psc=1">View Product</a></div><div class="product"><a href="https://www.amazon.com/dp/B08T4FLJQZ?tag=eloabder-20&linkCode=osi&th=1&psc=1"><img src="https://m.media-amazon.com/images/I/317LIpGPZiL._SL500_.jpg" alt="Product Image"></a><p>Dove Scrub Brown Sugar & Coconut Butter For Silky Smooth Skin Body Scrub Exfoliates & Restores Skin's Natural Nutrients 10.5 oz</p><p>$6.97 ($0.66 / Ounce)</p><a href="https://www.amazon.com/dp/B08T4FLJQZ?tag=eloabder-20&linkCode=osi&th=1&psc=1">View Product</a></div>
<div class="product"><a href="https://www.amazon.com/dp/B07XG6BKCV?tag=eloabder-20&linkCode=osi&th=1&psc=1"><img src="https://m.media-amazon.com/images/I/31gg8aKaOeL._SL500_.jpg" alt="Product Image"></a><p>First Aid Beauty KP Bump Eraser Body Scrub Exfoliant for Keratosis Pilaris with 10% AHA – 8 oz</p><p>$30.00 ($3.75 / Ounce)</p><a href="https://www.amazon.com/dp/B07XG6BKCV?tag=eloabder-20&linkCode=osi&th=1&psc=1">View Product</a></div><div class="product"><a href="https://www.amazon.com/dp/B08Y5X8GJ9?tag=eloabder-20&linkCode=osi&th=1&psc=1"><img src="https://m.media-amazon.com/images/I/51MmIF4H+2L._SL500_.jpg" alt="Product Image"></a><p>Tree Hut Watermelon Shea Sugar Exfoliating & Hydrating Body Scrub, 18oz</p><p>$8.49 ($0.47 / Ounce)</p><a href="https://www.amazon.com/dp/B08Y5X8GJ9?tag=eloabder-20&linkCode=osi&th=1&psc=1">View Product</a></div><div class="product"><a href="https://www.amazon.com/dp/B003Z4OD24?tag=eloabder-20&linkCode=osi&th=1&psc=1"><img src="https://m.media-amazon.com/images/I/31C3rfE0XfL._SL500_.jpg" alt="Product Image"></a><p>Acure Brightening Facial Scrub for a Youthful, Brighter, Radiant Complexion | With Sea Kelp & French Green Clay, 4 Fl Oz</p><p>$11.83 ($2.96 / Fl Oz)</p><a href="https://www.amazon.com/dp/B003Z4OD24?tag=eloabder-20&linkCode=osi&th=1&psc=1">View Product</a></div><div class="product"><a href="https://www.amazon.com/dp/B07TH9YNL7?tag=eloabder-20&linkCode=osi&th=1&psc=1"><img src="https://m.media-amazon.com/images/I/4152M3OTu9L._SL500_.jpg" alt="Product Image"></a><p>Brooklyn Botany Dead Sea Salt and Coconut Milk Body Scrub - Moisturizing and Exfoliating Body, Face, Hand, Foot Scrub - Fights Stretch Marks, Fine Lines, Wrinkles - Great Gifts for Women & Men - 10 oz</p><p>$8.99 ($0.86 / Ounce)</p><a href="https://www.amazon.com/dp/B07TH9YNL7?tag=eloabder-20&linkCode=osi&th=1&psc=1">View Product</a></div><div class="product"><a href="https://www.amazon.com/dp/B07Q9C3YTQ?tag=eloabder-20&linkCode=osi&th=1&psc=1"><img src="https://m.media-amazon.com/images/I/31L0XCMqHoL._SL500_.jpg" alt="Product Image"></a><p>SheaMoisture Body Scrub for Dull Skin Illuminating Coconut and Hibiscus Cruelty-Free Skin Care 12 oz</p><p>$8.94 ($0.74 / Ounce)</p><a href="https://www.amazon.com/dp/B07Q9C3YTQ?tag=eloabder-20&linkCode=osi&th=1&psc=1">View Product</a></div><div class="product"><a href="https://www.amazon.com/dp/B09X6CVS53?tag=eloabder-20&linkCode=osi&th=1&psc=1"><img src="https://m.media-amazon.com/images/I/51a7ibTDAQL._SL500_.jpg" alt="Product Image"></a><p>Exfoliating Body Scrub Turmeric Body Scrub and Skin Exfoliator with Collagen and Coconut Oil Gently Exfoliate Face Body Hand and Foot Scrub Moisturizing Body SkinCare products by M3 Naturals</p><p>$25.81 ($2.15 / Ounce)</p><a href="https://www.amazon.com/dp/B09X6CVS53?tag=eloabder-20&linkCode=osi&th=1&psc=1">View Product</a></div><div class="product"><a href="https://www.amazon.com/dp/B08TM4QBDT?tag=eloabder-20&linkCode=osi&th=1&psc=1"><img src="https://m.media-amazon.com/images/I/51ToKkQ3fMS._SL500_.jpg" alt="Product Image"></a><p>First Botany, Himalayan Salt Body Scrub with Collagen & Stem Cells, Natural Exfoliating Salt Scrub Body & Face Souffle helps with Moisturizing Skin, Acne, Cellulite, Dead Skin Scars, Wrinkles, 11 oz</p><p>$13.89 ($1.26 / Ounce)</p><a href="https://www.amazon.com/dp/B08TM4QBDT?tag=eloabder-20&linkCode=osi&th=1&psc=1">View Product</a></div>
<div class="product"><a href="https://www.amazon.com/dp/B0B2RM68G2?tag=eloabder-20&linkCode=osi&th=1&psc=1"><img src="https://m.media-amazon.com/images/I/41VafG53fjL._SL500_.jpg" alt="Product Image"></a><p>BIODANCE Bio-Collagen Real Deep Mask, Hydrating Overnight Hydrogel Mask, Pore Minimizing, Elasticity Improvement, 34g x4ea</p><p>$19.00 ($4.75 / Count)</p><a href="https://www.amazon.com/dp/B0B2RM68G2?tag=eloabder-20&linkCode=osi&th=1&psc=1">View Product</a></div><div class="product"><a href="https://www.amazon.com/dp/B0722LVW3B?tag=eloabder-20&linkCode=osi&th=1&psc=1"><img src="https://m.media-amazon.com/images/I/51Vm0lozSIL._SL500_.jpg" alt="Product Image"></a><p>DERMAL 24 Combo Pack A Collagen Essence Korean Face Mask - Hydrating & Soothing Facial Mask with Panthenol - Hypoallergenic Self Care Sheet Mask for All Skin Types - Natural Home Spa Treatment Mask</p><p>$16.99 ($0.71 / Count)</p><a href="https://www.amazon.com/dp/B0722LVW3B?tag=eloabder-20&linkCode=osi&th=1&psc=1">View Product</a></div><div class="product"><a href="https://www.amazon.com/dp/B08YRD11VS?tag=eloabder-20&linkCode=osi&th=1&psc=1"><img src="https://m.media-amazon.com/images/I/41QL8zBoz0S._SL500_.jpg" alt="Product Image"></a><p>Vitamin C Face Mask with Kaolin Clay and Turmeric for Dark Spots, Dull Skin, Skincare Facial Mask for Controlling Oil and Refining Pores 5.29 Oz</p><p>$14.99 ($2.83 / Ounce)</p><a href="https://www.amazon.com/dp/B08YRD11VS?tag=eloabder-20&linkCode=osi&th=1&psc=1">View Product</a></div><div class="product"><a href="https://www.amazon.com/dp/B06VV8FBDQ?tag=eloabder-20&linkCode=osi&th=1&psc=1"><img src="https://m.media-amazon.com/images/I/41GEI9zFceL._SL500_.jpg" alt="Product Image"></a><p>LA PURE Korean Face Mask - 10ct Snail Mucin Hydrating Face Masks Anti Wrinkle Anti Aging Deep Moisturizing Natural Snail Mucin Mask Sheet Mask Paraben Free Facial Skin Care Products Korean Skin Care</p><p>$24.95 ($2.50 / Count)</p><a href="https://www.amazon.com/dp/B06VV8FBDQ?tag=eloabder-20&linkCode=osi&th=1&psc=1">View Product</a></div><div class="product"><a href="https://www.amazon.com/dp/B09XWVH7XX?tag=eloabder-20&linkCode=osi&th=1&psc=1"><img src="https://m.media-amazon.com/images/I/413x5TISr1L._SL500_.jpg" alt="Product Image"></a><p>Mediheal Best Korean Watermide Essential Face Mask - 10 Hydrating and Moisturizing Sheet Masks With Water 3x Complex For All Skin Types</p><p>$19.90 ($1.99 / Count)</p><a href="https://www.amazon.com/dp/B09XWVH7XX?tag=eloabder-20&linkCode=osi&th=1&psc=1">View Product</a></div><div class="product"><a href="https://www.amazon.com/dp/B07K6V8P2R?tag=eloabder-20&linkCode=osi&th=1&psc=1"><img src="https://m.media-amazon.com/images/I/41FtxFr0Z-L._SL500_.jpg" alt="Product Image"></a><p>Ebanel 15 Pack Collagen Peptide Hydrating Face Masks, Instant Brightening Firming Anti Aging Face Sheet Masks, Moisturizing Spa Face Masks Skincare with Hyaluronic Acid, Vitamin C, Chamomile, Aloe</p><p>$18.99 ($1.81 / Ounce)</p><a href="https://www.amazon.com/dp/B07K6V8P2R?tag=eloabder-20&linkCode=osi&th=1&psc=1">View Product</a></div><div class="product"><a href="https://www.amazon.com/dp/B0CYGT3CR4?tag=eloabder-20&linkCode=osi&th=1&psc=1"><img src="https://m.media-amazon.com/images/I/51LbfzrqiUL._SL500_.jpg" alt="Product Image"></a><p>KONEUK 14 Pack Sheet Face Masks Skincare for All Skin Types, Hydrating Face Masks Suitable for Sensitive Skin, Bulk Facial Mask Set for Women Skin Care, Face Mask Gifts Set for Face Spa</p><p>$8.99 ($0.64 / Count)</p><a href="https://www.amazon.com/dp/B0CYGT3CR4?tag=eloabder-20&linkCode=osi&th=1&psc=1">View Product</a></div><div class="product"><a href="https://www.amazon.com/dp/B07L8XY5B7?tag=eloabder-20&linkCode=osi&th=1&psc=1"><img src="https://m.media-amazon.com/images/I/41v5eqhBSIL._SL500_.jpg" alt="Product Image"></a><p>BRO MASK: Korean Face Mask for Men | 2 Pc. Hydrating Anti Aging Sheet Masks Contains Vitamin C, Vitamin E, Hyaluronic Acid, Hydrolyzed Collagen for Face Care & Acne Treatment by Jaxon Lane (4 Pack)</p><p>$28.00 ($7.00 / Count)</p><a href="https://www.amazon.com/dp/B07L8XY5B7?tag=eloabder-20&linkCode=osi&th=1&psc=1">View Product</a></div><div class="product"><a href="https://www.amazon.com/dp/B01KSIO76G?tag=eloabder-20&linkCode=osi&th=1&psc=1"><img src="https://m.media-amazon.com/images/I/21n0DJ3XOiL._SL500_.jpg" alt="Product Image"></a><p>Kiehl's Rare Earth Deep Pore Cleansing Mask, Pore-Minimizing Face Mask for Clogged Pores, Detoxifies & Refines Skin, Absorbs Excess Oil, with Amazonian White Clay & Aloe Vera - 0.95 fl oz</p><p>$26.00 ($27.37 / Ounce)</p><a href="https://www.amazon.com/dp/B01KSIO76G?tag=eloabder-20&linkCode=osi&th=1&psc=1">View Product</a></div>
<div class="product"><a href="https://www.amazon.com/dp/B08JSL9W6K?tag=eloabder-20&linkCode=osi&th=1&psc=1"><img src="https://m.media-amazon.com/images/I/410lOOpCRwL._SL500_.jpg" alt="Product Image"></a><p>COSRX Snail Mucin Sheet Mask 10 EA, Snail Essence Leave-on Face Masks for Dry, Sensitive Skin, Snail Secretion Filtrate, Not Tested on Animals, No Parabens, No Sulfates, Korean Skincare</p><p>$18.75 ($1.88 / Count)</p><a href="https://www.amazon.com/dp/B08JSL9W6K?tag=eloabder-20&linkCode=osi&th=1&psc=1">View Product</a></div><div class="product"><a href="https://www.amazon.com/dp/B07FPJHPX1?tag=eloabder-20&linkCode=osi&th=1&psc=1"><img src="https://m.media-amazon.com/images/I/51uNOnTpxTL._SL500_.jpg" alt="Product Image"></a><p>Celavi Essence Facial Sheet Face Mask Variety Set Classic Authentic Korean Moisturizing Skincare (12-Packs)</p><p>$9.40 ($0.78 / Count)</p><a href="https://www.amazon.com/dp/B07FPJHPX1?tag=eloabder-20&linkCode=osi&th=1&psc=1">View Product</a></div><div class="product"><a href="https://www.amazon.com/dp/B083X5R6VR?tag=eloabder-20&linkCode=osi&th=1&psc=1"><img src="https://m.media-amazon.com/images/I/31NleokJYmL._SL500_.jpg" alt="Product Image"></a><p>VT COSMETICS Daily Soothing Mask 30ea, Facial Sheet Mask for Moist & Hydrating, 30 Day Supply, Cica Face Mask</p><p>$18.50 ($0.62 / Count)</p><a href="https://www.amazon.com/dp/B083X5R6VR?tag=eloabder-20&linkCode=osi&th=1&psc=1">View Product</a></div><div class="product"><a href="https://www.amazon.com/dp/B0B57TX64F?tag=eloabder-20&linkCode=osi&th=1&psc=1"><img src="https://m.media-amazon.com/images/I/41+ywvmpRoL._SL500_.jpg" alt="Product Image"></a><p>Mediheal Best Korean Sheet Mask - Watermide Essential Face Mask 4 Sheets For All Skin Types Korean Best Sheet Mask Hydrating Moisturizing with Water 3x Complex</p><p>$7.90 ($1.98 / Count)</p><a href="https://www.amazon.com/dp/B0B57TX64F?tag=eloabder-20&linkCode=osi&th=1&psc=1">View Product</a></div><div class="product"><a href="https://www.amazon.com/dp/B0BPLLXT7Y?tag=eloabder-20&linkCode=osi&th=1&psc=1"><img src="https://m.media-amazon.com/images/I/41vG52wcgaL._SL500_.jpg" alt="Product Image"></a><p>NEXTBEAU [PACK OF 10] Solution Sheet Mask Pack 5types x 2pc Aloe, Niacinamide, Collagen, Hemp seed, Hyaluronic Acid</p><p>$8.99 ($0.90 / Count)</p><a href="https://www.amazon.com/dp/B0BPLLXT7Y?tag=eloabder-20&linkCode=osi&th=1&psc=1">View Product</a></div><div class="product"><a href="https://www.amazon.com/dp/B00BAM7F8C?tag=eloabder-20&linkCode=osi&th=1&psc=1"><img src="https://m.media-amazon.com/images/I/51jsS9SDHeL._SL500_.jpg" alt="Product Image"></a><p>DERMAL 16 Combo Pack A Collagen Essencce Korean Face Mask - Hydrating & Soothing Facial Mask with Panthenol - Hypoallergenic Self Care Sheet Mask for All Skin Types - Natural Home Spa Treatment Masks</p><p>$11.99</p><a href="https://www.amazon.com/dp/B00BAM7F8C?tag=eloabder-20&linkCode=osi&th=1&psc=1">View Product</a></div><div class="product"><a href="https://www.amazon.com/dp/B076H45H68?tag=eloabder-20&linkCode=osi&th=1&psc=1"><img src="https://m.media-amazon.com/images/I/41JP+9JeO5L._SL500_.jpg" alt="Product Image"></a><p>Neutrogena Hydro Boost Moisturizing & Hydrating 100% Hydrogel Sheet Face Mask for Dry Skin with Hyaluronic Acid, Gentle & Non-Comedogenic, 1 Ounce (Pack of 12)</p><p>$34.44 ($2.87 / Ounce)</p><a href="https://www.amazon.com/dp/B076H45H68?tag=eloabder-20&linkCode=osi&th=1&psc=1">View Product</a></div><div class="product"><a href="https://www.amazon.com/dp/B078YB11V4?tag=eloabder-20&linkCode=osi&th=1&psc=1"><img src="https://m.media-amazon.com/images/I/51shUi8PVmL._SL500_.jpg" alt="Product Image"></a><p>TONYMOLY I'm Real Radiance Sheet Mask 5 Count, Hydrates and Moisturizes Face</p><p>$12.00 ($2.40 / Count)</p><a href="https://www.amazon.com/dp/B078YB11V4?tag=eloabder-20&linkCode=osi&th=1&psc=1">View Product</a></div>
<div class="product"><a href="https://www.amazon.com/dp/B081FK6L1G?tag=eloabder-20&linkCode=osi&th=1&psc=1"><img src="https://m.media-amazon.com/images/I/51gWAvQb9aL._SL500_.jpg" alt="Product Image"></a><p>Aztec Secret– Indian Healing Clay 1 lb – Deep Pore Cleansing Facial & Body Mask – The Original 100% Natural Calcium Bentonite Clay – New Version 2</p><p>$14.95 ($0.93 / Ounce)</p><a href="https://www.amazon.com/dp/B081FK6L1G?tag=eloabder-20&linkCode=osi&th=1&psc=1">View Product</a></div><div class="product"><a href="https://www.amazon.com/dp/B0CQZ3W88P?tag=eloabder-20&linkCode=osi&th=1&psc=1"><img src="https://m.media-amazon.com/images/I/41I90W9bHuL._SL500_.jpg" alt="Product Image"></a><p>innisfree Super Volcanic Pore Clay Mask, Korean Pore Clearing Clay Mask with Volcanic Clusters and AHA</p><p>$16.00 ($4.73 / Ounce)</p><a href="https://www.amazon.com/dp/B0CQZ3W88P?tag=eloabder-20&linkCode=osi&th=1&psc=1">View Product</a></div><div class="product"><a href="https://www.amazon.com/dp/B07SDQDMZ4?tag=eloabder-20&linkCode=osi&th=1&psc=1"><img src="https://m.media-amazon.com/images/I/41vC+ro0S-L._SL500_.jpg" alt="Product Image"></a><p>Cetaphil Clay Mask Pro, Dermacontrol Purifying Clay Exfoliating Face Mask For Nourishment with Bentonite Clay for Blackheads and Pores, Designed for Oily, Sensitive Skin, 3 oz</p><p>$15.99 ($5.33 / Ounce)</p><a href="https://www.amazon.com/dp/B07SDQDMZ4?tag=eloabder-20&linkCode=osi&th=1&psc=1">View Product</a></div><div class="product"><a href="https://www.amazon.com/dp/B0CHN72MCJ?tag=eloabder-20&linkCode=osi&th=1&psc=1"><img src="https://m.media-amazon.com/images/I/41OPjUXZYlL._SL500_.jpg" alt="Product Image"></a><p>Aztec Secret Essential Indian Clay Mask Kit by Etana – 100% Natural Calcium Bentonite for Deep Pore Cleansing - Facial, Hair & Body Detox Set Wtih Accessories</p><p>$21.95 ($1.37 / Ounce)</p><a href="https://www.amazon.com/dp/B0CHN72MCJ?tag=eloabder-20&linkCode=osi&th=1&psc=1">View Product</a></div><div class="product"><a href="https://www.amazon.com/dp/B0CPDBW579?tag=eloabder-20&linkCode=osi&th=1&psc=1"><img src="https://m.media-amazon.com/images/I/31tDriIWYmL._SL500_.jpg" alt="Product Image"></a><p>FULLY Green Tomato Clay Mask Cleanser, Pore Purifying with 49% Green Tomato Extract, Sebum & Clogged Pore Care, Exfoliation, Fragrance-Free, Vegan & Dermatologically Tested, 4.05 fl.oz</p><p>$20.00 ($4.94 / Fl Oz)</p><a href="https://www.amazon.com/dp/B0CPDBW579?tag=eloabder-20&linkCode=osi&th=1&psc=1">View Product</a></div><div class="product"><a href="https://www.amazon.com/dp/B007CY2C76?tag=eloabder-20&linkCode=osi&th=1&psc=1"><img src="https://m.media-amazon.com/images/I/31-131ZWvEL._SL500_.jpg" alt="Product Image"></a><p>Freeman Dead Sea Minerals Anti-Stress Clay Facial Mask, Hydrating & Clarifying, Clears Pores, Face Mask With Lavender & Bergamot For Radiant Skin, For All Skin Types, 6 fl. oz./175 mL Tube, 1 Count</p><p>$3.86 ($0.64 / Ounce)</p><a href="https://www.amazon.com/dp/B007CY2C76?tag=eloabder-20&linkCode=osi&th=1&psc=1">View Product</a></div><div class="product"><a href="https://www.amazon.com/dp/B08HCVWG7B?tag=eloabder-20&linkCode=osi&th=1&psc=1"><img src="https://m.media-amazon.com/images/I/51nz+uBxoSL._SL500_.jpg" alt="Product Image"></a><p>Gleamin Vitamin C Clay Mask - 10-Minutes for Dark Spots, Turmeric Face Mask Skin Care, Deep Cleansing Pores - Facial Improves Uneven Tone, Post-Blemish, Visibly Brighten, Scarring and Texture - 2.5 Oz</p><p>$41.00 ($16.40 / Ounce)</p><a href="https://www.amazon.com/dp/B08HCVWG7B?tag=eloabder-20&linkCode=osi&th=1&psc=1">View Product</a></div>
<div class="product"><a href="https://www.amazon.com/dp/B000ZEA6WS?tag=eloabder-20&linkCode=osi&th=1&psc=1"><img src="https://m.media-amazon.com/images/I/31rFp2ip1IL._SL500_.jpg" alt="Product Image"></a><p>Freeman Renewing Cucumber Peel-Off Gel Facial Mask, Face Mask Refreshes Skin, Aloe Soothes & Moisturizes, Get Rejuvenated Skin, For Normal & Combination Skin, 6 fl. oz./175 mL Tube, 1 Count</p><p>$3.86 ($0.64 / Fl Oz)</p><a href="https://www.amazon.com/dp/B000ZEA6WS?tag=eloabder-20&linkCode=osi&th=1&psc=1">View Product</a></div><div class="product"><a href="https://www.amazon.com/dp/B08RYC42CZ?tag=eloabder-20&linkCode=osi&th=1&psc=1"><img src="https://m.media-amazon.com/images/I/31ApUlGl6zL._SL500_.jpg" alt="Product Image"></a><p>Aprilskin Calendula Peel Off Pore Minimizing Facial Mask | Vegan | Blackhead Remover, Exfoliating, Deep Cleansing | PHA BHA | Korean Skin Care | K Beauty | 3.52 oz</p><p>$16.90 ($4.80 / Fl Oz)</p><a href="https://www.amazon.com/dp/B08RYC42CZ?tag=eloabder-20&linkCode=osi&th=1&psc=1">View Product</a></div><div class="product"><a href="https://www.amazon.com/dp/B07DLDKCS1?tag=eloabder-20&linkCode=osi&th=1&psc=1"><img src="https://m.media-amazon.com/images/I/41Mx5AMIGyL._SL500_.jpg" alt="Product Image"></a><p>AZURE 24K Gold Firming Peel Off Face Mask- Anti Aging, Lifting, Illuminating & Revitalizing - Removes Blackheads, Dirt & Oils - With Hyaluronic Acid and Collagen - Skin Care Made in Korea - 150mL</p><p>$9.99 ($1.96 / Fl Oz)</p><a href="https://www.amazon.com/dp/B07DLDKCS1?tag=eloabder-20&linkCode=osi&th=1&psc=1">View Product</a></div><div class="product"><a href="https://www.amazon.com/dp/B07R16LBDL?tag=eloabder-20&linkCode=osi&th=1&psc=1"><img src="https://m.media-amazon.com/images/I/41yu6tuykaL._SL500_.jpg" alt="Product Image"></a><p>SUNATORIA Blackhead Remover Mask - Activated Charcoal Peel Off Face Mask - for All Skin Types - Deep Pore Cleaner Nose Blackhead Remover Pore Release - Black Head Remover for Face</p><p>$9.95 ($4.88 / Fl Oz)</p><a href="https://www.amazon.com/dp/B07R16LBDL?tag=eloabder-20&linkCode=osi&th=1&psc=1">View Product</a></div><div class="product"><a href="https://www.amazon.com/dp/B071KRTXX8?tag=eloabder-20&linkCode=osi&th=1&psc=1"><img src="https://m.media-amazon.com/images/I/51GSgsJO94L._SL500_.jpg" alt="Product Image"></a><p>SHILLS Charcoal Face Mask, Peel Off Mask, Charcoal Mask, Peel Off Mask, Deep Cleansing, Purifying, Activated Charcoal Mask with Brush</p><p>$9.94</p><a href="https://www.amazon.com/dp/B071KRTXX8?tag=eloabder-20&linkCode=osi&th=1&psc=1">View Product</a></div><div class="product"><a href="https://www.amazon.com/dp/B00E5NALCK?tag=eloabder-20&linkCode=osi&th=1&psc=1"><img src="https://m.media-amazon.com/images/I/31Is3s5+U7L._SL500_.jpg" alt="Product Image"></a><p>Freeman Cleansing Pomegranate Peel-Off Gel Facial Mask, Shrinks Pores, Purifies Skin, Made With 8 Different Antioxidants, Protects Skin, Cruelty-Free Skincare, 6 fl. oz./175 mL Tubes, 1 Count</p><p>$4.29 ($0.72 / Fl Oz)</p><a href="https://www.amazon.com/dp/B00E5NALCK?tag=eloabder-20&linkCode=osi&th=1&psc=1">View Product</a></div><div class="product"><a href="https://www.amazon.com/dp/B0CRTPJ5N3?tag=eloabder-20&linkCode=osi&th=1&psc=1"><img src="https://m.media-amazon.com/images/I/51zTZyHPVWL._SL500_.jpg" alt="Product Image"></a><p>Rednow Gold Foil Peel-Off Mask,Gold Peel Off Face Mask Anti-Wrinkle,98.4% Golden Peel Off Mask,Anti-Aging Gold Face Mask for Moisturizing,Removes Blackheads,Reduces Fine Lines,Cleans Pores(2PCS)</p><p>$14.99 ($7.50 / Fl Oz)</p><a href="https://www.amazon.com/dp/B0CRTPJ5N3?tag=eloabder-20&linkCode=osi&th=1&psc=1">View Product</a></div>
<div class="product"><a href="https://www.amazon.com/dp/B01NCM25K7?tag=eloabder-20&linkCode=osi&th=1&psc=1"><img src="https://m.media-amazon.com/images/I/416P4kSw1VL._SL500_.jpg" alt="Product Image"></a><p>New York Biology Dead Sea Mud Mask for Face and Body - Spa Quality Pore Reducer for Acne, Blackheads & Oily Skin, Natural Skincare for Women, Men - Tightens Skin for A Healthier Complexion - 8.8 oz</p><p>$16.95 ($1.93 / Ounce)</p><a href="https://www.amazon.com/dp/B01NCM25K7?tag=eloabder-20&linkCode=osi&th=1&psc=1">View Product</a></div><div class="product"><a href="https://www.amazon.com/dp/B00UREAGU8?tag=eloabder-20&linkCode=osi&th=1&psc=1"><img src="https://m.media-amazon.com/images/I/510FCuOHsNL._SL500_.jpg" alt="Product Image"></a><p>MAJESTIC PURE Dead Sea Mud Mask for Face and Body - Natural Skin Care for Women and Men - Best Facial Cleansing Clay for Blackhead, Whitehead, Acne and Pores - 8.8 fl. Oz</p><p>$9.99 ($1.14 / Fl Oz)</p><a href="https://www.amazon.com/dp/B00UREAGU8?tag=eloabder-20&linkCode=osi&th=1&psc=1">View Product</a></div><div class="product"><a href="https://www.amazon.com/dp/B0BNP68BMG?tag=eloabder-20&linkCode=osi&th=1&psc=1"><img src="https://m.media-amazon.com/images/I/41WoBVjFkyL._SL500_.jpg" alt="Product Image"></a><p>Aromasong 100% Pure Dead Sea Mud Mask for Face - Cleansing Natural Skin Care for Women and Men to Help Reduce Acne and Pores</p><p>$9.97 ($1.25 / Ounce)</p><a href="https://www.amazon.com/dp/B0BNP68BMG?tag=eloabder-20&linkCode=osi&th=1&psc=1">View Product</a></div><div class="product"><a href="https://www.amazon.com/dp/B08XY82146?tag=eloabder-20&linkCode=osi&th=1&psc=1"><img src="https://m.media-amazon.com/images/I/41Fcc-QZoiL._SL500_.jpg" alt="Product Image"></a><p>Borghese Advanced Fango Active Purifying Mud Mask, Detoxify & Clarify with Natural Minerals, For Face and Body, 7.5 Oz</p><p>$53.00 ($7.07 / Fl Oz)</p><a href="https://www.amazon.com/dp/B08XY82146?tag=eloabder-20&linkCode=osi&th=1&psc=1">View Product</a></div><div class="product"><a href="https://www.amazon.com/dp/B086V843R8?tag=eloabder-20&linkCode=osi&th=1&psc=1"><img src="https://m.media-amazon.com/images/I/410evC+SQHL._SL500_.jpg" alt="Product Image"></a><p>ANAI RUI Turmeric Clay Mask - Green Tea Clay Mask - Dead Sea Minerals Mud Mask, Spa Facial Mask Set, Face Mask Gift Set 2.5 oz each</p><p>$22.99</p><a href="https://www.amazon.com/dp/B086V843R8?tag=eloabder-20&linkCode=osi&th=1&psc=1">View Product</a></div><div class="product"><a href="https://www.amazon.com/dp/B0BZVQJMN2?tag=eloabder-20&linkCode=osi&th=1&psc=1"><img src="https://m.media-amazon.com/images/I/414evHf2H+L._SL500_.jpg" alt="Product Image"></a><p>20 Pods Clay Mask Set, Face Mask Skin Care，Green Tea, Turmeric, Dead Sea Mud, Rose, 24K Gold, Eggplant, Avocado, Mud Mask Deep Pore Cleansing Acne Blackhead Removal, Men & Women Facial Mask .</p><p>$17.97</p><a href="https://www.amazon.com/dp/B0BZVQJMN2?tag=eloabder-20&linkCode=osi&th=1&psc=1">View Product</a></div><div class="product"><a href="https://www.amazon.com/dp/B0D1G7XF9X?tag=eloabder-20&linkCode=osi&th=1&psc=1"><img src="https://m.media-amazon.com/images/I/31KAhEPTT2L._SL500_.jpg" alt="Product Image"></a><p>Medicube Zero Pore Blackhead Mud Facial Mask - Skin Cooling & Pore Tightening - 3 Minute Quick Dry Formula with AHA, BHA, PHA, and Pore-Purifying Clay - Korean Face Mask 3.52 oz</p><p>$17.90 ($5.09 / Ounce)</p><a href="https://www.amazon.com/dp/B0D1G7XF9X?tag=eloabder-20&linkCode=osi&th=1&psc=1">View Product</a></div><div class="product"><a href="https://www.amazon.com/dp/B0B538QDNY?tag=eloabder-20&linkCode=osi&th=1&psc=1"><img src="https://m.media-amazon.com/images/I/51MTBYPFdwL._SL500_.jpg" alt="Product Image"></a><p>4 Pcs Clay Facial Mask Set - Turmeric, Vitamin C, Green Tea, Dead Sea Mud, and Rose Clay for Deep Cleansing, Moisturizing, and Refining Pores - 240g</p><p>$19.99 ($2.36 / Ounce)</p><a href="https://www.amazon.com/dp/B0B538QDNY?tag=eloabder-20&linkCode=osi&th=1&psc=1">View Product</a></div><div class="product"><a href="https://www.amazon.com/dp/B09MN94BZW?tag=eloabder-20&linkCode=osi&th=1&psc=1"><img src="https://m.media-amazon.com/images/I/41dNAUrUGKL._SL500_.jpg" alt="Product Image"></a><p>Pure Clay Mud Mask, Clay Mask Pores for Face and Skin, Detox Clay Face Masks Skincare, Exfoliating Facial Treatment, Cleans & Purify Pores For Clear & Glowing Skin, Face Mask for Oily Skin & Normal</p><p>$5.99 ($0.70 / Ounce)</p><a href="https://www.amazon.com/dp/B09MN94BZW?tag=eloabder-20&linkCode=osi&th=1&psc=1">View Product</a></div>
<div class="product"><a href="https://www.amazon.com/dp/B08SHHLS4H?tag=eloabder-20&linkCode=osi&th=1&psc=1"><img src="https://m.media-amazon.com/images/I/51mcEX1fQQL._SL500_.jpg" alt="Product Image"></a><p>2PCS Gel Eye Mask Reusable Hot Cold Therapy Gel Bead Eye Mask for Puffiness/Dark Circles/Eye Bags/Dry Eyes/Headaches/Migraines/Stress Relief, Cooling Eye Mask Hot/Cold Compress Eye Mask (Blue)</p><p>$11.99 ($11.99 / Count)</p><a href="https://www.amazon.com/dp/B08SHHLS4H?tag=eloabder-20&linkCode=osi&th=1&psc=1">View Product</a></div><div class="product"><a href="https://www.amazon.com/dp/B0C8NR3Q5M?tag=eloabder-20&linkCode=osi&th=1&psc=1"><img src="https://m.media-amazon.com/images/I/51A6iv-SfEL._SL500_.jpg" alt="Product Image"></a><p>BeeVines Gel Eye Mask, 2 Pack Cooling Ice Masks for Puffy Eyes for Men & Women, Cold & Warm Compress for Post Surgery, Puffiness, Allergies, Sinuses & Migraines Treatment</p><p>$9.99 ($5.00 / Count)</p><a href="https://www.amazon.com/dp/B0C8NR3Q5M?tag=eloabder-20&linkCode=osi&th=1&psc=1">View Product</a></div><div class="product"><a href="https://www.amazon.com/dp/B07HD61PYN?tag=eloabder-20&linkCode=osi&th=1&psc=1"><img src="https://m.media-amazon.com/images/I/51NrypqKlOL._SL500_.jpg" alt="Product Image"></a><p>Cold Face Eye Mask Ice Pack Reduce Face Puff, Dark Circles, Gel Beads Hot Heat Cold Compress Pack, Face SPA for Woman Sleeping, Pressure, Headaches, Skin Care, Post Laser Care[Blue]</p><p>$9.99 ($9.99 / Count)</p><a href="https://www.amazon.com/dp/B07HD61PYN?tag=eloabder-20&linkCode=osi&th=1&psc=1">View Product</a></div><div class="product"><a href="https://www.amazon.com/dp/B075M9ZLB2?tag=eloabder-20&linkCode=osi&th=1&psc=1"><img src="https://m.media-amazon.com/images/I/51keceyL42L._SL500_.jpg" alt="Product Image"></a><p>Cooling Eye Mask - Reusable Gel Eye Mask Cold Pack - Our Ice Eye Mask Soothes Puffy Eyes & Dark Circles - Relieve Your Headaches & Sinus Pain with Cold Eye Mask & Eye Gel Mask Therapy - Halos</p><p>$9.99</p><a href="https://www.amazon.com/dp/B075M9ZLB2?tag=eloabder-20&linkCode=osi&th=1&psc=1">View Product</a></div><div class="product"><a href="https://www.amazon.com/dp/B0B9YLR2D6?tag=eloabder-20&linkCode=osi&th=1&psc=1"><img src="https://m.media-amazon.com/images/I/41byYk5cDeL._SL500_.jpg" alt="Product Image"></a><p>Lancity Jelly Mask Peel Off Face Masks SkinCare, Natural Gel Powder for Facial Mask, Professional hydrojelly Mask, Moisturizing & Hydrating 23 Fl Oz (Hyaluronic Acid)</p><p>$21.99 ($0.73 / Ounce)</p><a href="https://www.amazon.com/dp/B0B9YLR2D6?tag=eloabder-20&linkCode=osi&th=1&psc=1">View Product</a></div><div class="product"><a href="https://www.amazon.com/dp/B06XG249X4?tag=eloabder-20&linkCode=osi&th=1&psc=1"><img src="https://m.media-amazon.com/images/I/51YWeyoyTxL._SL500_.jpg" alt="Product Image"></a><p>Advanced Clinicals Hyaluronic Acid Gel Facial Mask Skin Care Treatment, Brightening, Hydrating Anti Aging Face Mask & Moisturizer Helps Transform Dry Skin W/Collagen, Chamomile, & Aloe Vera, 5 Fl Oz</p><p>$13.99 ($2.80 / Fl Oz)</p><a href="https://www.amazon.com/dp/B06XG249X4?tag=eloabder-20&linkCode=osi&th=1&psc=1">View Product</a></div><div class="product"><a href="https://www.amazon.com/dp/B0080FIRGQ?tag=eloabder-20&linkCode=osi&th=1&psc=1"><img src="https://m.media-amazon.com/images/I/41nFEw5jATS._SL500_.jpg" alt="Product Image"></a><p>Peter Thomas Roth | Cucumber Gel Mask | Extreme De-Tox Hydrator, Cooling and Hydrating Facial Mask, Helps Soothe the Look of Dry and Irritated Skin, 5 fl oz (Pack of 1)</p><p>$44.29 ($8.86 / Fl Oz)</p><a href="https://www.amazon.com/dp/B0080FIRGQ?tag=eloabder-20&linkCode=osi&th=1&psc=1">View Product</a></div>
<div class="product"><a href="https://www.amazon.com/dp/B014E2D6BY?tag=eloabder-20&linkCode=osi&th=1&psc=1"><img src="https://m.media-amazon.com/images/I/51V2D2PS2tL._SL500_.jpg" alt="Product Image"></a><p>grace & stella Under Eye Mask (Gold, 24 Pairs) Reduce Dark Circles, Puffy Eyes, Undereye Bags, Wrinkles - Gel Under Eye Patches - Gifts for Women - Birthday Gifts for Women - Vegan Cruelty Free</p><p>$21.95 ($0.91 / Count)</p><a href="https://www.amazon.com/dp/B014E2D6BY?tag=eloabder-20&linkCode=osi&th=1&psc=1">View Product</a></div><div class="product"><a href="https://www.amazon.com/dp/B0CPT8W3RV?tag=eloabder-20&linkCode=osi&th=1&psc=1"><img src="https://m.media-amazon.com/images/I/4184Q3-F9HL._SL500_.jpg" alt="Product Image"></a><p>grace & stella Purple Eye Treatment Gels - Dermatologist Tested - Under Eye Masks With Retinol - Restoring Under Eye Patches for Puffy Eyes and Dark Circles - Vegan, Cruelty-Free, 24 Pairs</p><p>$23.95 ($1.00 / Count)</p><a href="https://www.amazon.com/dp/B0CPT8W3RV?tag=eloabder-20&linkCode=osi&th=1&psc=1">View Product</a></div><div class="product"><a href="https://www.amazon.com/dp/B08DG3C22G?tag=eloabder-20&linkCode=osi&th=1&psc=1"><img src="https://m.media-amazon.com/images/I/51NCnFVfYTL._SL500_.jpg" alt="Product Image"></a><p>Celor Under Eye Patches for Puffy Eyes and Dark Circles - Eye Masks with Amino Acids & Collagen, Eye Care for Wrinkles - Birthday Gift for Women - Skincare Self Care - USA Tested (20 Pairs)</p><p>$9.99 ($0.50 / Count)</p><a href="https://www.amazon.com/dp/B08DG3C22G?tag=eloabder-20&linkCode=osi&th=1&psc=1">View Product</a></div><div class="product"><a href="https://www.amazon.com/dp/B0CQ2VBK8M?tag=eloabder-20&linkCode=osi&th=1&psc=1"><img src="https://m.media-amazon.com/images/I/61yjNxVwmgL._SL500_.jpg" alt="Product Image"></a><p>Under Eye Patches for Dark Circles and Puffy Eyes (30 Pairs), Marine Collagen Eye Gel Pads for Puffiness with Vitamin C, Hyaluronic Acid, and Pearl Extract, Eye Mask for Dark Circles and Puffiness</p><p>$19.95 ($0.66 / Count)</p><a href="https://www.amazon.com/dp/B0CQ2VBK8M?tag=eloabder-20&linkCode=osi&th=1&psc=1">View Product</a></div><div class="product"><a href="https://www.amazon.com/dp/B0CJJZYR9Y?tag=eloabder-20&linkCode=osi&th=1&psc=1"><img src="https://m.media-amazon.com/images/I/41Wxw8DLNVL._SL500_.jpg" alt="Product Image"></a><p>DRMTLGY Brightening Eye Masks (30 Pairs) - Caffeine Eye Masks for Dark Circles and Puffiness with Hyaluronic Acid, Eye Patches for Puffy Eyes</p><p>$44.00 ($0.73 / Count)</p><a href="https://www.amazon.com/dp/B0CJJZYR9Y?tag=eloabder-20&linkCode=osi&th=1&psc=1">View Product</a></div><div class="product"><a href="https://www.amazon.com/dp/B0CZ8JBDHQ?tag=eloabder-20&linkCode=osi&th=1&psc=1"><img src="https://m.media-amazon.com/images/I/41jK7RZj1NL._SL500_.jpg" alt="Product Image"></a><p>YOYORY Under Eye Patches Masks - for Dark Circles, Puffy Eyes, Fine Lines, Wrinkles, Eye Bags Treatment with Collagen and Hyaluronic Acid, Moisturizing and Hydrating (60 Pcs)…</p><p>$19.99 ($0.33 / Fl Oz)</p><a href="https://www.amazon.com/dp/B0CZ8JBDHQ?tag=eloabder-20&linkCode=osi&th=1&psc=1">View Product</a></div><div class="product"><a href="https://www.amazon.com/dp/B0C4NWGVTF?tag=eloabder-20&linkCode=osi&th=1&psc=1"><img src="https://m.media-amazon.com/images/I/51lAmpjfDsL._SL500_.jpg" alt="Product Image"></a><p>Taimand Under Eye Patches (30 Pairs), 24K Gold Under Eye Mask for Puffy Eyes, Dark Circles,Bags and Wrinkles with Collagen,Relieves Pressure and Reduces Wrinkles,Revitalises and Refreshes Your Skin</p><p>$7.99 ($0.27 / Count)</p><a href="https://www.amazon.com/dp/B0C4NWGVTF?tag=eloabder-20&linkCode=osi&th=1&psc=1">View Product</a></div><div class="product"><a href="https://www.amazon.com/dp/B0BDD7D34M?tag=eloabder-20&linkCode=osi&th=1&psc=1"><img src="https://m.media-amazon.com/images/I/51O5AVRXcUL._SL500_.jpg" alt="Product Image"></a><p>Maskiss 24k Gold Under Eye Patches (25 Pairs), eye mask, Collagen Skin Care Products, Eye Patches for Puffy Eyes, eye masks for dark circles and puffiness</p><p>$14.99 ($0.60 / Count)</p><a href="https://www.amazon.com/dp/B0BDD7D34M?tag=eloabder-20&linkCode=osi&th=1&psc=1">View Product</a></div><div class="product"><a href="https://www.amazon.com/dp/B0B1MFMS7W?tag=eloabder-20&linkCode=osi&th=1&psc=1"><img src="https://m.media-amazon.com/images/I/41BGKrFfFxL._SL500_.jpg" alt="Product Image"></a><p>CorneaCare Rest: Self Heating Warm Compress for Eyes | Heated Eye Mask for Fast Relief of Dry Eyes | No Microwave Needed | Eye Treatment Products for Dry Eye Relief | 30 Count | FSA & HSA Eligible</p><p>$35.00 ($1.17 / Count)</p><a href="https://www.amazon.com/dp/B0B1MFMS7W?tag=eloabder-20&linkCode=osi&th=1&psc=1">View Product</a></div><div class="product"><a href="https://www.amazon.com/dp/B0CTF8XSFX?tag=eloabder-20&linkCode=osi&th=1&psc=1"><img src="https://m.media-amazon.com/images/I/519z+NIvFHL._SL500_.jpg" alt="Product Image"></a><p>Under Eye Patches for Puffy Eyes Treatment 30 Pairs, 24K Gold Under Eye Masks for Dark Circles and Puffiness, Eye Gel Pads w/Collagen, Sodium Hyaluronate, Rose Essence for Eye Bags Treatment</p><p>$6.99 ($0.23 / Count)</p><a href="https://www.amazon.com/dp/B0CTF8XSFX?tag=eloabder-20&linkCode=osi&th=1&psc=1">View Product</a></div>
<div class="product"><a href="https://www.amazon.com/dp/B00JJPMXDO?tag=eloabder-20&linkCode=osi&th=1&psc=1"><img src="https://m.media-amazon.com/images/I/41xUbY21ojL._SL500_.jpg" alt="Product Image"></a><p>CeraVe Eye Repair Cream | Under Eye Cream For Puffiness And Bags Under Eyes | Hyaluronic Acid + Niacinamide + Marine Botanical Complex | Hydrating Eye Cream | Oil Free & Opthalmologist Tested</p><p>$10.70 ($21.40 / Ounce)</p><a href="https://www.amazon.com/dp/B00JJPMXDO?tag=eloabder-20&linkCode=osi&th=1&psc=1">View Product</a></div><div class="product"><a href="https://www.amazon.com/dp/B0B3GCCRVH?tag=eloabder-20&linkCode=osi&th=1&psc=1"><img src="https://m.media-amazon.com/images/I/41EdCdrw-AL._SL500_.jpg" alt="Product Image"></a><p>CeraVe Skin Renewing Eye Cream For Wrinkles | Under Eye Cream With Peptides + Caffeine + Niacinamide | Anti Aging Eye Cream For Wrinkles & Crows Feet | Paraben Free & Opthalmologist Tested</p><p>$18.49 ($36.98 / Ounce)</p><a href="https://www.amazon.com/dp/B0B3GCCRVH?tag=eloabder-20&linkCode=osi&th=1&psc=1">View Product</a></div><div class="product"><a href="https://www.amazon.com/dp/B00005333I?tag=eloabder-20&linkCode=osi&th=1&psc=1"><img src="https://m.media-amazon.com/images/I/31webfO63dL._SL500_.jpg" alt="Product Image"></a><p>L'Oreal Paris Dermo-Expertise Eye Defense Eye Cream with Caffeine and Hyaluronic Acid 0.5 oz</p><p>$12.27 ($24.54 / Ounce)</p><a href="https://www.amazon.com/dp/B00005333I?tag=eloabder-20&linkCode=osi&th=1&psc=1">View Product</a></div><div class="product"><a href="https://www.amazon.com/dp/B0CZJ8N83D?tag=eloabder-20&linkCode=osi&th=1&psc=1"><img src="https://m.media-amazon.com/images/I/31fQO3OHiML._SL500_.jpg" alt="Product Image"></a><p>PRIME PROMETICS PrimeEyes Hydrate Under Eye Cream for Mature Women – Hydrating Eye Cream for Dark Circles and Wrinkle Repair – Soft, Glowing & Healthy Under Eyes</p><p>$62.00</p><a href="https://www.amazon.com/dp/B0CZJ8N83D?tag=eloabder-20&linkCode=osi&th=1&psc=1">View Product</a></div><div class="product"><a href="https://www.amazon.com/dp/B0009RFB76?tag=eloabder-20&linkCode=osi&th=1&psc=1"><img src="https://m.media-amazon.com/images/I/31M2iQDNDOL._SL500_.jpg" alt="Product Image"></a><p>RoC Retinol Correxion Under Eye Cream for Dark Circles & Puffiness, Daily Wrinkle Cream, Anti Aging Line Smoothing Skin Care Treatment for Women and Men, 0.5 oz (Packaging May Vary)</p><p>$19.02 ($38.04 / Fl Oz)</p><a href="https://www.amazon.com/dp/B0009RFB76?tag=eloabder-20&linkCode=osi&th=1&psc=1">View Product</a></div><div class="product"><a href="https://www.amazon.com/dp/B0D3TG6MN3?tag=eloabder-20&linkCode=osi&th=1&psc=1"><img src="https://m.media-amazon.com/images/I/21-DQIJf5xL._SL500_.jpg" alt="Product Image"></a><p>Dr.Melaxin Eyephalt Eyebag Cream for Puffiness, Dark Circles & Fine Lines, Wrinkle, EGF Anti-Aging Under Eye Moisturizer with Niacinamide&Ceramide 0.33 fl.oz.</p><p>$59.00 ($178.79 / Fl Oz)</p><a href="https://www.amazon.com/dp/B0D3TG6MN3?tag=eloabder-20&linkCode=osi&th=1&psc=1">View Product</a></div><div class="product"><a href="https://www.amazon.com/dp/B07CKJRJXB?tag=eloabder-20&linkCode=osi&th=1&psc=1"><img src="https://m.media-amazon.com/images/I/31pJCzbhXrL._SL500_.jpg" alt="Product Image"></a><p>No7 Lift & Luminate Triple Action Eye Cream - Anti-Aging Under Eye Cream for Dark Circles, Puffiness & Wrinkles - Formulated with Vitamin C to Brighten and Refresh Tired Eyes (0.5 Fl Oz)</p><p>$15.93</p><a href="https://www.amazon.com/dp/B07CKJRJXB?tag=eloabder-20&linkCode=osi&th=1&psc=1">View Product</a></div><div class="product"><a href="https://www.amazon.com/dp/B07ZRF416W?tag=eloabder-20&linkCode=osi&th=1&psc=1"><img src="https://m.media-amazon.com/images/I/31cH7vzfBxL._SL500_.jpg" alt="Product Image"></a><p>COSRX Snail Peptide Eye Cream with 73.7% Snail Mucin and Niacinamide - Brightening Korean Night Cream for Fine Lines and Dark Circles</p><p>$13.89 ($16.34 / Fl Oz)</p><a href="https://www.amazon.com/dp/B07ZRF416W?tag=eloabder-20&linkCode=osi&th=1&psc=1">View Product</a></div>
<div class="product"><a href="https://www.amazon.com/dp/B01N9SPQHQ?tag=eloabder-20&linkCode=osi&th=1&psc=1"><img src="https://m.media-amazon.com/images/I/41NHgWAaYAL._SL500_.jpg" alt="Product Image"></a><p>La Roche-Posay Toleriane Double Repair Face Moisturizer, Daily Moisturizer Face Cream with Ceramide and Niacinamide for All Skin Types, Oil Free, Fragrance Free</p><p>$23.99 ($7.10 / Fl Oz)</p><a href="https://www.amazon.com/dp/B01N9SPQHQ?tag=eloabder-20&linkCode=osi&th=1&psc=1">View Product</a></div><div class="product"><a href="https://www.amazon.com/dp/B08BW46XXK?tag=eloabder-20&linkCode=osi&th=1&psc=1"><img src="https://m.media-amazon.com/images/I/41oCJ4BF8oL._SL500_.jpg" alt="Product Image"></a><p>Vanicream Daily Facial Moisturizer With Ceramides and Hyaluronic Acid - Formulated Without Common Irritants for Those with Sensitive Skin, 3 fl oz (Pack of 1)</p><p>$12.97 ($4.32 / Fl Oz)</p><a href="https://www.amazon.com/dp/B08BW46XXK?tag=eloabder-20&linkCode=osi&th=1&psc=1">View Product</a></div><div class="product"><a href="https://www.amazon.com/dp/B00TTD9BRC?tag=eloabder-20&linkCode=osi&th=1&psc=1"><img src="https://m.media-amazon.com/images/I/41Kc6H7fboL._SL500_.jpg" alt="Product Image"></a><p>CeraVe Moisturizing Cream | Body and Face Moisturizer for Dry Skin | Body Cream with Hyaluronic Acid and Ceramides | Daily Moisturizer | Oil-Free | Fragrance Free | Non-Comedogenic | 19 Ounce</p><p>$17.78 ($0.94 / Ounce)</p><a href="https://www.amazon.com/dp/B00TTD9BRC?tag=eloabder-20&linkCode=osi&th=1&psc=1">View Product</a></div><div class="product"><a href="https://www.amazon.com/dp/B000YJ2SLG?tag=eloabder-20&linkCode=osi&th=1&psc=1"><img src="https://m.media-amazon.com/images/I/31J9bWXnQ+L._SL500_.jpg" alt="Product Image"></a><p>CeraVe Daily Moisturizing Lotion for Dry Skin | Body Lotion & Face Moisturizer with Hyaluronic Acid and Ceramides | Daily Moisturizer | Fragrance Free | Oil-Free | 12 Ounce</p><p>$13.68 ($1.14 / Fl Oz)</p><a href="https://www.amazon.com/dp/B000YJ2SLG?tag=eloabder-20&linkCode=osi&th=1&psc=1">View Product</a></div><div class="product"><a href="https://www.amazon.com/dp/B01LEJ5MSK?tag=eloabder-20&linkCode=osi&th=1&psc=1"><img src="https://m.media-amazon.com/images/I/418xEMrk6LL._SL500_.jpg" alt="Product Image"></a><p>COSRX Snail Mucin 92% Repair Cream, Daily Face Gel Moisturizer for Dry Skin, Acne-prone, Sensitive Skin, Not Tested on Animals, No Parabens, Korean Skincare (3.52 Fl Oz (Pack of 1))</p><p>$13.99 ($3.97 / Fl Oz)</p><a href="https://www.amazon.com/dp/B01LEJ5MSK?tag=eloabder-20&linkCode=osi&th=1&psc=1">View Product</a></div><div class="product"><a href="https://www.amazon.com/dp/B0BBSP2JNQ?tag=eloabder-20&linkCode=osi&th=1&psc=1"><img src="https://m.media-amazon.com/images/I/51qb7tiAJgL._SL500_.jpg" alt="Product Image"></a><p>SimplyVital Face Moisturizer Collagen Cream - Anti Aging Neck and Décolleté - Made in USA Day & Night Face Cream - Moisturizing, Lifting & Recovery – 1.7oz</p><p>$22.89 ($13.46 / Fl Oz)</p><a href="https://www.amazon.com/dp/B0BBSP2JNQ?tag=eloabder-20&linkCode=osi&th=1&psc=1">View Product</a></div><div class="product"><a href="https://www.amazon.com/dp/B01NCWV3KM?tag=eloabder-20&linkCode=osi&th=1&psc=1"><img src="https://m.media-amazon.com/images/I/41Q1ESUhSeL._SL500_.jpg" alt="Product Image"></a><p>La Roche-Posay Toleriane Double Repair UV SPF Moisturizer for Face, Daily Facial Moisturizer with Sunscreen SPF 30, Niacinamide and Glycerin, Oil Free, Moisturizing Sun Protection</p><p>$24.99 ($10.00 / Fl Oz)</p><a href="https://www.amazon.com/dp/B01NCWV3KM?tag=eloabder-20&linkCode=osi&th=1&psc=1">View Product</a></div><div class="product"><a href="https://www.amazon.com/dp/B00F97FHAW?tag=eloabder-20&linkCode=osi&th=1&psc=1"><img src="https://m.media-amazon.com/images/I/41K+11aLxaL._SL500_.jpg" alt="Product Image"></a><p>CeraVe AM Facial Moisturizing Lotion with SPF 30 | Oil-Free Face Moisturizer with SPF | Formulated with Hyaluronic Acid, Niacinamide & Ceramides | Non-Comedogenic | Broad Spectrum Sunscreen | 3 Ounce</p><p>$14.99 ($5.00 / Fl Oz)</p><a href="https://www.amazon.com/dp/B00F97FHAW?tag=eloabder-20&linkCode=osi&th=1&psc=1">View Product</a></div><div class="product"><a href="https://www.amazon.com/dp/B00NR1YQHM?tag=eloabder-20&linkCode=osi&th=1&psc=1"><img src="https://m.media-amazon.com/images/I/41yzZFTW63L._SL500_.jpg" alt="Product Image"></a><p>Neutrogena Hydro Boost Face Moisturizer with Hyaluronic Acid for Dry Skin, Oil-Free and Non-Comedogenic Water Gel Face Lotion, 1.7 oz</p><p>$13.00 ($7.65 / Ounce)</p><a href="https://www.amazon.com/dp/B00NR1YQHM?tag=eloabder-20&linkCode=osi&th=1&psc=1">View Product</a></div><div class="product"><a href="https://www.amazon.com/dp/B08127SC4G?tag=eloabder-20&linkCode=osi&th=1&psc=1"><img src="https://m.media-amazon.com/images/I/31lAajvgToL._SL500_.jpg" alt="Product Image"></a><p>e.l.f. SKIN Holy Hydration! Face Cream, Moisturizer For Nourishing & Plumping Skin, Infused With Hyaluronic Acid, Vegan & Cruelty-Free, 1.8 Oz</p><p>$13.00 ($7.39 / Ounce)</p><a href="https://www.amazon.com/dp/B08127SC4G?tag=eloabder-20&linkCode=osi&th=1&psc=1">View Product</a></div>
<div class="product"><a href="https://www.amazon.com/dp/B00SNPCSUY?tag=eloabder-20&linkCode=osi&th=1&psc=1"><img src="https://m.media-amazon.com/images/I/411crd4ECqL._SL500_.jpg" alt="Product Image"></a><p>CeraVe Skin Renewing Night Cream | Niacinamide, Peptide Complex, and Hyaluronic Acid Moisturizer for Face | 1.7 Ounce, Packaging may Vary</p><p>$17.44 ($10.26 / Ounce)</p><a href="https://www.amazon.com/dp/B00SNPCSUY?tag=eloabder-20&linkCode=osi&th=1&psc=1">View Product</a></div><div class="product"><a href="https://www.amazon.com/dp/B00HNSSPDG?tag=eloabder-20&linkCode=osi&th=1&psc=1"><img src="https://m.media-amazon.com/images/I/41zARcUorbL._SL500_.jpg" alt="Product Image"></a><p>Neutrogena Triple Age Repair Anti-Aging Night Cream with Vitamin C; Fights Wrinkles & Evens Tone, Firming Anti-Wrinkle Face & Neck Cream; Glycerin & Shea Butter, 1.7 oz</p><p>$20.44 ($12.02 / Ounce)</p><a href="https://www.amazon.com/dp/B00HNSSPDG?tag=eloabder-20&linkCode=osi&th=1&psc=1">View Product</a></div><div class="product"><a href="https://www.amazon.com/dp/B01M4R7CC5?tag=eloabder-20&linkCode=osi&th=1&psc=1"><img src="https://m.media-amazon.com/images/I/414vBUMc1QL._SL500_.jpg" alt="Product Image"></a><p>Night Cream by Olay Regenerist Night Recovery Anti-Aging Face Moisturizer 1.7 oz</p><p>$21.34 ($12.55 / Ounce)</p><a href="https://www.amazon.com/dp/B01M4R7CC5?tag=eloabder-20&linkCode=osi&th=1&psc=1">View Product</a></div><div class="product"><a href="https://www.amazon.com/dp/B00365DABC?tag=eloabder-20&linkCode=osi&th=1&psc=1"><img src="https://m.media-amazon.com/images/I/41rqUy3OtML._SL500_.jpg" alt="Product Image"></a><p>CeraVe PM Facial Moisturizing Lotion | Night Cream with Hyaluronic Acid and Niacinamide | Ultra-Lightweight, Oil-Free Moisturizer for Face | 3 Ounce</p><p>$15.99 ($5.33 / Ounce)</p><a href="https://www.amazon.com/dp/B00365DABC?tag=eloabder-20&linkCode=osi&th=1&psc=1">View Product</a></div><div class="product"><a href="https://www.amazon.com/dp/B0877PX27D?tag=eloabder-20&linkCode=osi&th=1&psc=1"><img src="https://m.media-amazon.com/images/I/41UsZNavFeL._SL500_.jpg" alt="Product Image"></a><p>Eucerin Q10 Anti-Wrinkle Night Cream + Pro-Retinol, Facial Cream for Sensitive Skin, 1.7 Oz Jar</p><p>$12.49 ($7.35 / Ounce)</p><a href="https://www.amazon.com/dp/B0877PX27D?tag=eloabder-20&linkCode=osi&th=1&psc=1">View Product</a></div><div class="product"><a href="https://www.amazon.com/dp/B09843F4WG?tag=eloabder-20&linkCode=osi&th=1&psc=1"><img src="https://m.media-amazon.com/images/I/41rbHY+4UCL._SL500_.jpg" alt="Product Image"></a><p>L'Oreal Paris Age Perfect Collagen Expert Anti-Aging, Anti-Wrinkle Night Moisturizer 2.5 oz</p><p>$14.06 ($5.62 / Ounce)</p><a href="https://www.amazon.com/dp/B09843F4WG?tag=eloabder-20&linkCode=osi&th=1&psc=1">View Product</a></div><div class="product"><a href="https://www.amazon.com/dp/B00D440TZU?tag=eloabder-20&linkCode=osi&th=1&psc=1"><img src="https://m.media-amazon.com/images/I/41th+Ofm0oL._SL500_.jpg" alt="Product Image"></a><p>RoC Multi Correxion 5 in 1 Restoring/Anti Aging Facial Night Cream with Hexinol, 1.7 Ounces (Packaging May Vary)</p><p>$24.47 ($14.39 / Ounce)</p><a href="https://www.amazon.com/dp/B00D440TZU?tag=eloabder-20&linkCode=osi&th=1&psc=1">View Product</a></div><div class="product"><a href="https://www.amazon.com/dp/B0C15N3473?tag=eloabder-20&linkCode=osi&th=1&psc=1"><img src="https://m.media-amazon.com/images/I/415J39xM8eL._SL500_.jpg" alt="Product Image"></a><p>Cetaphil Healthy Renew Skin Tightening Night Cream 1.7 Oz, Wrinkle Repair Cream for Face with Peptides, Retinol Alternative Cream For Sensitive Skin, Fragrance Free</p><p>$16.64 ($9.79 / Fl Oz)</p><a href="https://www.amazon.com/dp/B0C15N3473?tag=eloabder-20&linkCode=osi&th=1&psc=1">View Product</a></div><div class="product"><a href="https://www.amazon.com/dp/B09W4TZVPZ?tag=eloabder-20&linkCode=osi&th=1&psc=1"><img src="https://m.media-amazon.com/images/I/411CiT2MjTL._SL500_.jpg" alt="Product Image"></a><p>Eight Saints Skin Care Up the Anti Night Cream Face Moisturizer to Reduce Fine Lines and Wrinkles, Natural and Organic Anti Aging Cream For Face & Neck with Niacinamide and Hyaluronic Acid, 2 Ounces</p><p>$34.00 ($17.00 / Ounce)</p><a href="https://www.amazon.com/dp/B09W4TZVPZ?tag=eloabder-20&linkCode=osi&th=1&psc=1">View Product</a></div><div class="product"><a href="https://www.amazon.com/dp/B0B64GY9MC?tag=eloabder-20&linkCode=osi&th=1&psc=1"><img src="https://m.media-amazon.com/images/I/416zsLeSx8L._SL500_.jpg" alt="Product Image"></a><p>L'Oreal Paris Age Perfect Anti-Aging Midnight Cream, Reduce Wrinkles & Firm 1.7oz + Serum Sample</p><p>$27.77 ($16.34 / Ounce)</p><a href="https://www.amazon.com/dp/B0B64GY9MC?tag=eloabder-20&linkCode=osi&th=1&psc=1">View Product</a></div>
<div class="product"><a href="https://www.amazon.com/dp/B002JDUMFO?tag=eloabder-20&linkCode=osi&th=1&psc=1"><img src="https://m.media-amazon.com/images/I/41h3+tOcptL._SL500_.jpg" alt="Product Image"></a><p>L’Oréal Paris Collagen Daily Face Moisturizer, Reduce Wrinkles, Face Cream 1.7 oz</p><p>$7.14 ($4.20 / Ounce)</p><a href="https://www.amazon.com/dp/B002JDUMFO?tag=eloabder-20&linkCode=osi&th=1&psc=1">View Product</a></div><div class="product"><a href="https://www.amazon.com/dp/B07D61XRFT?tag=eloabder-20&linkCode=osi&th=1&psc=1"><img src="https://m.media-amazon.com/images/I/41jMcJ9ZkDL._SL500_.jpg" alt="Product Image"></a><p>L'Oreal Paris Skincare Age Perfect Hydra-Nutrition Anti-Aging Day Cream with Manuka Honey Extract, 1.7 Ounce</p><p>$14.99 ($8.82 / Ounce)</p><a href="https://www.amazon.com/dp/B07D61XRFT?tag=eloabder-20&linkCode=osi&th=1&psc=1">View Product</a></div><div class="product"><a href="https://www.amazon.com/dp/B00OYBAMKY?tag=eloabder-20&linkCode=osi&th=1&psc=1"><img src="https://m.media-amazon.com/images/I/31F5FUo3BnL._SL500_.jpg" alt="Product Image"></a><p>Grown Alchemist Hydra-Repair Day Cream. Face Moisturizer that Primes and Hydrates Skin (100ml).</p><p>$65.00 ($19.23 / Fl Oz)</p><a href="https://www.amazon.com/dp/B00OYBAMKY?tag=eloabder-20&linkCode=osi&th=1&psc=1">View Product</a></div><div class="product"><a href="https://www.amazon.com/dp/B0C9VXS6VY?tag=eloabder-20&linkCode=osi&th=1&psc=1"><img src="https://m.media-amazon.com/images/I/41jZJbsswdL._SL500_.jpg" alt="Product Image"></a><p>La Vie Protective Anti-Aging Face Cream – Day Cream with Hyaluronic Acid, Shea Butter & Vitamins – Firming Face Cream with SPF & Aloe Vera – 1.7Fl Oz</p><p>$21.50 ($12.65 / Fl Oz)</p><a href="https://www.amazon.com/dp/B0C9VXS6VY?tag=eloabder-20&linkCode=osi&th=1&psc=1">View Product</a></div><div class="product"><a href="https://www.amazon.com/dp/B0CWVN2PKH?tag=eloabder-20&linkCode=osi&th=1&psc=1"><img src="https://m.media-amazon.com/images/I/41qIK3gKbEL._SL500_.jpg" alt="Product Image"></a><p>EnaSkin Retinol Cream for Wrinkles: Face Collagen Cream for Tightening Skin - Anti Aging Facial Moisturizer Day and Night for Women and Men 1.7 Fl OZ</p><p>$19.89 ($11.70 / Fl Oz)</p><a href="https://www.amazon.com/dp/B0CWVN2PKH?tag=eloabder-20&linkCode=osi&th=1&psc=1">View Product</a></div>
<div class="product"><a href="https://www.amazon.com/dp/B0CKPQJ13T?tag=eloabder-20&linkCode=osi&th=1&psc=1"><img src="https://m.media-amazon.com/images/I/31h2CQ5KWBL._SL500_.jpg" alt="Product Image"></a><p>Niacinamide Serum for Face, Anti Aging Serum, Hydrating Serum for Moisturize Skin, Oil Control, Pores Reducer, Reduces Skin Dullness and Delay Aging, Niacinamide Face Serum for all Skin Type</p><p>$9.99 ($9.99 / Fl Oz)</p><a href="https://www.amazon.com/dp/B0CKPQJ13T?tag=eloabder-20&linkCode=osi&th=1&psc=1">View Product</a></div><div class="product"><a href="https://www.amazon.com/dp/B072K1LNNY?tag=eloabder-20&linkCode=osi&th=1&psc=1"><img src="https://m.media-amazon.com/images/I/51frH2pII1L._SL500_.jpg" alt="Product Image"></a><p>SeoulCeuticals Korean Skin Care 20% Vitamin C Hyaluronic Acid Serum + CE Ferulic Acid - Potent Anti Aging, Anti Wrinkle Korean Beauty 1oz</p><p>$19.98</p><a href="https://www.amazon.com/dp/B072K1LNNY?tag=eloabder-20&linkCode=osi&th=1&psc=1">View Product</a></div><div class="product"><a href="https://www.amazon.com/dp/B01M4MCUAF?tag=eloabder-20&linkCode=osi&th=1&psc=1"><img src="https://m.media-amazon.com/images/I/41aQhk7cn+L._SL500_.jpg" alt="Product Image"></a><p>TruSkin Vitamin C Serum – Anti Aging Facial Serum with Vitamin C, Hyaluronic Acid, Vitamin E & More – Brightening Serum for Dark Spots, Even Skin Tone, Eye Area, Fine Lines & Wrinkles, 1 Fl Oz</p><p>$21.97</p><a href="https://www.amazon.com/dp/B01M4MCUAF?tag=eloabder-20&linkCode=osi&th=1&psc=1">View Product</a></div><div class="product"><a href="https://www.amazon.com/dp/B08L8B5JR2?tag=eloabder-20&linkCode=osi&th=1&psc=1"><img src="https://m.media-amazon.com/images/I/51Ee0RzYONL._SL500_.jpg" alt="Product Image"></a><p>Vibriance Super C Serum for Mature Skin, Made in USA, All-In-One Formula Hydrates, Firms, Lifts, Smooths, Targets Age Spots, Wrinkles, Vitamin C Serum; 1 fl oz</p><p>$32.90</p><a href="https://www.amazon.com/dp/B08L8B5JR2?tag=eloabder-20&linkCode=osi&th=1&psc=1">View Product</a></div><div class="product"><a href="https://www.amazon.com/dp/B07P5TMHD9?tag=eloabder-20&linkCode=osi&th=1&psc=1"><img src="https://m.media-amazon.com/images/I/51xr2lw0Y7L._SL500_.jpg" alt="Product Image"></a><p>Vitamin C Face Serum - Dark Spot Remover Facial Serum, Vit C Serum with Hyaluronic Acid, Ferulic Acid, & Vit E - Anti Aging and Skin Brightening Serum, Pure Vitamin C Serum Skin Care</p><p>$9.98</p><a href="https://www.amazon.com/dp/B07P5TMHD9?tag=eloabder-20&linkCode=osi&th=1&psc=1">View Product</a></div><div class="product"><a href="https://www.amazon.com/dp/B09TPXJP8R?tag=eloabder-20&linkCode=osi&th=1&psc=1"><img src="https://m.media-amazon.com/images/I/41wFAnopZkL._SL500_.jpg" alt="Product Image"></a><p>Vichy LiftActiv Vitamin C Serum, Brightening and Anti Aging Serum for Face with 15% Pure Vitamin C, Skin Firming and Antioxidant Facial Serum for Brightness and Moisturizing</p><p>$34.99 ($52.22 / Fl Oz)</p><a href="https://www.amazon.com/dp/B09TPXJP8R?tag=eloabder-20&linkCode=osi&th=1&psc=1">View Product</a></div><div class="product"><a href="https://www.amazon.com/dp/B075VX4QVM?tag=eloabder-20&linkCode=osi&th=1&psc=1"><img src="https://m.media-amazon.com/images/I/31uFKKKGUhL._SL500_.jpg" alt="Product Image"></a><p>La Roche-Posay Hyalu B5 Pure Hyaluronic Acid Serum for Face | Vitamin B5 + Hyaluronic Acid + Madecassoside | Hydrating Serum Visibly Plumps Skin | Sensitive Skin Safe | Anti Aging Serum | Oil-Free</p><p>$39.99</p><a href="https://www.amazon.com/dp/B075VX4QVM?tag=eloabder-20&linkCode=osi&th=1&psc=1">View Product</a></div><div class="product"><a href="https://www.amazon.com/dp/B0CLLV2T1P?tag=eloabder-20&linkCode=osi&th=1&psc=1"><img src="https://m.media-amazon.com/images/I/31ZBa-zgbjL._SL500_.jpg" alt="Product Image"></a><p>Anua 10% Niacinamide+ 4% Tranexamic Acid Serum, Ceramide, Hyaluronic Acid, Vitamin B12 natural color, for Sensitive skin, Korean Glass Skin, Fragrance-Free (30ml /1.01 fl.oz.)</p><p>$19.00 ($18.81 / Fl Oz)</p><a href="https://www.amazon.com/dp/B0CLLV2T1P?tag=eloabder-20&linkCode=osi&th=1&psc=1">View Product</a></div><div class="product"><a href="https://www.amazon.com/dp/B07VWSN95S?tag=eloabder-20&linkCode=osi&th=1&psc=1"><img src="https://m.media-amazon.com/images/I/411Y0nzh9zL._SL500_.jpg" alt="Product Image"></a><p>CeraVe Retinol Serum for Post-Acne Marks and Skin Texture | Pore Refining, Resurfacing, Brightening Facial Serum with Retinol and Niacinamide | Fragrance Free, Paraben Free & Non-Comedogenic| 1 Oz</p><p>$18.68</p><a href="https://www.amazon.com/dp/B07VWSN95S?tag=eloabder-20&linkCode=osi&th=1&psc=1">View Product</a></div>
<div class="product"><a href="https://www.amazon.com/dp/B00J1FNW28?tag=eloabder-20&linkCode=osi&th=1&psc=1"><img src="https://m.media-amazon.com/images/I/414w8iNQRqL._SL500_.jpg" alt="Product Image"></a><p>Palmer's Cocoa Butter Formula Moisturizing Skin Therapy Oil for Face with Vitamin E, C & 10 Pure Facial Oil Blend, Rosehip Fragrance, 1 Ounce</p><p>$10.97 ($10.97 / Fl Oz)</p><a href="https://www.amazon.com/dp/B00J1FNW28?tag=eloabder-20&linkCode=osi&th=1&psc=1">View Product</a></div><div class="product"><a href="https://www.amazon.com/dp/B01N3340K7?tag=eloabder-20&linkCode=osi&th=1&psc=1"><img src="https://m.media-amazon.com/images/I/41QYm09uWiL._SL500_.jpg" alt="Product Image"></a><p>Kate Blanc Cosmetics Rosehip Oil for Face & Skin. Rosehip Seed Face Oil for Facial & Gua Sha Massage (1oz, Organic, Pure, Cold Pressed)</p><p>$8.99</p><a href="https://www.amazon.com/dp/B01N3340K7?tag=eloabder-20&linkCode=osi&th=1&psc=1">View Product</a></div><div class="product"><a href="https://www.amazon.com/dp/B01GYHLW4U?tag=eloabder-20&linkCode=osi&th=1&psc=1"><img src="https://m.media-amazon.com/images/I/31oeUKDfrOL._SL500_.jpg" alt="Product Image"></a><p>KORA Organics Noni Glow Hydrating Face Oil with Antioxidants, Nourish & Illuminate, Certified Organic, Cruelty Free, 0.34 fl oz</p><p>$29.00 ($85.29 / Fl Oz)</p><a href="https://www.amazon.com/dp/B01GYHLW4U?tag=eloabder-20&linkCode=osi&th=1&psc=1">View Product</a></div><div class="product"><a href="https://www.amazon.com/dp/B09Q2XYMLM?tag=eloabder-20&linkCode=osi&th=1&psc=1"><img src="https://m.media-amazon.com/images/I/41LM+-HnjiL._SL500_.jpg" alt="Product Image"></a><p>Good Molecules Squalane Oil - Moisturizer for Face, Skin, and Hair, Plumping, Firming, Anti-Aging - Skincare for Face to Hydrate and Calm the Skin</p><p>$8.00 ($18.18 / Fl Oz)</p><a href="https://www.amazon.com/dp/B09Q2XYMLM?tag=eloabder-20&linkCode=osi&th=1&psc=1">View Product</a></div><div class="product"><a href="https://www.amazon.com/dp/B0CNG6YPB8?tag=eloabder-20&linkCode=osi&th=1&psc=1"><img src="https://m.media-amazon.com/images/I/41gbDKoodrL._SL500_.jpg" alt="Product Image"></a><p>Black Seed Oil, Rosehip Oil, Castor Oil Organic Cold Pressed for Face Anti-Aging Miracle Facial Moisturizer Serum Natural Skincare Fortifying Hydrates Skin Moisturizing Beauty Glow Oil 1 Fl Oz/30mL</p><p>$16.99 ($16.99 / Fl Oz)</p><a href="https://www.amazon.com/dp/B0CNG6YPB8?tag=eloabder-20&linkCode=osi&th=1&psc=1">View Product</a></div><div class="product"><a href="https://www.amazon.com/dp/B000VPPUEA?tag=eloabder-20&linkCode=osi&th=1&psc=1"><img src="https://m.media-amazon.com/images/I/31e4JzjWhkL._SL500_.jpg" alt="Product Image"></a><p>Bio-Oil Skincare Body Oil, Vitamin E, Serum for Scars & Stretchmarks, Face & Body Moisturizer, 2 oz, All Skin Types</p><p>$11.04 ($5.52 / Fl Oz)</p><a href="https://www.amazon.com/dp/B000VPPUEA?tag=eloabder-20&linkCode=osi&th=1&psc=1">View Product</a></div><div class="product"><a href="https://www.amazon.com/dp/B001UE60E0?tag=eloabder-20&linkCode=osi&th=1&psc=1"><img src="https://m.media-amazon.com/images/I/31cFL31-1pL._SL500_.jpg" alt="Product Image"></a><p>DHC Deep Cleansing Oil, Facial Cleansing Oil, Makeup Remover, Cleanses without Clogging Pores, Residue-Free, Fragrance and Colorant Free, All Skin Types, 6.7 fl. oz.</p><p>$21.99 ($3.28 / Fl Oz)</p><a href="https://www.amazon.com/dp/B001UE60E0?tag=eloabder-20&linkCode=osi&th=1&psc=1">View Product</a></div><div class="product"><a href="https://www.amazon.com/dp/B0BN2PX8V3?tag=eloabder-20&linkCode=osi&th=1&psc=1"><img src="https://m.media-amazon.com/images/I/31vN6RNetML._SL500_.jpg" alt="Product Image"></a><p>ANUA Heartleaf Pore Control Cleansing Oil, Oil Cleanser for Face, Makeup Blackhead Remover, Korean Skin Care 6.76 fl oz(200ml) (original)</p><p>$17.69 ($2.64 / Fl Oz)</p><a href="https://www.amazon.com/dp/B0BN2PX8V3?tag=eloabder-20&linkCode=osi&th=1&psc=1">View Product</a></div><div class="product"><a href="https://www.amazon.com/dp/B07H2GP6VX?tag=eloabder-20&linkCode=osi&th=1&psc=1"><img src="https://m.media-amazon.com/images/I/41OxX+xF61L._SL500_.jpg" alt="Product Image"></a><p>Skin Glow Serum for Face Care - Gua Sha Oil for Glowing Skin with Turmeric Oil for Face Dark Spots Fine Lines & Wrinkles - Hydrating Face Oil for Women's Vegan Organic Skin Care (30mL)</p><p>$29.70 ($29.70 / Fl Oz)</p><a href="https://www.amazon.com/dp/B07H2GP6VX?tag=eloabder-20&linkCode=osi&th=1&psc=1">View Product</a></div><div class="product"><a href="https://www.amazon.com/dp/B098553XRB?tag=eloabder-20&linkCode=osi&th=1&psc=1"><img src="https://m.media-amazon.com/images/I/31jJT07RSqL._SL500_.jpg" alt="Product Image"></a><p>Derma E Vitamin C Glow Face Oil, Facial Oil Nourishes, Brightens and Illuminates for a Radiant Glow, Moisturizing Face Oil with Turmeric, Seabuckthorn and Red Raspberry, 1 Fl Oz</p><p>$13.05</p><a href="https://www.amazon.com/dp/B098553XRB?tag=eloabder-20&linkCode=osi&th=1&psc=1">View Product</a></div>
<div class="product"><a href="https://www.amazon.com/dp/B005IHT94S?tag=eloabder-20&linkCode=osi&th=1&psc=1"><img src="https://m.media-amazon.com/images/I/31YAXVCRMAL._SL500_.jpg" alt="Product Image"></a><p>Neutrogena Ultra Sheer Dry-Touch Water Resistant and Non-Greasy Sunscreen Lotion with Broad Spectrum SPF 70, 3 Fl Oz (Pack of 1)</p><p>$9.88 ($3.29 / Fl Oz)</p><a href="https://www.amazon.com/dp/B005IHT94S?tag=eloabder-20&linkCode=osi&th=1&psc=1">View Product</a></div><div class="product"><a href="https://www.amazon.com/dp/B078BC1NJ6?tag=eloabder-20&linkCode=osi&th=1&psc=1"><img src="https://m.media-amazon.com/images/I/51V4LMN2zEL._SL500_.jpg" alt="Product Image"></a><p>Coppertone Sport Sunscreen Spray SPF 50, Water Resistant Spray Sunscreen, Broad Spectrum SPF 50 Sunscreen, Bulk Sunscreen Pack, 5.5 Oz Bottle, Pack of 3</p><p>$20.63 ($1.25 / Ounce)</p><a href="https://www.amazon.com/dp/B078BC1NJ6?tag=eloabder-20&linkCode=osi&th=1&psc=1">View Product</a></div><div class="product"><a href="https://www.amazon.com/dp/B01MQXX9US?tag=eloabder-20&linkCode=osi&th=1&psc=1"><img src="https://m.media-amazon.com/images/I/41Zi7BP15NL._SL500_.jpg" alt="Product Image"></a><p>Banana Boat Sport Ultra SPF 50 Sunscreen Spray Twin Pack | Banana Boat Sunscreen Spray SPF 50, Spray On Sunscreen, Water Resistant Sunscreen, Oxybenzone Free Sunscreen Pack, 6oz each</p><p>$13.97 ($1.16 / Ounce)</p><a href="https://www.amazon.com/dp/B01MQXX9US?tag=eloabder-20&linkCode=osi&th=1&psc=1">View Product</a></div><div class="product"><a href="https://www.amazon.com/dp/B002MSN3QQ?tag=eloabder-20&linkCode=osi&th=1&psc=1"><img src="https://m.media-amazon.com/images/I/3100avaA74L._SL500_.jpg" alt="Product Image"></a><p>EltaMD UV Clear Face Sunscreen, Oil Free Sunscreen with Zinc Oxide, Dermatologist Recommended Sunscreen, 1.7 oz Pump</p><p>$43.00 ($25.29 / Ounce)</p><a href="https://www.amazon.com/dp/B002MSN3QQ?tag=eloabder-20&linkCode=osi&th=1&psc=1">View Product</a></div><div class="product"><a href="https://www.amazon.com/dp/B00AEN4QZ8?tag=eloabder-20&linkCode=osi&th=1&psc=1"><img src="https://m.media-amazon.com/images/I/31QMrCJPoeL._SL500_.jpg" alt="Product Image"></a><p>Neutrogena Beach Defense Water-Resistant Face & Body SPF 70 Sunscreen Lotion with Broad Spectrum UVA/UVB Protection, Oil-Free Fast-Absorbing Sunscreen Lotion, Oxybenzone-Free, 6.7 oz</p><p>$9.60 ($1.43 / Fl Oz)</p><a href="https://www.amazon.com/dp/B00AEN4QZ8?tag=eloabder-20&linkCode=osi&th=1&psc=1">View Product</a></div><div class="product"><a href="https://www.amazon.com/dp/B076GZX3KL?tag=eloabder-20&linkCode=osi&th=1&psc=1"><img src="https://m.media-amazon.com/images/I/41BQoEZMuTL._SL500_.jpg" alt="Product Image"></a><p>Neutrogena Sunscreen Spray, Ultra Sheer ® Body Mist, Broad Spectrum SPF 70, Non-Greasy Water Resistant Body Sunscreen Mist, Non-Comedogenic, 5 oz (Pack of 3)</p><p>$22.60 ($1.51 / Ounce)</p><a href="https://www.amazon.com/dp/B076GZX3KL?tag=eloabder-20&linkCode=osi&th=1&psc=1">View Product</a></div><div class="product"><a href="https://www.amazon.com/dp/B004D2DR0Q?tag=eloabder-20&linkCode=osi&th=1&psc=1"><img src="https://m.media-amazon.com/images/I/41QwzCWNnFL._SL500_.jpg" alt="Product Image"></a><p>Neutrogena Ultra Sheer Dry-Touch Water Resistant and Non-Greasy Sunscreen Lotion with Broad Spectrum SPF 45, TSA-Compliant travel Size, 3 Fl Oz, Pack of 2, 6 Fl Oz</p><p>$13.99 ($2.33 / Fl Oz)</p><a href="https://www.amazon.com/dp/B004D2DR0Q?tag=eloabder-20&linkCode=osi&th=1&psc=1">View Product</a></div><div class="product"><a href="https://www.amazon.com/dp/B07YGVSGMW?tag=eloabder-20&linkCode=osi&th=1&psc=1"><img src="https://m.media-amazon.com/images/I/416T611PGUL._SL500_.jpg" alt="Product Image"></a><p>La Roche-Posay Anthelios Melt-In Milk Sunscreen SPF 100 | Sunscreen For Body & Face | Broad Spectrum SPF + Antioxidants | Oil Free Sunscreen Lotion | For Sun Sensitive Skin | Oxybenzone Free</p><p>$26.99 ($9.00 / Fl Oz)</p><a href="https://www.amazon.com/dp/B07YGVSGMW?tag=eloabder-20&linkCode=osi&th=1&psc=1">View Product</a></div><div class="product"><a href="https://www.amazon.com/dp/B002CML1VG?tag=eloabder-20&linkCode=osi&th=1&psc=1"><img src="https://m.media-amazon.com/images/I/41ufC4L5QQL._SL500_.jpg" alt="Product Image"></a><p>La Roche-Posay Anthelios Melt-In Milk Sunscreen SPF 60 | Sunscreen For Body & Face | Broad Spectrum SPF + Antioxidants | Oil Free Sunscreen Lotion | Lightweight & Fast Absorbing | Oxybenzone Free</p><p>$37.99 ($7.60 / Fl Oz)</p><a href="https://www.amazon.com/dp/B002CML1VG?tag=eloabder-20&linkCode=osi&th=1&psc=1">View Product</a></div>
<div class="product"><a href="https://www.amazon.com/dp/B004CDV7EY?tag=eloabder-20&linkCode=osi&th=1&psc=1"><img src="https://m.media-amazon.com/images/I/41tTwTi8GdL._SL500_.jpg" alt="Product Image"></a><p>Banana Boat Sport Ultra SPF 50 Sunscreen Lotion, 12oz | Banana Boat Sunscreen SPF 50 Lotion, Oxybenzone Free Sunscreen, Sunblock Lotion Sunscreen, Family Size Sunscreen, 12oz</p><p>$10.97 ($0.91 / Fl Oz)</p><a href="https://www.amazon.com/dp/B004CDV7EY?tag=eloabder-20&linkCode=osi&th=1&psc=1">View Product</a></div><div class="product"><a href="https://www.amazon.com/dp/B001P92FMG?tag=eloabder-20&linkCode=osi&th=1&psc=1"><img src="https://m.media-amazon.com/images/I/41G20SiwQqL._SL500_.jpg" alt="Product Image"></a><p>Neutrogena Sport Face Sunscreen, Broad Spectrum Sunblock SPF 70+, Water Resistant Sunscreen For Face, Sweat Resistant Oil Free Sunscreen Lotion, 2.5 FL OZ</p><p>$10.30 ($4.12 / Fl Oz)</p><a href="https://www.amazon.com/dp/B001P92FMG?tag=eloabder-20&linkCode=osi&th=1&psc=1">View Product</a></div><div class="product"><a href="https://www.amazon.com/dp/B01MY051NZ?tag=eloabder-20&linkCode=osi&th=1&psc=1"><img src="https://m.media-amazon.com/images/I/316sFsnyZ6L._SL500_.jpg" alt="Product Image"></a><p>Hawaiian Tropic Everyday Active Lotion Sunscreen SPF 50, 8oz | Hawaiian Tropic Sunscreen SPF 50, Sunblock, Broad Spectrum Sunscreen, Oxybenzone Free Sunscreen, Water Resistant Sunscreen, 8oz</p><p>$10.97 ($1.37 / Fl Oz)</p><a href="https://www.amazon.com/dp/B01MY051NZ?tag=eloabder-20&linkCode=osi&th=1&psc=1">View Product</a></div><div class="product"><a href="https://www.amazon.com/dp/B074WBHHYY?tag=eloabder-20&linkCode=osi&th=1&psc=1"><img src="https://m.media-amazon.com/images/I/41uIcq6eNrL._SL500_.jpg" alt="Product Image"></a><p>Coppertone Sport Sunscreen Spray SPF 50, Water Resistant Spray Sunscreen, Broad Spectrum SPF 50 Sunscreen, Bulk Sunscreen Pack, 5.5 Oz Bottle, Pack of 2</p><p>$14.49 ($1.32 / Ounce)</p><a href="https://www.amazon.com/dp/B074WBHHYY?tag=eloabder-20&linkCode=osi&th=1&psc=1">View Product</a></div><div class="product"><a href="https://www.amazon.com/dp/B077D7L95C?tag=eloabder-20&linkCode=osi&th=1&psc=1"><img src="https://m.media-amazon.com/images/I/4124cUh+pGL._SL500_.jpg" alt="Product Image"></a><p>Banana Boat Kids Sport Sunscreen Spray SPF 50, Twin Pack | Kids Sunscreen Spray, Kids Sunblock Spray, Oxybenzone Free Sunscreen for Kids, Spray Sunscreen SPF 50, 6oz each</p><p>$13.97 ($1.16 / Ounce)</p><a href="https://www.amazon.com/dp/B077D7L95C?tag=eloabder-20&linkCode=osi&th=1&psc=1">View Product</a></div>
<div class="product"><a href="https://www.amazon.com/dp/B08Q2R18HH?tag=eloabder-20&linkCode=osi&th=1&psc=1"><img src="https://m.media-amazon.com/images/I/51uR35zoH+L._SL500_.jpg" alt="Product Image"></a><p>Hawaiian Tropic Lime Coolada After Sun Lotion, 16oz | After Sun Care, Daily Moisturizing Lotion, After Sun Aloe, Cocoa Butter Lotion, Shea Butter Lotion, After Sun Skin Care, 16oz each Twin Pack</p><p>$14.99 ($0.47 / Fl Oz)</p><a href="https://www.amazon.com/dp/B08Q2R18HH?tag=eloabder-20&linkCode=osi&th=1&psc=1">View Product</a></div><div class="product"><a href="https://www.amazon.com/dp/B08Q2QK7F1?tag=eloabder-20&linkCode=osi&th=1&psc=1"><img src="https://m.media-amazon.com/images/I/41I370DTitL._SL500_.jpg" alt="Product Image"></a><p>Hawaiian Tropic Silk Hydration After Sun Lotion 6 Fl Oz (Pack of 2)</p><p>$19.98 ($1.66 / Fl Oz)</p><a href="https://www.amazon.com/dp/B08Q2QK7F1?tag=eloabder-20&linkCode=osi&th=1&psc=1">View Product</a></div><div class="product"><a href="https://www.amazon.com/dp/B004YAUZKM?tag=eloabder-20&linkCode=osi&th=1&psc=1"><img src="https://m.media-amazon.com/images/I/31QrLmSRyrL._SL500_.jpg" alt="Product Image"></a><p>Sun Bum Cool Down Aloe Vera Lotion - Vegan After Sun Care with Cocoa Butter to Soothe and Hydrate Sunburn- 8 oz</p><p>$12.99 ($1.62 / Fl Oz)</p><a href="https://www.amazon.com/dp/B004YAUZKM?tag=eloabder-20&linkCode=osi&th=1&psc=1">View Product</a></div><div class="product"><a href="https://www.amazon.com/dp/B07BH4DD2M?tag=eloabder-20&linkCode=osi&th=1&psc=1"><img src="https://m.media-amazon.com/images/I/41+JG2VHifL._SL500_.jpg" alt="Product Image"></a><p>Hawaiian Tropic After Sun Body Butter with Coconut Oil, 8oz | After Sun Lotion, Moisturizing Body Lotion, After Sun Moisturizer, Coconut Body Butter, After Sun Care, After Sun Skin Care, 8oz</p><p>$12.49 ($1.56 / Fl Oz)</p><a href="https://www.amazon.com/dp/B07BH4DD2M?tag=eloabder-20&linkCode=osi&th=1&psc=1">View Product</a></div><div class="product"><a href="https://www.amazon.com/dp/B091YZ5L12?tag=eloabder-20&linkCode=osi&th=1&psc=1"><img src="https://m.media-amazon.com/images/I/31otykDIBaL._SL500_.jpg" alt="Product Image"></a><p>B.TAN After Sun Lotion | Ooooh Aftersun Delight - Aloe Vera & Hyaluronic Acid, Sun Burn Skin Relief, Moisturizing Body Cream, 16 Fl oz</p><p>$12.99 ($0.81 / Fl Oz)</p><a href="https://www.amazon.com/dp/B091YZ5L12?tag=eloabder-20&linkCode=osi&th=1&psc=1">View Product</a></div><div class="product"><a href="https://www.amazon.com/dp/B0013L55U0?tag=eloabder-20&linkCode=osi&th=1&psc=1"><img src="https://m.media-amazon.com/images/I/41BErPueiSL._SL500_.jpg" alt="Product Image"></a><p>Burt's Bees After Sun Lotion with Hydrating Aloe Vera & Coconut Oil - Summer Essentials, Sunburn Relief, Natural After Sun Soother, 6 oz</p><p>$12.96 ($2.16 / Fl Oz)</p><a href="https://www.amazon.com/dp/B0013L55U0?tag=eloabder-20&linkCode=osi&th=1&psc=1">View Product</a></div><div class="product"><a href="https://www.amazon.com/dp/B01N6SVTBN?tag=eloabder-20&linkCode=osi&th=1&psc=1"><img src="https://m.media-amazon.com/images/I/51sE2A31qgL._SL500_.jpg" alt="Product Image"></a><p>Sunburnt Advanced After-Sun Lotion, 6 Ounce</p><p>$9.79 ($1.63 / Ounce)</p><a href="https://www.amazon.com/dp/B01N6SVTBN?tag=eloabder-20&linkCode=osi&th=1&psc=1">View Product</a></div><div class="product"><a href="https://www.amazon.com/dp/B098CTZYJX?tag=eloabder-20&linkCode=osi&th=1&psc=1"><img src="https://m.media-amazon.com/images/I/31hNQRVEp2L._SL500_.jpg" alt="Product Image"></a><p>Coola Organic Radical Recovery After Sun Body Lotion, Includes Aloe Vera, Agave and Lavender Oil for Sunburn Relief, 5 Fl Oz</p><p>$32.00 ($6.40 / Fl Oz)</p><a href="https://www.amazon.com/dp/B098CTZYJX?tag=eloabder-20&linkCode=osi&th=1&psc=1">View Product</a></div>
<div class="product"><a href="https://www.amazon.com/dp/B0CTBF3WLS?tag=eloabder-20&linkCode=osi&th=1&psc=1"><img src="https://m.media-amazon.com/images/I/41nFaIDnL9L._SL500_.jpg" alt="Product Image"></a><p>b.tan UV Tanning Bed Lotion | I Want The Darkest Tan Possible - x4000 Tan Intensifiers, Indoor & Outdoor Tan Accelerator, Best Browning Lotion, 12 Fl Oz</p><p>$14.99 ($1.25 / Fl Oz)</p><a href="https://www.amazon.com/dp/B0CTBF3WLS?tag=eloabder-20&linkCode=osi&th=1&psc=1">View Product</a></div><div class="product"><a href="https://www.amazon.com/dp/B001UTK76C?tag=eloabder-20&linkCode=osi&th=1&psc=1"><img src="https://m.media-amazon.com/images/I/31JM3ZgxMjL._SL500_.jpg" alt="Product Image"></a><p>Jergens Natural Glow +FIRMING Self Tanner, Sunless Tanning Lotion for Fair to Medium Skin Tone, Anti Cellulite Firming Body Lotion for Natural-Looking Tan, 7.5 Ounce</p><p>$10.47 ($1.40 / Fl Oz)</p><a href="https://www.amazon.com/dp/B001UTK76C?tag=eloabder-20&linkCode=osi&th=1&psc=1">View Product</a></div><div class="product"><a href="https://www.amazon.com/dp/B07XGS1NW9?tag=eloabder-20&linkCode=osi&th=1&psc=1"><img src="https://m.media-amazon.com/images/I/411h-bfoKfL._SL500_.jpg" alt="Product Image"></a><p>European Gold Flash Black 4000X Indoor Tanning Lotion with Time-Release DHA Bronzers, 12 oz</p><p>$13.99 ($1.17 / Fl Oz)</p><a href="https://www.amazon.com/dp/B07XGS1NW9?tag=eloabder-20&linkCode=osi&th=1&psc=1">View Product</a></div><div class="product"><a href="https://www.amazon.com/dp/B0058E3XJI?tag=eloabder-20&linkCode=osi&th=1&psc=1"><img src="https://m.media-amazon.com/images/I/41KNj0nprcL._SL500_.jpg" alt="Product Image"></a><p>Millennium Tanning Solid Black 100X Indoor Tanning Lotion for Tanning Beds (13.5 Fluid Ounces)</p><p>$29.99 ($2.22 / Fl Oz)</p><a href="https://www.amazon.com/dp/B0058E3XJI?tag=eloabder-20&linkCode=osi&th=1&psc=1">View Product</a></div><div class="product"><a href="https://www.amazon.com/dp/B003GX5SSC?tag=eloabder-20&linkCode=osi&th=1&psc=1"><img src="https://m.media-amazon.com/images/I/314WWYZVTGL._SL500_.jpg" alt="Product Image"></a><p>Australian Gold Dark Tanning Accelerator Lotion With Bronzer, 8 Ounce, New Package Same Formula, B003GX5SSC</p><p>$8.99 ($1.12 / Fl Oz)</p><a href="https://www.amazon.com/dp/B003GX5SSC?tag=eloabder-20&linkCode=osi&th=1&psc=1">View Product</a></div><div class="product"><a href="https://www.amazon.com/dp/B009YKK78C?tag=eloabder-20&linkCode=osi&th=1&psc=1"><img src="https://m.media-amazon.com/images/I/51VhZauUFYS._SL500_.jpg" alt="Product Image"></a><p>Ed Hardy Coconut Kisses Golden Tanning Lotion Cruelty Free, Gluten Free, Mineral Oil Free, DHA Free for All skin type,13.5 oz</p><p>$25.95 ($1.92 / Fl Oz)</p><a href="https://www.amazon.com/dp/B009YKK78C?tag=eloabder-20&linkCode=osi&th=1&psc=1">View Product</a></div><div class="product"><a href="https://www.amazon.com/dp/B09J1LZCWH?tag=eloabder-20&linkCode=osi&th=1&psc=1"><img src="https://m.media-amazon.com/images/I/41RzUs3u55L._SL500_.jpg" alt="Product Image"></a><p>Tanning Lotion Self Tanner - With Natural and Organic Ingredients Non Toxic Sunless Browning Lotion - Best Gradual Tan Lotion for Men and Women, Fair to Medium</p><p>$35.99 ($4.80 / Fl Oz)</p><a href="https://www.amazon.com/dp/B09J1LZCWH?tag=eloabder-20&linkCode=osi&th=1&psc=1">View Product</a></div><div class="product"><a href="https://www.amazon.com/dp/B00T7MZQ3S?tag=eloabder-20&linkCode=osi&th=1&psc=1"><img src="https://m.media-amazon.com/images/I/41yGeo8I0IL._SL500_.jpg" alt="Product Image"></a><p>Australian Gold Rapid Tanning Intensifier Lotion, 8.5 Fl Oz | With Tea Tree Oil and Aloe Vera | Vitamin E</p><p>$7.37 ($0.87 / Fl Oz)</p><a href="https://www.amazon.com/dp/B00T7MZQ3S?tag=eloabder-20&linkCode=osi&th=1&psc=1">View Product</a></div><div class="product"><a href="https://www.amazon.com/dp/B08MVJ5Y8Y?tag=eloabder-20&linkCode=osi&th=1&psc=1"><img src="https://m.media-amazon.com/images/I/51Mugq3kI+L._SL500_.jpg" alt="Product Image"></a><p>Tanning Paradise Black Coconut Love Tanning Lotion | Coconut Oil | Age-Defying | Tattoo Protecting Formula | Ultra Hydrating Dark Tanning Lotion, 13.5oz</p><p>$27.99 ($2.07 / Fl Oz)</p><a href="https://www.amazon.com/dp/B08MVJ5Y8Y?tag=eloabder-20&linkCode=osi&th=1&psc=1">View Product</a></div>
<div class="product"><a href="https://www.amazon.com/dp/B08FZZ4HPM?tag=eloabder-20&linkCode=osi&th=1&psc=1"><img src="https://m.media-amazon.com/images/I/31mReI9Wc6L._SL500_.jpg" alt="Product Image"></a><p>b.tan Ultra Dark Self Tanner | Too Tan - Fast, 1 Hour Express Sunless Tanning Mousse, No Gimmicks, No Fake Tan Smell, No Added Nasties, Vegan, Cruelty & Paraben Free, 6.7 Fl Oz</p><p>$9.97 ($1.49 / Fl Oz)</p><a href="https://www.amazon.com/dp/B08FZZ4HPM?tag=eloabder-20&linkCode=osi&th=1&psc=1">View Product</a></div><div class="product"><a href="https://www.amazon.com/dp/B0888B6TBN?tag=eloabder-20&linkCode=osi&th=1&psc=1"><img src="https://m.media-amazon.com/images/I/41K4-e3Kj9L._SL500_.jpg" alt="Product Image"></a><p>b.tan Darker Self Tanner Kit | Fall In Love at First Tan Bundle - Darker Self Tan Mousse with Self Tanning Mitt Applicator, Violet Base, 1 Hour Sunless Fast Tanner, No Fake Tan Smell, No Added Nasties, Vegan, Cruelty Free, 6.7 Fl Oz</p><p>$14.99 ($2.24 / Fl Oz)</p><a href="https://www.amazon.com/dp/B0888B6TBN?tag=eloabder-20&linkCode=osi&th=1&psc=1">View Product</a></div><div class="product"><a href="https://www.amazon.com/dp/B013WVAHJ2?tag=eloabder-20&linkCode=osi&th=1&psc=1"><img src="https://m.media-amazon.com/images/I/21yYdk2vOnL._SL500_.jpg" alt="Product Image"></a><p>Bondi Sands Self Tanning Foam | Lightweight, Self-Tanner Foam Enriched with Aloe Vera and Coconut Provides an Even, Streak-Free Tan | 6.76 oz/200 mL</p><p>$24.00 ($3.55 / Fl Oz )</p><a href="https://www.amazon.com/dp/B013WVAHJ2?tag=eloabder-20&linkCode=osi&th=1&psc=1">View Product</a></div><div class="product"><a href="https://www.amazon.com/dp/B09551QSJ3?tag=eloabder-20&linkCode=osi&th=1&psc=1"><img src="https://m.media-amazon.com/images/I/41tFLINqKrL._SL500_.jpg" alt="Product Image"></a><p>Self Tanner Mousse - USA Made with Natural & Organic Ingredients, Self Tanning Mousse for Dark Fake Tan, Sunless Tanner, Clear & Non Toxic Tanning Foam for Streak Free Finish, No Nasty Smell</p><p>$34.99 ($4.67 / Fl Oz)</p><a href="https://www.amazon.com/dp/B09551QSJ3?tag=eloabder-20&linkCode=osi&th=1&psc=1">View Product</a></div><div class="product"><a href="https://www.amazon.com/dp/B07Z53DKH3?tag=eloabder-20&linkCode=osi&th=1&psc=1"><img src="https://m.media-amazon.com/images/I/31WXxRTQ9rL._SL500_.jpg" alt="Product Image"></a><p>Coco & Eve Sunny Honey Bali Bronzing Foam (Ultra Dark). Natural Sunless Self Tanner Mousse. Anti Cellulite, Anti Aging, Organic Sunless Self Tanning Lotion</p><p>$38.00 ($5.59 / Fl Oz)</p><a href="https://www.amazon.com/dp/B07Z53DKH3?tag=eloabder-20&linkCode=osi&th=1&psc=1">View Product</a></div><div class="product"><a href="https://www.amazon.com/dp/B00GLS5DHU?tag=eloabder-20&linkCode=osi&th=1&psc=1"><img src="https://m.media-amazon.com/images/I/31EOp3BgHcL._SL500_.jpg" alt="Product Image"></a><p>Jergens Natural Glow 3-Day Self Tanner for Fair to Medium Skin Tone, Sunless Tanning Daily Moisturizer, for Streak-free and Natural-Looking Color, 10 Ounce</p><p>$14.49 ($1.45 / Fl Oz)</p><a href="https://www.amazon.com/dp/B00GLS5DHU?tag=eloabder-20&linkCode=osi&th=1&psc=1">View Product</a></div><div class="product"><a href="https://www.amazon.com/dp/B08G1LQGLN?tag=eloabder-20&linkCode=osi&th=1&psc=1"><img src="https://m.media-amazon.com/images/I/411EXWnc3cS._SL500_.jpg" alt="Product Image"></a><p>Coco & Eve Self Tanner Mousse Kit - All Natural Sunless Tanning (Dark) | Instant Lotion with Bronzer Mitt Applicator Sunny Honey Bali Bronzing</p><p>$41.00 ($6.12 / Fl Oz)</p><a href="https://www.amazon.com/dp/B08G1LQGLN?tag=eloabder-20&linkCode=osi&th=1&psc=1">View Product</a></div><div class="product"><a href="https://www.amazon.com/dp/B00KSS3MJ0?tag=eloabder-20&linkCode=osi&th=1&psc=1"><img src="https://m.media-amazon.com/images/I/31pZi3ANSfL._SL500_.jpg" alt="Product Image"></a><p>St.Tropez Self Tan Express Mousse, Fast Acting Fake Tan, Develops in 1-3 Hours, Streak-Free Finish, Vegan, Natural & Cruelty Free, 6.7 Fl Oz</p><p>$46.00 ($6.87 / Fl Oz)</p><a href="https://www.amazon.com/dp/B00KSS3MJ0?tag=eloabder-20&linkCode=osi&th=1&psc=1">View Product</a></div>
<div class="product"><a href="https://www.amazon.com/dp/B08KT2Z93D?tag=eloabder-20&linkCode=osi&th=1&psc=1"><img src="https://m.media-amazon.com/images/I/31IObY4C0xL._SL500_.jpg" alt="Product Image"></a><p>eos Shea Better Body Lotion- Vanilla Cashmere, 24-Hour Moisture Skin Care, Lightweight & Non-Greasy, Made with Natural Shea, Vegan, 16 fl oz</p><p>$8.98 ($0.56 / Fl Oz)</p><a href="https://www.amazon.com/dp/B08KT2Z93D?tag=eloabder-20&linkCode=osi&th=1&psc=1">View Product</a></div><div class="product"><a href="https://www.amazon.com/dp/B076G2XGY3?tag=eloabder-20&linkCode=osi&th=1&psc=1"><img src="https://m.media-amazon.com/images/I/41jIXvha20L._SL500_.jpg" alt="Product Image"></a><p>NIVEA Essentially Enriched Body Lotion for Dry Skin, Pack of 2, 16.9 Fl Oz Pump Bottles</p><p>$10.98 ($0.32 / Fl Oz)</p><a href="https://www.amazon.com/dp/B076G2XGY3?tag=eloabder-20&linkCode=osi&th=1&psc=1">View Product</a></div><div class="product"><a href="https://www.amazon.com/dp/B00DG8EZKO?tag=eloabder-20&linkCode=osi&th=1&psc=1"><img src="https://m.media-amazon.com/images/I/31DT3ghuyXL._SL500_.jpg" alt="Product Image"></a><p>NIVEA Intense Healing Body Lotion for Dry Skin, 72-Hour Moisturizing Lotion with Deep Nourishing Serum and Provitamin B5, 16.9 Fl Oz Pump Bottle</p><p>$6.24 ($0.37 / Fl Oz)</p><a href="https://www.amazon.com/dp/B00DG8EZKO?tag=eloabder-20&linkCode=osi&th=1&psc=1">View Product</a></div><div class="product"><a href="https://www.amazon.com/dp/B07RK4HST7?tag=eloabder-20&linkCode=osi&th=1&psc=1"><img src="https://m.media-amazon.com/images/I/412DGoW35mL._SL500_.jpg" alt="Product Image"></a><p>CeraVe Daily Moisturizing Lotion for Dry Skin | Body Lotion & Face Moisturizer with Hyaluronic Acid and Ceramides | Daily Moisturizer | Fragrance Free | Oil-Free | 19 Ounce</p><p>$18.50 ($0.97 / Fl Oz)</p><a href="https://www.amazon.com/dp/B07RK4HST7?tag=eloabder-20&linkCode=osi&th=1&psc=1">View Product</a></div><div class="product"><a href="https://www.amazon.com/dp/B0034F9K36?tag=eloabder-20&linkCode=osi&th=1&psc=1"><img src="https://m.media-amazon.com/images/I/319i3EFVPvL._SL500_.jpg" alt="Product Image"></a><p>Jergens Ultra Healing Dry Skin Moisturizer, Body and Hand Lotion for Dry Skin, for Quick Absorption into Extra Dry Skin, with HYDRALUCENCE blend, Vitamins C, E, and B5, 32 Ounce</p><p>$10.47 ($0.33 / Fl Oz)</p><a href="https://www.amazon.com/dp/B0034F9K36?tag=eloabder-20&linkCode=osi&th=1&psc=1">View Product</a></div><div class="product"><a href="https://www.amazon.com/dp/B003JT8PKQ?tag=eloabder-20&linkCode=osi&th=1&psc=1"><img src="https://m.media-amazon.com/images/I/31TFisQDpKL._SL500_.jpg" alt="Product Image"></a><p>Lubriderm Daily Moisture Lotion + Pro-Ceramide with Shea Butter & Glycerin Helps Moisturize Dry Skin, Hydrating Face, Hand & Body Lotion is Lightly Scented & Non-Greasy, 24 fl. oz</p><p>$10.12 ($0.42 / Fl Oz)</p><a href="https://www.amazon.com/dp/B003JT8PKQ?tag=eloabder-20&linkCode=osi&th=1&psc=1">View Product</a></div><div class="product"><a href="https://www.amazon.com/dp/B0D484X4RL?tag=eloabder-20&linkCode=osi&th=1&psc=1"><img src="https://m.media-amazon.com/images/I/31rZLOx+KEL._SL500_.jpg" alt="Product Image"></a><p>Native Body Lotion Contains Naturally Derived Plant-Based Moisturizers for Women and Men | Restores Dry Skin, Coconut & Vanilla, 16.5 fl oz</p><p>$13.97 ($0.85 / Fl Oz)</p><a href="https://www.amazon.com/dp/B0D484X4RL?tag=eloabder-20&linkCode=osi&th=1&psc=1">View Product</a></div><div class="product"><a href="https://www.amazon.com/dp/B073CXZ8KR?tag=eloabder-20&linkCode=osi&th=1&psc=1"><img src="https://m.media-amazon.com/images/I/31r1ImnqoOL._SL500_.jpg" alt="Product Image"></a><p>Nivea Oil Infused Cherry Blossom and Jojoba Oil Body Lotion, Non-Greasy Cherry Blossom Scented Lotion Moisturizes for 24+ Hours, 16.9 Fl Oz Pump Bottle</p><p>$6.29 ($0.37 / Fl Oz)</p><a href="https://www.amazon.com/dp/B073CXZ8KR?tag=eloabder-20&linkCode=osi&th=1&psc=1">View Product</a></div><div class="product"><a href="https://www.amazon.com/dp/B00W4TWD7I?tag=eloabder-20&linkCode=osi&th=1&psc=1"><img src="https://m.media-amazon.com/images/I/31hhrMRSQBL._SL500_.jpg" alt="Product Image"></a><p>Jergens Skin Firming Body Lotion for Dry to Extra Dry Skin, Skin Tightening Cream with Collagen and Elastin, Hydralucence Blend Formula, 16.8 oz</p><p>$7.47 ($0.44 / Fl Oz)</p><a href="https://www.amazon.com/dp/B00W4TWD7I?tag=eloabder-20&linkCode=osi&th=1&psc=1">View Product</a></div>
<div class="product"><a href="https://www.amazon.com/dp/B07C23RCR8?tag=eloabder-20&linkCode=osi&th=1&psc=1"><img src="https://m.media-amazon.com/images/I/41RZuPGWrcL._SL500_.jpg" alt="Product Image"></a><p>Petal Fresh Restoring Body Butter with Honey, Coconut Oil and Shea - Intense Hydration, Cruelty Free</p><p>$7.67 ($7.67 / Count)</p><a href="https://www.amazon.com/dp/B07C23RCR8?tag=eloabder-20&linkCode=osi&th=1&psc=1">View Product</a></div><div class="product"><a href="https://www.amazon.com/dp/B0BKCN9WRX?tag=eloabder-20&linkCode=osi&th=1&psc=1"><img src="https://m.media-amazon.com/images/I/41Jk3XD9gtL._SL500_.jpg" alt="Product Image"></a><p>Tree Hut Moroccan Rose Whipped Shea Body Butter, 8.4oz, Lightweight, Long-lasting, Hydrating Moisturizer with Natural Shea Butter for Nourishing Essential Body Care</p><p>$8.49 ($1.01 / Ounce)</p><a href="https://www.amazon.com/dp/B0BKCN9WRX?tag=eloabder-20&linkCode=osi&th=1&psc=1">View Product</a></div><div class="product"><a href="https://www.amazon.com/dp/B01H6OYPU8?tag=eloabder-20&linkCode=osi&th=1&psc=1"><img src="https://m.media-amazon.com/images/I/41Vkhay5SBL._SL500_.jpg" alt="Product Image"></a><p>NIVEA Cocoa Butter Body Cream with Deep Nourishing Serum, 15.5 Ounce</p><p>$7.05 ($0.45 / Ounce)</p><a href="https://www.amazon.com/dp/B01H6OYPU8?tag=eloabder-20&linkCode=osi&th=1&psc=1">View Product</a></div><div class="product"><a href="https://www.amazon.com/dp/B089N6B4ST?tag=eloabder-20&linkCode=osi&th=1&psc=1"><img src="https://m.media-amazon.com/images/I/41ropAOpQNL._SL500_.jpg" alt="Product Image"></a><p>Vaseline Illuminate Me Shea Butter Whipped Body Butter for Melanin Rich Skin Provides 24 Hour Moisturization for Dry Skin 11 oz</p><p>$12.80 ($1.16 / Fl Oz)</p><a href="https://www.amazon.com/dp/B089N6B4ST?tag=eloabder-20&linkCode=osi&th=1&psc=1">View Product</a></div><div class="product"><a href="https://www.amazon.com/dp/B09QMT3CVT?tag=eloabder-20&linkCode=osi&th=1&psc=1"><img src="https://m.media-amazon.com/images/I/41eMy8c3dcL._SL500_.jpg" alt="Product Image"></a><p>MAJESTIC PURE Whipped Argan Oil Body Butter for Women & Men - With Ceramides, Vitamin E & A & Vegan Collagen - For Skin, Face, & Appearance of Wrinkles & Fine Lines - 8oz</p><p>$9.99 ($1.25 / Ounce)</p><a href="https://www.amazon.com/dp/B09QMT3CVT?tag=eloabder-20&linkCode=osi&th=1&psc=1">View Product</a></div><div class="product"><a href="https://www.amazon.com/dp/B00GBH8TBS?tag=eloabder-20&linkCode=osi&th=1&psc=1"><img src="https://m.media-amazon.com/images/I/31L5XHEF9qL._SL500_.jpg" alt="Product Image"></a><p>Bliss Lemon and Sage Body Butter - Maximum Moisture Cream - 6.7 Fl Oz Lotion for Dry Skin - Long-Lasting Moisturizer for Women & Men - Vegan and Cruelty-Free</p><p>$11.99 ($1.79 / Fl Oz)</p><a href="https://www.amazon.com/dp/B00GBH8TBS?tag=eloabder-20&linkCode=osi&th=1&psc=1">View Product</a></div><div class="product"><a href="https://www.amazon.com/dp/B0013UQQAE?tag=eloabder-20&linkCode=osi&th=1&psc=1"><img src="https://m.media-amazon.com/images/I/411EPzhuAHL._SL500_.jpg" alt="Product Image"></a><p>Palmer’s Shea Butter Formula Raw African Shea Butter Balm, Nourishing Body Moisturizer for Rough, Dry Skin, 7.25 Ounces</p><p>$7.68 ($1.06 / Ounce)</p><a href="https://www.amazon.com/dp/B0013UQQAE?tag=eloabder-20&linkCode=osi&th=1&psc=1">View Product</a></div><div class="product"><a href="https://www.amazon.com/dp/B09SRGSNZR?tag=eloabder-20&linkCode=osi&th=1&psc=1"><img src="https://m.media-amazon.com/images/I/31knGR24zJL._SL500_.jpg" alt="Product Image"></a><p>Kopari Ultra Restore Body Butter with Hyaluronic Acid and Vitamin B5 - Vegan Moisturizing Lotion for Dry Skin, 7.7 oz</p><p>$36.00 ($4.68 / Fl Oz)</p><a href="https://www.amazon.com/dp/B09SRGSNZR?tag=eloabder-20&linkCode=osi&th=1&psc=1">View Product</a></div><div class="product"><a href="https://www.amazon.com/dp/B0C4Q95W1T?tag=eloabder-20&linkCode=osi&th=1&psc=1"><img src="https://m.media-amazon.com/images/I/417J+mMnNXL._SL500_.jpg" alt="Product Image"></a><p>Vaseline Illuminate Me Body Butter & Body Oil - Shimmering Body Bronzer, Hydrating Whipped Organic Shea Butter with 24-Hour Moisture for Melanin-Rich Skin, Radiant Body Glow Oil (2 Piece Set)</p><p>$22.99 ($1.61 / Fl Oz)</p><a href="https://www.amazon.com/dp/B0C4Q95W1T?tag=eloabder-20&linkCode=osi&th=1&psc=1">View Product</a></div>
<div class="product"><a href="https://www.amazon.com/dp/B004L17FKC?tag=eloabder-20&linkCode=osi&th=1&psc=1"><img src="https://m.media-amazon.com/images/I/31nbXT8PueL._SL500_.jpg" alt="Product Image"></a><p>OSEA Undaria Algae Body Oil 5 oz - After Shower Body Oil - Non-Greasy Body Serum & Fast Absorbing Skincare - Clean Beauty & Vegan Seaweed Body Moisturizer for Dry Skin</p><p>$51.95 ($10.39 / Fl Oz)</p><a href="https://www.amazon.com/dp/B004L17FKC?tag=eloabder-20&linkCode=osi&th=1&psc=1">View Product</a></div><div class="product"><a href="https://www.amazon.com/dp/B00008BK7H?tag=eloabder-20&linkCode=osi&th=1&psc=1"><img src="https://m.media-amazon.com/images/I/31NaIvcVrtL._SL500_.jpg" alt="Product Image"></a><p>Neutrogena Body Oil Light Sesame Formula, Dry Skin Moisturizer and Hydrating Body Massage Oil for Radiant and Healthy Looking Glow, Nourishing Bath Oil for Sheer Moisture, 16 FL OZ</p><p>$23.41 ($1.46 / Fl Oz)</p><a href="https://www.amazon.com/dp/B00008BK7H?tag=eloabder-20&linkCode=osi&th=1&psc=1">View Product</a></div><div class="product"><a href="https://www.amazon.com/dp/B08D43LHYP?tag=eloabder-20&linkCode=osi&th=1&psc=1"><img src="https://m.media-amazon.com/images/I/315zlZLfRWL._SL500_.jpg" alt="Product Image"></a><p>Aveeno Daily Moisturizing Dry Body Oil Mist with Oat and Jojoba Oil for Dry, Rough Sensitive Skin, Nourishing & Hypoallergenic Body Spray, Paraben-, Silicone- & Phthalate-Free, 6.7 fl. oz</p><p>$9.58 ($1.43 / Fl Oz)</p><a href="https://www.amazon.com/dp/B08D43LHYP?tag=eloabder-20&linkCode=osi&th=1&psc=1">View Product</a></div><div class="product"><a href="https://www.amazon.com/dp/B00AREGVUM?tag=eloabder-20&linkCode=osi&th=1&psc=1"><img src="https://m.media-amazon.com/images/I/41qfuNZmKRL._SL500_.jpg" alt="Product Image"></a><p>Bio-Oil Skincare Body Oil, Vitamin E Serum for Scars & Stretchmarks, Dermatologist Recommended, All Skin Types, 6.7 oz</p><p>$28.99 ($4.33 / Fl Oz)</p><a href="https://www.amazon.com/dp/B00AREGVUM?tag=eloabder-20&linkCode=osi&th=1&psc=1">View Product</a></div><div class="product"><a href="https://www.amazon.com/dp/B000056W74?tag=eloabder-20&linkCode=osi&th=1&psc=1"><img src="https://m.media-amazon.com/images/I/51iuZeO24dL._SL500_.jpg" alt="Product Image"></a><p>Palmer's Cocoa Butter Moisturizing Body Oil with Vitamin E, Radiant Looking Glow and Skin Hydration, Instant Absorption, Bath, Body and Shower, 8.5 Ounces</p><p>$7.49 ($0.88 / Fl Oz)</p><a href="https://www.amazon.com/dp/B000056W74?tag=eloabder-20&linkCode=osi&th=1&psc=1">View Product</a></div><div class="product"><a href="https://www.amazon.com/dp/B001B0ZZFS?tag=eloabder-20&linkCode=osi&th=1&psc=1"><img src="https://m.media-amazon.com/images/I/31CraOP2i5L._SL500_.jpg" alt="Product Image"></a><p>Neutrogena Fragrance-Free Body Oil Light Sesame Formula, Dry Skin Moisturizer & Hydrating Body Massage Oil, for Radiant & Healthy Glow, Nourishing After Shower & Bath Oil, 8.5 fl. oz</p><p>$8.86 ($1.04 / Fl Oz)</p><a href="https://www.amazon.com/dp/B001B0ZZFS?tag=eloabder-20&linkCode=osi&th=1&psc=1">View Product</a></div><div class="product"><a href="https://www.amazon.com/dp/B0CFSVH4L7?tag=eloabder-20&linkCode=osi&th=1&psc=1"><img src="https://m.media-amazon.com/images/I/31VtRL8qSpL._SL500_.jpg" alt="Product Image"></a><p>Saltair - Santal Bloom Body Oil - Nourishing Body Moisturizer</p><p>$22.00 ($5.50 / Fl Oz)</p><a href="https://www.amazon.com/dp/B0CFSVH4L7?tag=eloabder-20&linkCode=osi&th=1&psc=1">View Product</a></div><div class="product"><a href="https://www.amazon.com/dp/B089NCFBQZ?tag=eloabder-20&linkCode=osi&th=1&psc=1"><img src="https://m.media-amazon.com/images/I/41WGBM4YipL._SL500_.jpg" alt="Product Image"></a><p>Vaseline Illuminate Me Shimmering Body Oil Created for Melanin Rich Skin, Illuminates Skin with Finishing Touch of Shimmer for Glowing Skin 3.3 oz</p><p>$8.75 ($2.65 / Fl Oz)</p><a href="https://www.amazon.com/dp/B089NCFBQZ?tag=eloabder-20&linkCode=osi&th=1&psc=1">View Product</a></div><div class="product"><a href="https://www.amazon.com/dp/B076MGQ5SW?tag=eloabder-20&linkCode=osi&th=1&psc=1"><img src="https://m.media-amazon.com/images/I/31i7GSTXsoL._SL500_.jpg" alt="Product Image"></a><p>SheaMoisture Daily Hydration Body Oil Virgin Coconut Oil For Dry Skin Paraben Free 8 oz</p><p>$8.93 ($1.12 / Fl Oz)</p><a href="https://www.amazon.com/dp/B076MGQ5SW?tag=eloabder-20&linkCode=osi&th=1&psc=1">View Product</a></div>
<div class="product"><a href="https://www.amazon.com/dp/B07GJR4KXM?tag=eloabder-20&linkCode=osi&th=1&psc=1"><img src="https://m.media-amazon.com/images/I/41Zl1DjrGpL._SL500_.jpg" alt="Product Image"></a><p>Brooklyn Botany Brown Sugar Body Scrub - Moisturizing and Exfoliating Body, Face, Hand, Foot Scrub - Fights Acne, Fine Lines & Wrinkles, Great Gifts For Women & Men - 10 oz</p><p>$9.99 ($1.00 / Ounce)</p><a href="https://www.amazon.com/dp/B07GJR4KXM?tag=eloabder-20&linkCode=osi&th=1&psc=1">View Product</a></div><div class="product"><a href="https://www.amazon.com/dp/B095Z7HQP3?tag=eloabder-20&linkCode=osi&th=1&psc=1"><img src="https://m.media-amazon.com/images/I/31oWHQkNovL._SL500_.jpg" alt="Product Image"></a><p>First Aid Beauty KP Bump Eraser Body Scrub Exfoliant for Keratosis Pilaris with 10% AHA 4 oz.</p><p>$20.00 ($5.00 / Ounce)</p><a href="https://www.amazon.com/dp/B095Z7HQP3?tag=eloabder-20&linkCode=osi&th=1&psc=1">View Product</a></div><div class="product"><a href="https://www.amazon.com/dp/B0CQLTP6JM?tag=eloabder-20&linkCode=osi&th=1&psc=1"><img src="https://m.media-amazon.com/images/I/41oU0wGhtHL._SL500_.jpg" alt="Product Image"></a><p>Elvira KP Bump Eraser Body Scrub, Exfoliating Body Scrub for Keratosis Pilaris, Smooth Skin with 10% AHA/BHA & Niacinamide, Moisturizing and Brightening, Body Skin Care Products, Deep Cleansing - 7 oz</p><p>$16.99 ($2.43 / Fl Oz)</p><a href="https://www.amazon.com/dp/B0CQLTP6JM?tag=eloabder-20&linkCode=osi&th=1&psc=1">View Product</a></div><div class="product"><a href="https://www.amazon.com/dp/B09VH79Z17?tag=eloabder-20&linkCode=osi&th=1&psc=1"><img src="https://m.media-amazon.com/images/I/41VgTZ12TwL._SL500_.jpg" alt="Product Image"></a><p>Dr Teal's Shea Sugar Body Scrub, Shea Butter with Almond Oil & Essential Oils, 19 oz (Pack of 3) (Packaging May Vary)</p><p>$20.94 ($0.37 / Ounce)</p><a href="https://www.amazon.com/dp/B09VH79Z17?tag=eloabder-20&linkCode=osi&th=1&psc=1">View Product</a></div>
<div class="product"><a href="https://www.amazon.com/dp/B0BVBZPX9B?tag=eloabder-20&linkCode=osi&th=1&psc=1"><img src="https://m.media-amazon.com/images/I/61Y09jlKZkL._SL500_.jpg" alt="Product Image"></a><p>Dove Deep Moisture Body Wash 30.6 Fl Oz Pack of 3 with Pump, Luxurious Hydration for Dry Skin, Cleanser with 24hr Renewing MicroMoisture</p><p>$23.22 ($0.25 / Fl Oz)</p><a href="https://www.amazon.com/dp/B0BVBZPX9B?tag=eloabder-20&linkCode=osi&th=1&psc=1">View Product</a></div><div class="product"><a href="https://www.amazon.com/dp/B0BT1VXDGD?tag=eloabder-20&linkCode=osi&th=1&psc=1"><img src="https://m.media-amazon.com/images/I/217eAv7yKyL._SL500_.jpg" alt="Product Image"></a><p>Method Body Wash, Pure Peace, Paraben and Phthalate Free, Biodegradable Formula, 28 oz (Pack of 1)</p><p>$11.48 ($0.41 / Fl Oz)</p><a href="https://www.amazon.com/dp/B0BT1VXDGD?tag=eloabder-20&linkCode=osi&th=1&psc=1">View Product</a></div><div class="product"><a href="https://www.amazon.com/dp/B0BVBYQGTW?tag=eloabder-20&linkCode=osi&th=1&psc=1"><img src="https://m.media-amazon.com/images/I/61En44WjwPL._SL500_.jpg" alt="Product Image"></a><p>Dove Body Wash with Pump Sensitive Skin 3 Count Hypoallergenic, Paraben-Free, Sulfate-Free, Cruelty-Free, Moisturizing Skin Cleanser Effectively Washes Away Bacteria While Nourishing Skin 30.6 oz</p><p>$23.22 ($0.25 / Fl Oz)</p><a href="https://www.amazon.com/dp/B0BVBYQGTW?tag=eloabder-20&linkCode=osi&th=1&psc=1">View Product</a></div><div class="product"><a href="https://www.amazon.com/dp/B0CGY5BLBW?tag=eloabder-20&linkCode=osi&th=1&psc=1"><img src="https://m.media-amazon.com/images/I/61X7MjVU6uL._SL500_.jpg" alt="Product Image"></a><p>Dove Exfoliating Body Wash Glow Recharge Energizes & illuminates skin 3% brightening serum with vitamin C 18.5 oz</p><p>$9.79 ($0.53 / Fl Oz)</p><a href="https://www.amazon.com/dp/B0CGY5BLBW?tag=eloabder-20&linkCode=osi&th=1&psc=1">View Product</a></div><div class="product"><a href="https://www.amazon.com/dp/B082QB23YG?tag=eloabder-20&linkCode=osi&th=1&psc=1"><img src="https://m.media-amazon.com/images/I/31QPAuuaLwL._SL500_.jpg" alt="Product Image"></a><p>NIVEA Refreshing White Peach and Jasmine Body Wash, Scented Body Wash with Nourishing Serum, Plant-Derived Oils, Essential Skin Lipids and Vitamins, 20 Fl Oz Bottle</p><p>$4.89 ($0.24 / Fl Oz)</p><a href="https://www.amazon.com/dp/B082QB23YG?tag=eloabder-20&linkCode=osi&th=1&psc=1">View Product</a></div><div class="product"><a href="https://www.amazon.com/dp/B0BHH1LBX2?tag=eloabder-20&linkCode=osi&th=1&psc=1"><img src="https://m.media-amazon.com/images/I/41aG-jLyOqL._SL500_.jpg" alt="Product Image"></a><p>Olay Ultra Rich Moisture Body Wash for Women, Deeply Nourishes, Vitamin B3 Complex, Clinically Proven, Shea Butter Scent, 22 fl oz (Pack of 4)</p><p>$26.95 ($0.31 / Fl Oz)</p><a href="https://www.amazon.com/dp/B0BHH1LBX2?tag=eloabder-20&linkCode=osi&th=1&psc=1">View Product</a></div><div class="product"><a href="https://www.amazon.com/dp/B0BVBYDTZ6?tag=eloabder-20&linkCode=osi&th=1&psc=1"><img src="https://m.media-amazon.com/images/I/61UbJzK8yIL._SL500_.jpg" alt="Product Image"></a><p>Dove Body Wash with Pump Refreshing Cucumber and Green Tea 3 Count Refreshes Skin Cleanser That Effectively Washes Away Bacteria While Nourishing Your Skin 30.6 oz</p><p>$29.91 ($0.33 / Fl Oz)</p><a href="https://www.amazon.com/dp/B0BVBYDTZ6?tag=eloabder-20&linkCode=osi&th=1&psc=1">View Product</a></div><div class="product"><a href="https://www.amazon.com/dp/B082QC2MCX?tag=eloabder-20&linkCode=osi&th=1&psc=1"><img src="https://m.media-amazon.com/images/I/31ohT5XH1TS._SL500_.jpg" alt="Product Image"></a><p>NIVEA Shea Butter Nourishing Body Wash, Moisturizing Body Wash with Nourishing Serum, Plant-Derived Oils, Essential Skin Lipids and Vitamins, 20 Fl Oz Bottle</p><p>$5.29 ($0.26 / Fl Oz)</p><a href="https://www.amazon.com/dp/B082QC2MCX?tag=eloabder-20&linkCode=osi&th=1&psc=1">View Product</a></div><div class="product"><a href="https://www.amazon.com/dp/B07FD24RTR?tag=eloabder-20&linkCode=osi&th=1&psc=1"><img src="https://m.media-amazon.com/images/I/31klAgInvXL._SL500_.jpg" alt="Product Image"></a><p>Aveeno Stress Relief Body Wash with Soothing Oat for Sensitive Skin, Lavender Body Wash to help you feel Calm and Relaxed, Sulfate-Free, 33 FL OZ</p><p>$13.48 ($0.41 / Fl Oz)</p><a href="https://www.amazon.com/dp/B07FD24RTR?tag=eloabder-20&linkCode=osi&th=1&psc=1">View Product</a></div><div class="product"><a href="https://www.amazon.com/dp/B082QBPDJC?tag=eloabder-20&linkCode=osi&th=1&psc=1"><img src="https://m.media-amazon.com/images/I/31tC4JDwHQL._SL500_.jpg" alt="Product Image"></a><p>NIVEA Coconut and Almond Milk Pampering Body Wash, Moisturizing Body Wash with Nourishing Serum, Plant-Derived Oils, Essential Skin Lipids and Vitamins, 20 Fl Oz Bottle</p><p>$4.99 ($0.25 / Fl Oz)</p><a href="https://www.amazon.com/dp/B082QBPDJC?tag=eloabder-20&linkCode=osi&th=1&psc=1">View Product</a></div>
<div class="product"><a href="https://www.amazon.com/dp/B0BNQWFWLF?tag=eloabder-20&linkCode=osi&th=1&psc=1"><img src="https://m.media-amazon.com/images/I/41trFLlJ04L._SL500_.jpg" alt="Product Image"></a><p>Neutrogena Rainbath Body Wash, Refreshing, Moisturizing Daily Body Cleanser and Shaving Gel with Clean Rinsing Lather, Original Scent, 32 fl. Oz</p><p>$15.98 ($0.50 / Fl Oz)</p><a href="https://www.amazon.com/dp/B0BNQWFWLF?tag=eloabder-20&linkCode=osi&th=1&psc=1">View Product</a></div><div class="product"><a href="https://www.amazon.com/dp/B0BT1WN3ZD?tag=eloabder-20&linkCode=osi&th=1&psc=1"><img src="https://m.media-amazon.com/images/I/21GMn0pFzCL._SL500_.jpg" alt="Product Image"></a><p>Method Body Wash, Sea + Surf, Paraben and Phthalate Free, Biodegradable Formula, 28 oz, (Pack of 1)</p><p>$11.48 ($0.41 / Fl Oz)</p><a href="https://www.amazon.com/dp/B0BT1WN3ZD?tag=eloabder-20&linkCode=osi&th=1&psc=1">View Product</a></div><div class="product"><a href="https://www.amazon.com/dp/B09M7SPFSJ?tag=eloabder-20&linkCode=osi&th=1&psc=1"><img src="https://m.media-amazon.com/images/I/31bOOl+IL6L._SL500_.jpg" alt="Product Image"></a><p>Ivory Mild & Gentle Body Wash, Original Scent, 35oz</p><p>$5.97 ($0.17 / Ounce)</p><a href="https://www.amazon.com/dp/B09M7SPFSJ?tag=eloabder-20&linkCode=osi&th=1&psc=1">View Product</a></div><div class="product"><a href="https://www.amazon.com/dp/B0CK4YS1SV?tag=eloabder-20&linkCode=osi&th=1&psc=1"><img src="https://m.media-amazon.com/images/I/518js3kBNfL._SL500_.jpg" alt="Product Image"></a><p>Dr Teal's Body Wash with Pure Epsom Salt, Relax & Relief with Eucalyptus & Spearmint, 24 fl oz (Pack of 2) (Packaging May Vary)</p><p>$11.74 ($0.24 / Fl Oz)</p><a href="https://www.amazon.com/dp/B0CK4YS1SV?tag=eloabder-20&linkCode=osi&th=1&psc=1">View Product</a></div><div class="product"><a href="https://www.amazon.com/dp/B0CNL19TQG?tag=eloabder-20&linkCode=osi&th=1&psc=1"><img src="https://m.media-amazon.com/images/I/61kqkkFXOkL._SL500_.jpg" alt="Product Image"></a><p>Dove Men+Care Body Wash Eucalyptus + Cedar Oil to Rebuild Skin in the Shower with Plant-Based Cleansers and Moisturizers 26 oz</p><p>$9.99 ($0.38 / Fl Oz)</p><a href="https://www.amazon.com/dp/B0CNL19TQG?tag=eloabder-20&linkCode=osi&th=1&psc=1">View Product</a></div><div class="product"><a href="https://www.amazon.com/dp/B01IMEJV5U?tag=eloabder-20&linkCode=osi&th=1&psc=1"><img src="https://m.media-amazon.com/images/I/41q8gXtf06S._SL500_.jpg" alt="Product Image"></a><p>OGX Extra Creamy + Coconut Miracle Oil Ultra Moisture Body Wash, 19.5 Fl Oz</p><p>$6.57 ($0.34 / Fl Oz)</p><a href="https://www.amazon.com/dp/B01IMEJV5U?tag=eloabder-20&linkCode=osi&th=1&psc=1">View Product</a></div>
<div class="product"><a href="https://www.amazon.com/dp/B00A8S6HM4?tag=eloabder-20&linkCode=osi&th=1&psc=1"><img src="https://m.media-amazon.com/images/I/31tIssP5CQL._SL500_.jpg" alt="Product Image"></a><p>Gold Bond Healing Hand Cream, 3 oz., With Aloe, Moisture That Lasts Through Handwashing</p><p>$3.97 ($1.32 / Ounce)</p><a href="https://www.amazon.com/dp/B00A8S6HM4?tag=eloabder-20&linkCode=osi&th=1&psc=1">View Product</a></div><div class="product"><a href="https://www.amazon.com/dp/B006UEOQ5K?tag=eloabder-20&linkCode=osi&th=1&psc=1"><img src="https://m.media-amazon.com/images/I/316StCvRHcL._SL500_.jpg" alt="Product Image"></a><p>L’Occitane Shea Butter Hand Cream 5.1 Oz: Nourishes Very Dry Hands, Protects Skin, With 20% Organic Shea Butter, Vegan, 1 Sold Every 3 Seconds*</p><p>$27.00</p><a href="https://www.amazon.com/dp/B006UEOQ5K?tag=eloabder-20&linkCode=osi&th=1&psc=1">View Product</a></div><div class="product"><a href="https://www.amazon.com/dp/B00EYOSA9G?tag=eloabder-20&linkCode=osi&th=1&psc=1"><img src="https://m.media-amazon.com/images/I/41bhc+gcG0L._SL500_.jpg" alt="Product Image"></a><p>La Roche-Posay Cicaplast Hand Cream, Instant Relief Moisturizing Dry Hands Shea Butter Lotion for Dry Cracked Hands, Non Greasy, Fragrance Free, 1.69 Fl Oz (Pack of 1)</p><p>$11.99 ($7.05 / Fl Oz)</p><a href="https://www.amazon.com/dp/B00EYOSA9G?tag=eloabder-20&linkCode=osi&th=1&psc=1">View Product</a></div><div class="product"><a href="https://www.amazon.com/dp/B00BN2UF54?tag=eloabder-20&linkCode=osi&th=1&psc=1"><img src="https://m.media-amazon.com/images/I/41JdUlyNn5L._SL500_.jpg" alt="Product Image"></a><p>CeraVe Therapeutic Hand Cream for Dry Cracked Hands With Hyaluronic Acid and Niacinamide | Fragrance Free 3 Ounce</p><p>$10.47 ($3.49 / Ounce)</p><a href="https://www.amazon.com/dp/B00BN2UF54?tag=eloabder-20&linkCode=osi&th=1&psc=1">View Product</a></div><div class="product"><a href="https://www.amazon.com/dp/B09QP658PT?tag=eloabder-20&linkCode=osi&th=1&psc=1"><img src="https://m.media-amazon.com/images/I/31W-klVFPhL._SL500_.jpg" alt="Product Image"></a><p>eos Shea Better Hand Cream - Vanilla Cashmere | Instant Hydration + Lasting Protection | 2.5 oz</p><p>$3.97 ($1.59 / Fl Oz)</p><a href="https://www.amazon.com/dp/B09QP658PT?tag=eloabder-20&linkCode=osi&th=1&psc=1">View Product</a></div><div class="product"><a href="https://www.amazon.com/dp/B00121UVU0?tag=eloabder-20&linkCode=osi&th=1&psc=1"><img src="https://m.media-amazon.com/images/I/41eeed+P5BL._SL500_.jpg" alt="Product Image"></a><p>O'Keeffe's Working Hands Hand Cream for Extremely Dry, Cracked Hands, 3.4 Ounce Jar, (Pack 1)</p><p>$8.48 ($2.49 / Ounce)</p><a href="https://www.amazon.com/dp/B00121UVU0?tag=eloabder-20&linkCode=osi&th=1&psc=1">View Product</a></div><div class="product"><a href="https://www.amazon.com/dp/B0148PKYXU?tag=eloabder-20&linkCode=osi&th=1&psc=1"><img src="https://m.media-amazon.com/images/I/41cwut0DGKL._SL500_.jpg" alt="Product Image"></a><p>O'Keeffe's Working Hands Hand Cream, Relieves and Repairs Extremely Dry Hands, 3 oz Tube, (Pack of 2)</p><p>$15.17 ($2.53 / Ounce)</p><a href="https://www.amazon.com/dp/B0148PKYXU?tag=eloabder-20&linkCode=osi&th=1&psc=1">View Product</a></div><div class="product"><a href="https://www.amazon.com/dp/B08Q1B7DVZ?tag=eloabder-20&linkCode=osi&th=1&psc=1"><img src="https://m.media-amazon.com/images/I/41KbVXj2k4L._SL500_.jpg" alt="Product Image"></a><p>Neutrogena Norwegian Formula Moisturizing Hand Cream Formulated with Glycerin for Dry, Rough Hands, Fragrance-Free Intensive Hand Lotion, 2 oz, Pack of 6</p><p>$32.94 ($2.74 / Ounce)</p><a href="https://www.amazon.com/dp/B08Q1B7DVZ?tag=eloabder-20&linkCode=osi&th=1&psc=1">View Product</a></div><div class="product"><a href="https://www.amazon.com/dp/B002PK0ROM?tag=eloabder-20&linkCode=osi&th=1&psc=1"><img src="https://m.media-amazon.com/images/I/51ACxQvzcbL._SL500_.jpg" alt="Product Image"></a><p>Burt's Bees Almond & Milk Hand Cream, 2 Oz (Package May Vary)</p><p>$8.84 ($4.42 / Ounce)</p><a href="https://www.amazon.com/dp/B002PK0ROM?tag=eloabder-20&linkCode=osi&th=1&psc=1">View Product</a></div><div class="product"><a href="https://www.amazon.com/dp/B09YYZWSSY?tag=eloabder-20&linkCode=osi&th=1&psc=1"><img src="https://m.media-amazon.com/images/I/31iud1lgyFL._SL500_.jpg" alt="Product Image"></a><p>Gold Bond Age Renew Crepe Corrector Hand Cream, Replenishing & Smoothing Formula, 3 oz.</p><p>$5.98 ($1.99 / Ounce)</p><a href="https://www.amazon.com/dp/B09YYZWSSY?tag=eloabder-20&linkCode=osi&th=1&psc=1">View Product</a></div>
<div class="product"><a href="https://www.amazon.com/dp/B0002QB9NE?tag=eloabder-20&linkCode=osi&th=1&psc=1"><img src="https://m.media-amazon.com/images/I/416vf0q0uqL._SL500_.jpg" alt="Product Image"></a><p>O'Keeffe's for Healthy Feet Foot Cream, Guaranteed Relief for Extremely Dry, Cracked Feet, Instantly Boosts Moisture Levels, 3.2 Ounce Jar, (Pack of 1)</p><p>$9.01 ($2.82 / Ounce)</p><a href="https://www.amazon.com/dp/B0002QB9NE?tag=eloabder-20&linkCode=osi&th=1&psc=1">View Product</a></div><div class="product"><a href="https://www.amazon.com/dp/B082TSRP9J?tag=eloabder-20&linkCode=osi&th=1&psc=1"><img src="https://m.media-amazon.com/images/I/51coMhCd1ML._SL500_.jpg" alt="Product Image"></a><p>Ebanel Urea Cream 40% plus Salicylic Acid 2%, Foot Cream for Dry Cracked Heels Feet Knees Elbows Hands, Foot Dead Skin Cuticle Callus Remover Toenail Softener, Keratolytic Skin Barrier Repair Cream</p><p>$15.95 ($3.47 / Ounce)</p><a href="https://www.amazon.com/dp/B082TSRP9J?tag=eloabder-20&linkCode=osi&th=1&psc=1">View Product</a></div><div class="product"><a href="https://www.amazon.com/dp/B08YZBKZPB?tag=eloabder-20&linkCode=osi&th=1&psc=1"><img src="https://m.media-amazon.com/images/I/41ktbxpRfPL._SL500_.jpg" alt="Product Image"></a><p>Dr. Scholl's Dry, Cracked Foot Repair Ultra-Hydrating Foot Cream Moisturizer, 3.5 oz, Skin Care Foot Lotion with 25% Urea for Dry Cracked Feet, Heals and Moisturizes for Healthy Feet</p><p>$5.89 ($1.68 / Ounce)</p><a href="https://www.amazon.com/dp/B08YZBKZPB?tag=eloabder-20&linkCode=osi&th=1&psc=1">View Product</a></div><div class="product"><a href="https://www.amazon.com/dp/B0859JFWDT?tag=eloabder-20&linkCode=osi&th=1&psc=1"><img src="https://m.media-amazon.com/images/I/51JZjw73KSL._SL500_.jpg" alt="Product Image"></a><p>New York Biology Tea Tree Oil Foot Cream for Dry Cracked Feet, Athletes Foot, Nail Fungus, Jock Itch, Ringworm, Cracked Heels and Itchy Skin - Foot Cream - 8 oz</p><p>$9.99 ($1.25 / Ounce)</p><a href="https://www.amazon.com/dp/B0859JFWDT?tag=eloabder-20&linkCode=osi&th=1&psc=1">View Product</a></div><div class="product"><a href="https://www.amazon.com/dp/B09854CPGD?tag=eloabder-20&linkCode=osi&th=1&psc=1"><img src="https://m.media-amazon.com/images/I/31CmRbfOBBL._SL500_.jpg" alt="Product Image"></a><p>OUKEYA Urea Cream 40 Percent, Urea Foot & Hand Cream for Dry Cracked, 40 per Urea Lotion for Feet Maximum Strength</p><p>$9.59 ($1.81 / Ounce)</p><a href="https://www.amazon.com/dp/B09854CPGD?tag=eloabder-20&linkCode=osi&th=1&psc=1">View Product</a></div><div class="product"><a href="https://www.amazon.com/dp/B0081C2I22?tag=eloabder-20&linkCode=osi&th=1&psc=1"><img src="https://m.media-amazon.com/images/I/41f3N9+RSFL._SL500_.jpg" alt="Product Image"></a><p>Palmer's Cocoa Butter Formula Foot Magic Moisturizing Foot Cream for Dry, Cracked Heels, Feet Moisturizer with Peppermint Oil & Vitamin E, 2.1 Ounces</p><p>$4.22 ($2.01 / Ounce)</p><a href="https://www.amazon.com/dp/B0081C2I22?tag=eloabder-20&linkCode=osi&th=1&psc=1">View Product</a></div><div class="product"><a href="https://www.amazon.com/dp/B072VSYFNY?tag=eloabder-20&linkCode=osi&th=1&psc=1"><img src="https://m.media-amazon.com/images/I/41mzQGUdFmL._SL500_.jpg" alt="Product Image"></a><p>O'Keeffe's Healthy Feet Intense Renewal Cream with Alpha Hydroxy Acid, Softens and Exfoliates Extremely Dry, Callused Feet, 3oz Tube (Pack of 1)</p><p>$8.77 ($2.92 / Ounce)</p><a href="https://www.amazon.com/dp/B072VSYFNY?tag=eloabder-20&linkCode=osi&th=1&psc=1">View Product</a></div><div class="product"><a href="https://www.amazon.com/dp/B087N7QYN1?tag=eloabder-20&linkCode=osi&th=1&psc=1"><img src="https://m.media-amazon.com/images/I/41AOHWv5UaL._SL500_.jpg" alt="Product Image"></a><p>O'Keeffe's for Healthy Feet Foot Cream, Guaranteed Relief for Extremely Dry, Cracked Feet, Instantly Boosts Moisture Levels, 6.4 Ounce Jar, Value Size, (Pack of 1)</p><p>$15.09 ($2.36 / Ounce)</p><a href="https://www.amazon.com/dp/B087N7QYN1?tag=eloabder-20&linkCode=osi&th=1&psc=1">View Product</a></div><div class="product"><a href="https://www.amazon.com/dp/B07CKKQWSN?tag=eloabder-20&linkCode=osi&th=1&psc=1"><img src="https://m.media-amazon.com/images/I/513WcwplzkL._SL500_.jpg" alt="Product Image"></a><p>Profoot Heel Rescue Foot Cream 16 Ounce Bottle, 2 Pack, for Cracked, Calloused or Chapped Skin</p><p>$13.92 ($0.44 / Ounce)</p><a href="https://www.amazon.com/dp/B07CKKQWSN?tag=eloabder-20&linkCode=osi&th=1&psc=1">View Product</a></div>
<div class="product"><a href="https://www.amazon.com/dp/B0CS2XBMG5?tag=eloabder-20&linkCode=osi&th=1&psc=1"><img src="https://m.media-amazon.com/images/I/41SVGjvtkXL._SL500_.jpg" alt="Product Image"></a><p>SAVILAND Natural Cuticle Oil Pen: 12PCS Revitalizing Cuticle Oil for Nails with Vitamin E For Repair Cuticles Overnight Cuticle Softener Nail Strengthener Protector for Damaged Skin Thin Nail</p><p>$9.99 ($9.99 / Fl Oz)</p><a href="https://www.amazon.com/dp/B0CS2XBMG5?tag=eloabder-20&linkCode=osi&th=1&psc=1">View Product</a></div><div class="product"><a href="https://www.amazon.com/dp/B0037MIMLW?tag=eloabder-20&linkCode=osi&th=1&psc=1"><img src="https://m.media-amazon.com/images/I/41M3z8vrUzL._SL500_.jpg" alt="Product Image"></a><p>CND SolarOil Cuticle Oil, Natural Blend Of Jojoba, Vitamin E, Rice Bran and Sweet Almond Oils, Moisturizes and Conditions Skin, Pack Of 1, 0.25 oz.</p><p>$9.90 ($49.50 / Fl Oz)</p><a href="https://www.amazon.com/dp/B0037MIMLW?tag=eloabder-20&linkCode=osi&th=1&psc=1">View Product</a></div><div class="product"><a href="https://www.amazon.com/dp/B09K3VX6XB?tag=eloabder-20&linkCode=osi&th=1&psc=1"><img src="https://m.media-amazon.com/images/I/41KQk0SauIL._SL500_.jpg" alt="Product Image"></a><p>modelones Cuticle Oil for Nails 15ml Natural Nail Oil for Growth and Strength Damaged Nails Vitamin E Revitalizing Essential Oils Cuticle Care</p><p>$8.99 ($17.63 / Fl Oz)</p><a href="https://www.amazon.com/dp/B09K3VX6XB?tag=eloabder-20&linkCode=osi&th=1&psc=1">View Product</a></div><div class="product"><a href="https://www.amazon.com/dp/B072C4GT6P?tag=eloabder-20&linkCode=osi&th=1&psc=1"><img src="https://m.media-amazon.com/images/I/31AcTRIcNCL._SL500_.jpg" alt="Product Image"></a><p>OPI ProSpa Nail and Cuticle Oil To Go, 0.25 fl oz</p><p>$11.49 ($45.96 / Fl Oz)</p><a href="https://www.amazon.com/dp/B072C4GT6P?tag=eloabder-20&linkCode=osi&th=1&psc=1">View Product</a></div><div class="product"><a href="https://www.amazon.com/dp/B0725XWF6R?tag=eloabder-20&linkCode=osi&th=1&psc=1"><img src="https://m.media-amazon.com/images/I/3167QE6enxL._SL500_.jpg" alt="Product Image"></a><p>OPI ProSpa Nail and Cuticle Oil, 0.29 fl oz</p><p>$10.82 ($37.31 / Fl Oz)</p><a href="https://www.amazon.com/dp/B0725XWF6R?tag=eloabder-20&linkCode=osi&th=1&psc=1">View Product</a></div><div class="product"><a href="https://www.amazon.com/dp/B0CN65Q5LD?tag=eloabder-20&linkCode=osi&th=1&psc=1"><img src="https://m.media-amazon.com/images/I/41ixcyjMHNL._SL500_.jpg" alt="Product Image"></a><p>NXJ INFILILA Cuticle Oil Bulk 3.3 Fl Oz, 100Pcs Mini Cuticle Oil for Nails, Hydrating Cuticle Care Product Ttravel Size for Repaired Cuticles Overnight, Cuticle Repair and Nail Care (Milk & Honey)</p><p>$9.99 ($0.10 / Count)</p><a href="https://www.amazon.com/dp/B0CN65Q5LD?tag=eloabder-20&linkCode=osi&th=1&psc=1">View Product</a></div><div class="product"><a href="https://www.amazon.com/dp/B0B29JZ5KL?tag=eloabder-20&linkCode=osi&th=1&psc=1"><img src="https://m.media-amazon.com/images/I/41c+VvEUnZL._SL500_.jpg" alt="Product Image"></a><p>C CARE Lavender and chamomile Cuticle Oil For Nails - Repairs Cuticles Overnight - Moisturizes and Strengthens Nails and Cuticles - Dropper & Brush included - 2.5oz</p><p>$9.99 ($4.00 / Fl Oz)</p><a href="https://www.amazon.com/dp/B0B29JZ5KL?tag=eloabder-20&linkCode=osi&th=1&psc=1">View Product</a></div>
<div class="product"><a href="https://www.amazon.com/dp/B0CMHSNYG8?tag=eloabder-20&linkCode=osi&th=1&psc=1"><img src="https://m.media-amazon.com/images/I/51iVcKQ6eIL._SL500_.jpg" alt="Product Image"></a><p>JODSONE Gel Nail Set 20 Colors High Shine Gorgeous Gel Polish Base Top Matte Coat Nice Gifts Show Charm</p><p>$19.99</p><a href="https://www.amazon.com/dp/B0CMHSNYG8?tag=eloabder-20&linkCode=osi&th=1&psc=1">View Product</a></div><div class="product"><a href="https://www.amazon.com/dp/B09KC56289?tag=eloabder-20&linkCode=osi&th=1&psc=1"><img src="https://m.media-amazon.com/images/I/51M-P1nM7QL._SL500_.jpg" alt="Product Image"></a><p>JODSONE 36 PCS Gel Nail Polish Set-32 Colors Gel Polish Kit Base Coat Glossy Matte and Glitter Top Coat Nail Polish Set Green Blue Red Pink Collection Gifts for Women</p><p>$25.99</p><a href="https://www.amazon.com/dp/B09KC56289?tag=eloabder-20&linkCode=osi&th=1&psc=1">View Product</a></div><div class="product"><a href="https://www.amazon.com/dp/B0987JZSP8?tag=eloabder-20&linkCode=osi&th=1&psc=1"><img src="https://m.media-amazon.com/images/I/31VZYZfCKbL._SL500_.jpg" alt="Product Image"></a><p>OPI Nature Strong Vegan Nail Polish, Knowledge is Flower, Pink Nail Polish, Natural Origin, Cruelty-Free Nail Lacquer, 0.5 fl oz.</p><p>$12.99 ($25.98 / Fl Oz)</p><a href="https://www.amazon.com/dp/B0987JZSP8?tag=eloabder-20&linkCode=osi&th=1&psc=1">View Product</a></div><div class="product"><a href="https://www.amazon.com/dp/B00GXVVDG0?tag=eloabder-20&linkCode=osi&th=1&psc=1"><img src="https://m.media-amazon.com/images/I/21vF-y2FfJL._SL500_.jpg" alt="Product Image"></a><p>Essie Nail Polish, Salon-Quality, 8-free Vegan, Finish, Mademoiselle, 0.46 Ounces (Packaging May Vary) Sheer Pink</p><p>$8.97</p><a href="https://www.amazon.com/dp/B00GXVVDG0?tag=eloabder-20&linkCode=osi&th=1&psc=1">View Product</a></div><div class="product"><a href="https://www.amazon.com/dp/B00149RO2S?tag=eloabder-20&linkCode=osi&th=1&psc=1"><img src="https://m.media-amazon.com/images/I/411K8WtBjML._SL500_.jpg" alt="Product Image"></a><p>OPI Nail Lacquer, Black Cherry Chutney, Red Nail Polish, 0.5 fl oz</p><p>$11.99 ($23.98 / Fl Oz)</p><a href="https://www.amazon.com/dp/B00149RO2S?tag=eloabder-20&linkCode=osi&th=1&psc=1">View Product</a></div>
<div class="product"><a href="https://www.amazon.com/dp/B07TLZDSWR?tag=eloabder-20&linkCode=osi&th=1&psc=1"><img src="https://m.media-amazon.com/images/I/31lsbbYkXFL._SL500_.jpg" alt="Product Image"></a><p>Pronto 100% Pure Acetone - Quick, Professional Nail Polish Remover - For Natural, Gel, Acrylic, Sculptured Nails (8 FL. OZ.)</p><p>$9.99 ($1.25 / Fl Oz)</p><a href="https://www.amazon.com/dp/B07TLZDSWR?tag=eloabder-20&linkCode=osi&th=1&psc=1">View Product</a></div><div class="product"><a href="https://www.amazon.com/dp/B08N2XBP1D?tag=eloabder-20&linkCode=osi&th=1&psc=1"><img src="https://m.media-amazon.com/images/I/41SDa89WDxL._SL500_.jpg" alt="Product Image"></a><p>Mineral Fusion Nail Polish Remover, 6 fl oz, 2 count</p><p>$16.50</p><a href="https://www.amazon.com/dp/B08N2XBP1D?tag=eloabder-20&linkCode=osi&th=1&psc=1">View Product</a></div><div class="product"><a href="https://www.amazon.com/dp/B004KJ7AGE?tag=eloabder-20&linkCode=osi&th=1&psc=1"><img src="https://m.media-amazon.com/images/I/41jL3jJJEEL._SL500_.jpg" alt="Product Image"></a><p>Super Nail Pure Acetone Polish Remover, 8 Fl Oz</p><p>$6.25</p><a href="https://www.amazon.com/dp/B004KJ7AGE?tag=eloabder-20&linkCode=osi&th=1&psc=1">View Product</a></div><div class="product"><a href="https://www.amazon.com/dp/B0CQLWZGQC?tag=eloabder-20&linkCode=osi&th=1&psc=1"><img src="https://m.media-amazon.com/images/I/51RNLfN+X4L._SL500_.jpg" alt="Product Image"></a><p>Morovan Gel Nail Polish Remover Kit: Gel Polish Remover for Nails with Liquid Latex Tape Peel off Nail Strengthener Cuticle Pusher Quick & Easy Gel Remover for Nails in 3-5 mins No Soaking Or Wrapping</p><p>$9.99</p><a href="https://www.amazon.com/dp/B0CQLWZGQC?tag=eloabder-20&linkCode=osi&th=1&psc=1">View Product</a></div><div class="product"><a href="https://www.amazon.com/dp/B09Z2V94LY?tag=eloabder-20&linkCode=osi&th=1&psc=1"><img src="https://m.media-amazon.com/images/I/41aI3wwnE3L._SL500_.jpg" alt="Product Image"></a><p>Gel Nail Polish Remover 1pcs, Professional Gel Polish Remover for Nails, No Need for Foil, Quick & Easy Polish Remover In 2-3 Minutes, No Need Soaking Or Wrapping-15ml</p><p>$9.99</p><a href="https://www.amazon.com/dp/B09Z2V94LY?tag=eloabder-20&linkCode=osi&th=1&psc=1">View Product</a></div><div class="product"><a href="https://www.amazon.com/dp/B07STW4VR3?tag=eloabder-20&linkCode=osi&th=1&psc=1"><img src="https://m.media-amazon.com/images/I/41H-8Xsu7OL._SL500_.jpg" alt="Product Image"></a><p>Butter LONDON Nail Polish Remover Pads, Nail Scrubbers (10 Count) - 2-in-1 Prep & Lacquer Remover Nail Wipes - Travel-Friendly Gel Fingernail Polish Remover - Cruelty-Free, Paraben-Free & Gluten-Free</p><p>$10.00 ($1.00 / Count)</p><a href="https://www.amazon.com/dp/B07STW4VR3?tag=eloabder-20&linkCode=osi&th=1&psc=1">View Product</a></div><div class="product"><a href="https://www.amazon.com/dp/B001DTZK0C?tag=eloabder-20&linkCode=osi&th=1&psc=1"><img src="https://m.media-amazon.com/images/I/31H2xmoYh2L._SL500_.jpg" alt="Product Image"></a><p>ZOYA Remove Plus 3 in 1 Formula - Liquid Polish Remover, Nail Cleaner, Nail Prep, 8 Fl Oz</p><p>$12.00 ($1.50 / Fl Oz)</p><a href="https://www.amazon.com/dp/B001DTZK0C?tag=eloabder-20&linkCode=osi&th=1&psc=1">View Product</a></div>
<div class="product"><a href="https://www.amazon.com/dp/B07F12SZDS?tag=eloabder-20&linkCode=osi&th=1&psc=1"><img src="https://m.media-amazon.com/images/I/415-o2OwWqL._SL500_.jpg" alt="Product Image"></a><p>Beetles 2 Pcs 15ml No Wipe Gel Top Coat and Base Coat Set - Shine Finish and Long Lasting, Soak Off LED Nail Lamp Gel Base Top Coat Finish Nail Art Design Manicure Gifts for Women</p><p>$7.99</p><a href="https://www.amazon.com/dp/B07F12SZDS?tag=eloabder-20&linkCode=osi&th=1&psc=1">View Product</a></div><div class="product"><a href="https://www.amazon.com/dp/B004220C6E?tag=eloabder-20&linkCode=osi&th=1&psc=1"><img src="https://m.media-amazon.com/images/I/41UDx4gfvEL._SL500_.jpg" alt="Product Image"></a><p>OPI Natural Nail Base Coat, Nail Polish Base Coat, 0.5 fl oz</p><p>$11.99 ($23.98 / Fl Oz)</p><a href="https://www.amazon.com/dp/B004220C6E?tag=eloabder-20&linkCode=osi&th=1&psc=1">View Product</a></div><div class="product"><a href="https://www.amazon.com/dp/B07KYNY7C4?tag=eloabder-20&linkCode=osi&th=1&psc=1"><img src="https://m.media-amazon.com/images/I/41nRG35oupL._SL500_.jpg" alt="Product Image"></a><p>essie nail care, vegan, clear base coat, strengthener, Strong Start, 0.46 fl oz</p><p>$9.28</p><a href="https://www.amazon.com/dp/B07KYNY7C4?tag=eloabder-20&linkCode=osi&th=1&psc=1">View Product</a></div><div class="product"><a href="https://www.amazon.com/dp/B0BX77172B?tag=eloabder-20&linkCode=osi&th=1&psc=1"><img src="https://m.media-amazon.com/images/I/41NS6hYFFYL._SL500_.jpg" alt="Product Image"></a><p>beetles Gel Polish Gel No Wipe Base Coat,15ml for Gel Nail Polish Soak Off LED Nail Lamp Gel Base Coat Upgraded Formula Long-Lasting DIY Home and Nail Salon</p><p>$6.99 ($13.71 / Fl Oz)</p><a href="https://www.amazon.com/dp/B0BX77172B?tag=eloabder-20&linkCode=osi&th=1&psc=1">View Product</a></div><div class="product"><a href="https://www.amazon.com/dp/B0BD4MMFVM?tag=eloabder-20&linkCode=osi&th=1&psc=1"><img src="https://m.media-amazon.com/images/I/414wIShbm+L._SL500_.jpg" alt="Product Image"></a><p>GAOY 16ml 2 Pcs Glassy Gel Top Coat and Base Coat Set,No Wipe Foundation Combination for UV Light Cure Nail Polish</p><p>$6.99</p><a href="https://www.amazon.com/dp/B0BD4MMFVM?tag=eloabder-20&linkCode=osi&th=1&psc=1">View Product</a></div><div class="product"><a href="https://www.amazon.com/dp/B08Z7JSXQ1?tag=eloabder-20&linkCode=osi&th=1&psc=1"><img src="https://m.media-amazon.com/images/I/41+02CKnU7L._SL500_.jpg" alt="Product Image"></a><p>modelones 2024 Upgrade Super Shiny Gel Top Coat, 15ml No Wipe Clear Glossy Gel Base and Top Coat Set, Soak Off Nail Lamp Acid Free Base Top Gel Nail Polish Starter Kit</p><p>$6.35</p><a href="https://www.amazon.com/dp/B08Z7JSXQ1?tag=eloabder-20&linkCode=osi&th=1&psc=1">View Product</a></div><div class="product"><a href="https://www.amazon.com/dp/B00770JW9Q?tag=eloabder-20&linkCode=osi&th=1&psc=1"><img src="https://m.media-amazon.com/images/I/41l5O38NktL._SL500_.jpg" alt="Product Image"></a><p>Seche Clear and Seche Vite, Base Coat and Top Coat for Nail Polish</p><p>$9.99</p><a href="https://www.amazon.com/dp/B00770JW9Q?tag=eloabder-20&linkCode=osi&th=1&psc=1">View Product</a></div><div class="product"><a href="https://www.amazon.com/dp/B07FXR67KP?tag=eloabder-20&linkCode=osi&th=1&psc=1"><img src="https://m.media-amazon.com/images/I/41TDlHtLVPL._SL500_.jpg" alt="Product Image"></a><p>Vishine 15ml No Wipe Top Coat Base Coat Soak off UV LED Drying Long Lasting Shiny Nail Varnish Set</p><p>$8.99</p><a href="https://www.amazon.com/dp/B07FXR67KP?tag=eloabder-20&linkCode=osi&th=1&psc=1">View Product</a></div><div class="product"><a href="https://www.amazon.com/dp/B000VUT39S?tag=eloabder-20&linkCode=osi&th=1&psc=1"><img src="https://m.media-amazon.com/images/I/31XB8+yUKnL._SL500_.jpg" alt="Product Image"></a><p>Orly Base Nail Coat, Bonder, 0.6 Ounce</p><p>$8.00 ($13.33 / Fl Oz)</p><a href="https://www.amazon.com/dp/B000VUT39S?tag=eloabder-20&linkCode=osi&th=1&psc=1">View Product</a></div>
<div class="product"><a href="https://www.amazon.com/dp/B08VZ6VSJ5?tag=eloabder-20&linkCode=osi&th=1&psc=1"><img src="https://m.media-amazon.com/images/I/317piUMa1pL._SL500_.jpg" alt="Product Image"></a><p>KUPA GelFinity - Soak Off Gel - Top Coat Glossy Finish (No-Wipe) 0.5 Fl Oz</p><p>$7.79 ($15.58 / Fl Oz)</p><a href="https://www.amazon.com/dp/B08VZ6VSJ5?tag=eloabder-20&linkCode=osi&th=1&psc=1">View Product</a></div><div class="product"><a href="https://www.amazon.com/dp/B0CHBB9S4J?tag=eloabder-20&linkCode=osi&th=1&psc=1"><img src="https://m.media-amazon.com/images/I/41qRu1votRL._SL500_.jpg" alt="Product Image"></a><p>beetles Gel Polish 2Pcs 15ml No Wipe Top Coat High Gloss Shiny Long-Lasting Clear Gel Top Coat, Soak Off Nail Lamp Nail Gel, Home DIY Professional Manicure and Nail Salon</p><p>$9.98 ($9.78 / Fl Oz)</p><a href="https://www.amazon.com/dp/B0CHBB9S4J?tag=eloabder-20&linkCode=osi&th=1&psc=1">View Product</a></div><div class="product"><a href="https://www.amazon.com/dp/B07FG7ZVFF?tag=eloabder-20&linkCode=osi&th=1&psc=1"><img src="https://m.media-amazon.com/images/I/41zWBPeG5RL._SL500_.jpg" alt="Product Image"></a><p>beetles Gel Polish No Wipe Gel Top Coat - Clear Color Gel Shine Finish and Long Lasting, Soak Off Nail Lamp Gel, 15ml Gift for Girls</p><p>$6.99 ($13.71 / Fl Oz)</p><a href="https://www.amazon.com/dp/B07FG7ZVFF?tag=eloabder-20&linkCode=osi&th=1&psc=1">View Product</a></div><div class="product"><a href="https://www.amazon.com/dp/B08J9WZB29?tag=eloabder-20&linkCode=osi&th=1&psc=1"><img src="https://m.media-amazon.com/images/I/31WQqYx1BLL._SL500_.jpg" alt="Product Image"></a><p>Vishine Top Coat- 15ML No Wipe Top Coat Gel Nail Polish High Gloss Shine Finish Long Lasting Home DIY Professional Manicure</p><p>$6.99 ($13.98 / Fl Oz)</p><a href="https://www.amazon.com/dp/B08J9WZB29?tag=eloabder-20&linkCode=osi&th=1&psc=1">View Product</a></div><div class="product"><a href="https://www.amazon.com/dp/B00178VX50?tag=eloabder-20&linkCode=osi&th=1&psc=1"><img src="https://m.media-amazon.com/images/I/31MWdGSTydL._SL500_.jpg" alt="Product Image"></a><p>OPI Top Coat, Protective High Gloss Shine Nail Polish Top Coat, 0.5 fl oz</p><p>$11.99 ($0.80 / millilitre)</p><a href="https://www.amazon.com/dp/B00178VX50?tag=eloabder-20&linkCode=osi&th=1&psc=1">View Product</a></div><div class="product"><a href="https://www.amazon.com/dp/B00150LT40?tag=eloabder-20&linkCode=osi&th=1&psc=1"><img src="https://m.media-amazon.com/images/I/410pKBFvS9L._SL500_.jpg" alt="Product Image"></a><p>Seche Vite Dry Fast Top Coat - .5 fl oz</p><p>$7.05</p><a href="https://www.amazon.com/dp/B00150LT40?tag=eloabder-20&linkCode=osi&th=1&psc=1">View Product</a></div>
<div class="product"><a href="https://www.amazon.com/dp/B000052WZD?tag=eloabder-20&linkCode=osi&th=1&psc=1"><img src="https://m.media-amazon.com/images/I/31neIP1eUnL._SL500_.jpg" alt="Product Image"></a><p>Trim Nail Files, 2 Count – Dual-Sided Nail Board with 280/320 Grit – Cushioned, Easy Grip for Comfortable Use – Emery Boards for Smoothing & Finishing Nails</p><p>$1.89 ($0.94 / Count)</p><a href="https://www.amazon.com/dp/B000052WZD?tag=eloabder-20&linkCode=osi&th=1&psc=1">View Product</a></div><div class="product"><a href="https://www.amazon.com/dp/B007242LWC?tag=eloabder-20&linkCode=osi&th=1&psc=1"><img src="https://m.media-amazon.com/images/I/41+E1EwskpS._SL500_.jpg" alt="Product Image"></a><p>3 Swords Germany - Brand Quality Double Sided (fine & coarse) Sapphire Metal Pocket Nail File (1 Piece), Made in Solingen Germany</p><p>$9.95</p><a href="https://www.amazon.com/dp/B007242LWC?tag=eloabder-20&linkCode=osi&th=1&psc=1">View Product</a></div><div class="product"><a href="https://www.amazon.com/dp/B0017KCQ2W?tag=eloabder-20&linkCode=osi&th=1&psc=1"><img src="https://m.media-amazon.com/images/I/21bzfUjSMwL._SL500_.jpg" alt="Product Image"></a><p>Revlon Nail Buffer, Gifts for Women, Stocking Stuffers, Shape 'N' Buff Nail File & Buffer, Nail Care Tool, All-in-One Shaping & Buffing, Easy to Use (Pack of 1)</p><p>$3.76</p><a href="https://www.amazon.com/dp/B0017KCQ2W?tag=eloabder-20&linkCode=osi&th=1&psc=1">View Product</a></div>
<div class="product"><a href="https://www.amazon.com/dp/B07M5RNH4Z?tag=eloabder-20&linkCode=osi&th=1&psc=1"><img src="https://m.media-amazon.com/images/I/41VsLZvsbKL._SL500_.jpg" alt="Product Image"></a><p>HAWATOUR Nail Clippers Set, Ultra Sharp Sturdy Fingernail and Toenail Clipper Cutters with Visibly Tin Case, Black</p><p>$9.97</p><a href="https://www.amazon.com/dp/B07M5RNH4Z?tag=eloabder-20&linkCode=osi&th=1&psc=1">View Product</a></div><div class="product"><a href="https://www.amazon.com/dp/B0015HKN3G?tag=eloabder-20&linkCode=osi&th=1&psc=1"><img src="https://m.media-amazon.com/images/I/31Y23jebqxL._SL500_.jpg" alt="Product Image"></a><p>Revlon Nail Clipper, Gifts for Men & Women, Stocking Stuffers, Nail Care Tools, Curved Blade & Foldaway Nail File for Trimming & Grooming, Easy to Use (Pack of 1)</p><p>$2.98</p><a href="https://www.amazon.com/dp/B0015HKN3G?tag=eloabder-20&linkCode=osi&th=1&psc=1">View Product</a></div><div class="product"><a href="https://www.amazon.com/dp/B00CRMHEJE?tag=eloabder-20&linkCode=osi&th=1&psc=1"><img src="https://m.media-amazon.com/images/I/41UM1wHFbiL._SL500_.jpg" alt="Product Image"></a><p>Tweezerman Stainless Steel Nail Combo Set with Fingernail and Toenail Clippers</p><p>$11.98</p><a href="https://www.amazon.com/dp/B00CRMHEJE?tag=eloabder-20&linkCode=osi&th=1&psc=1">View Product</a></div><div class="product"><a href="https://www.amazon.com/dp/B09VPM99J8?tag=eloabder-20&linkCode=osi&th=1&psc=1"><img src="https://m.media-amazon.com/images/I/31t5pEdSClL._SL500_.jpg" alt="Product Image"></a><p>Amazon Basics Nail Clippers 2-Pack, Black</p><p>$5.18</p><a href="https://www.amazon.com/dp/B09VPM99J8?tag=eloabder-20&linkCode=osi&th=1&psc=1">View Product</a></div><div class="product"><a href="https://www.amazon.com/dp/B004NZDY42?tag=eloabder-20&linkCode=osi&th=1&psc=1"><img src="https://m.media-amazon.com/images/I/31ehL-AtFBL._SL500_.jpg" alt="Product Image"></a><p>Revlon Mini Nail Clipper, Nail Care Tools, Curved Blade for Trimming & Grooming, Easy to Use (Pack of 1)</p><p>$2.98</p><a href="https://www.amazon.com/dp/B004NZDY42?tag=eloabder-20&linkCode=osi&th=1&psc=1">View Product</a></div>

<div class="product"><a href="https://www.amazon.com/dp/B0037O2J7I?tag=eloabder-20&linkCode=osi&th=1&psc=1"><img src="https://m.media-amazon.com/images/I/31fwHgXkJ7L._SL500_.jpg" alt="Product Image"></a><p>4 Way Shiny Block / 4 Step Buffing Block Shine Nail Buffer</p><p>$3.99 ($3.99 / Count)</p><a href="https://www.amazon.com/dp/B0037O2J7I?tag=eloabder-20&linkCode=osi&th=1&psc=1">View Product</a></div>

<div class="product"><a href="https://www.amazon.com/dp/B0BRRLF5N6?tag=eloabder-20&linkCode=osi&th=1&psc=1"><img src="https://m.media-amazon.com/images/I/51YW58bcDsL._SL500_.jpg" alt="Product Image"></a><p>Foot Soak Set Pedicure Kit Foot Spa Callus Remover for Feet Cuticle Remover Foot File for Dead Skin Pink Salt Urea Cream for Feet Aloe Lavender Pedicure Supplies Dry Cracked Feet for Women Men</p><p>$15.99</p><a href="https://www.amazon.com/dp/B0BRRLF5N6?tag=eloabder-20&linkCode=osi&th=1&psc=1">View Product</a></div><div class="product"><a href="https://www.amazon.com/dp/B09JWMBYJN?tag=eloabder-20&linkCode=osi&th=1&psc=1"><img src="https://m.media-amazon.com/images/I/51FgTeeSJKL._SL500_.jpg" alt="Product Image"></a><p>nbc BeautiLab Pedicure Kit Foot Soak Set: Bubble Salt, Sugar Scrub, Massage Mask, Massage Lotion in a Box, 4 Step Foot Spa Kit for Dry Feet, Softens Calluses, Tired Feet（3 Set Lavender)</p><p>$16.99 ($1.42 / Ounce)</p><a href="https://www.amazon.com/dp/B09JWMBYJN?tag=eloabder-20&linkCode=osi&th=1&psc=1">View Product</a></div>
<div class="product"><a href="https://www.amazon.com/dp/B07BHCB9Y2?tag=eloabder-20&linkCode=osi&th=1&psc=1"><img src="https://m.media-amazon.com/images/I/51V47D7WZ1L._SL500_.jpg" alt="Product Image"></a><p>PURA D'OR Anti-Thinning Biotin Shampoo & Deep Moisturizing Conditioner Original Gold Label Set (16Oz x2) Natural Earthy Scent, Clinically Tested Proven Results, DHT Blocker Thickening, For Women & Men</p><p>$39.99 ($1.25 / Fl Oz)</p><a href="https://www.amazon.com/dp/B07BHCB9Y2?tag=eloabder-20&linkCode=osi&th=1&psc=1">View Product</a></div><div class="product"><a href="https://www.amazon.com/dp/B07N7MWX72?tag=eloabder-20&linkCode=osi&th=1&psc=1"><img src="https://m.media-amazon.com/images/I/414aNTDFuRL._SL500_.jpg" alt="Product Image"></a><p>Mielle Organics Rosemary Mint Strengthening Shampoo Infused with Biotin, Cleanses and Helps Strengthen Weak and Brittle Hair, 12 Ounces</p><p>$9.97 ($0.83 / Fl Oz)</p><a href="https://www.amazon.com/dp/B07N7MWX72?tag=eloabder-20&linkCode=osi&th=1&psc=1">View Product</a></div><div class="product"><a href="https://www.amazon.com/dp/B08SSM21R4?tag=eloabder-20&linkCode=osi&th=1&psc=1"><img src="https://m.media-amazon.com/images/I/31WbRm+ZKEL._SL500_.jpg" alt="Product Image"></a><p>Redken All Soft Shampoo | Deeply Moisturizes and Hydrates | Softens, Smooths, and Adds Shine | Safe for Color-Treated Hair | Nourishing Shampoo for Dry Hair | With Argan Oil</p><p>$26.00 ($2.57 / Fl Oz)</p><a href="https://www.amazon.com/dp/B08SSM21R4?tag=eloabder-20&linkCode=osi&th=1&psc=1">View Product</a></div><div class="product"><a href="https://www.amazon.com/dp/B00ADRH2OM?tag=eloabder-20&linkCode=osi&th=1&psc=1"><img src="https://m.media-amazon.com/images/I/413WPcPNDbL._SL500_.jpg" alt="Product Image"></a><p>OGX Thick & Full + Biotin & Collagen Volumizing Shampoo, Nutrient-Infused Hair Shampoo with Vitamin B7 Biotin Gives Hair Volume & Body for 72+ Hours, Sulfate-Free Surfactants, 13 fl. oz</p><p>$6.97 ($0.54 / Fl Oz)</p><a href="https://www.amazon.com/dp/B00ADRH2OM?tag=eloabder-20&linkCode=osi&th=1&psc=1">View Product</a></div><div class="product"><a href="https://www.amazon.com/dp/B01ENCBOA0?tag=eloabder-20&linkCode=osi&th=1&psc=1"><img src="https://m.media-amazon.com/images/I/41wcbs9bSAL._SL500_.jpg" alt="Product Image"></a><p>Rosemary and Biotin Shampoo for Thinning Hair - Vegan Volumizing Shampoo for Fine Hair with Argan and Tea Tree Oil - Paraben Silicone and Sulfate Free Shampoo for Dry Damaged Weak and Thin Hair Care</p><p>$12.95 ($1.62 / Fl Oz)</p><a href="https://www.amazon.com/dp/B01ENCBOA0?tag=eloabder-20&linkCode=osi&th=1&psc=1">View Product</a></div><div class="product"><a href="https://www.amazon.com/dp/B00FH692PQ?tag=eloabder-20&linkCode=osi&th=1&psc=1"><img src="https://m.media-amazon.com/images/I/41Sqc25WpzL._SL500_.jpg" alt="Product Image"></a><p>PURA D'OR Original Gold Label Anti-Thinning Biotin Shampoo Natural Earthy Scent, Clinically Tested Proven Results, Herbal DHT Blocker Hair Thickening Products For Women & Men, Color Treated Hair, 16oz</p><p>$29.99 ($1.87 / Fl Oz)</p><a href="https://www.amazon.com/dp/B00FH692PQ?tag=eloabder-20&linkCode=osi&th=1&psc=1">View Product</a></div><div class="product"><a href="https://www.amazon.com/dp/B07D37PQGL?tag=eloabder-20&linkCode=osi&th=1&psc=1"><img src="https://m.media-amazon.com/images/I/31+tZhs5TNL._SL500_.jpg" alt="Product Image"></a><p>Olaplex No. 4 Bond Maintenance Shampoo, Repairs, Strengthens, & Nourishes All Hair Types, Adds Shine & Leaves Hair Feeling Soft, 8.5 fl oz</p><p>$30.00 ($3.53 / Fl Oz)</p><a href="https://www.amazon.com/dp/B07D37PQGL?tag=eloabder-20&linkCode=osi&th=1&psc=1">View Product</a></div><div class="product"><a href="https://www.amazon.com/dp/B07525QJC8?tag=eloabder-20&linkCode=osi&th=1&psc=1"><img src="https://m.media-amazon.com/images/I/31Zl6Upjq4S._SL500_.jpg" alt="Product Image"></a><p>L'Oreal Paris Elvive Total Repair 5 Repairing Shampoo for Damaged Hair Shampoo with Protein and Ceramide for Strong Silky Shiny Healthy Renewed Hair 28 Fl Oz</p><p>$7.68 ($0.27 / Fl Oz)</p><a href="https://www.amazon.com/dp/B07525QJC8?tag=eloabder-20&linkCode=osi&th=1&psc=1">View Product</a></div><div class="product"><a href="https://www.amazon.com/dp/B0098QPV3I?tag=eloabder-20&linkCode=osi&th=1&psc=1"><img src="https://m.media-amazon.com/images/I/31OzU+ogltL._SL500_.jpg" alt="Product Image"></a><p>Moroccanoil Hydrating Shampoo, 8.5 Fl. Oz.</p><p>$26.00 ($3.06 / Fl Oz)</p><a href="https://www.amazon.com/dp/B0098QPV3I?tag=eloabder-20&linkCode=osi&th=1&psc=1">View Product</a></div><div class="product"><a href="https://www.amazon.com/dp/B07HMK15G9?tag=eloabder-20&linkCode=osi&th=1&psc=1"><img src="https://m.media-amazon.com/images/I/31Tdk9qdj7L._SL500_.jpg" alt="Product Image"></a><p>Aveeno Fresh Greens Blend Natural Volumizing Shampoo, Cucumber, Rosemary, for Fine Hair, 12 fl oz</p><p>$8.12 ($0.68 / Ounce)</p><a href="https://www.amazon.com/dp/B07HMK15G9?tag=eloabder-20&linkCode=osi&th=1&psc=1">View Product</a></div>
<div class="product"><a href="https://www.amazon.com/dp/B0752CBW5T?tag=eloabder-20&linkCode=osi&th=1&psc=1"><img src="https://m.media-amazon.com/images/I/31-KMa7LAlS._SL500_.jpg" alt="Product Image"></a><p>L'Oreal Paris Elvive Total Repair 5 Repairing Conditioner for Damaged Hair Conditioner with Protein and Ceramide for Strong Silky Shiny Healthy Renewed Hair 28 Fl Oz</p><p>$8.49 ($0.30 / Fl Oz)</p><a href="https://www.amazon.com/dp/B0752CBW5T?tag=eloabder-20&linkCode=osi&th=1&psc=1">View Product</a></div><div class="product"><a href="https://www.amazon.com/dp/B07CLD17F5?tag=eloabder-20&linkCode=osi&th=1&psc=1"><img src="https://m.media-amazon.com/images/I/61hTHQjDOkL._SL500_.jpg" alt="Product Image"></a><p>Dove Ultra Care Conditioner Coconut & Hydration for Dry Hair Conditioner with Coconut Oil, Jojoba Oil & Sweet Almond Oil 25.4 oz</p><p>$7.49 ($0.29 / Fl Oz)</p><a href="https://www.amazon.com/dp/B07CLD17F5?tag=eloabder-20&linkCode=osi&th=1&psc=1">View Product</a></div><div class="product"><a href="https://www.amazon.com/dp/B0098QQ88U?tag=eloabder-20&linkCode=osi&th=1&psc=1"><img src="https://m.media-amazon.com/images/I/31kA4N9VngL._SL500_.jpg" alt="Product Image"></a><p>Moroccanoil Hydrating Conditioner, 8.5 Fl Oz</p><p>$26.00 ($3.10 / Fl Oz)</p><a href="https://www.amazon.com/dp/B0098QQ88U?tag=eloabder-20&linkCode=osi&th=1&psc=1">View Product</a></div><div class="product"><a href="https://www.amazon.com/dp/B07D37SBHF?tag=eloabder-20&linkCode=osi&th=1&psc=1"><img src="https://m.media-amazon.com/images/I/31ivDW-ouZL._SL500_.jpg" alt="Product Image"></a><p>Olaplex No. 5 Bond Maintenance Conditioner, Repairs, Strengthens, & Nourishes All Hair Types, Leaving Hair Feeling Soft & Adds Shine, 8.5 fl oz"</p><p>$30.00 ($3.53 / Fl Oz)</p><a href="https://www.amazon.com/dp/B07D37SBHF?tag=eloabder-20&linkCode=osi&th=1&psc=1">View Product</a></div><div class="product"><a href="https://www.amazon.com/dp/B07NR2B9HS?tag=eloabder-20&linkCode=osi&th=1&psc=1"><img src="https://m.media-amazon.com/images/I/51pWHfe9iNL._SL500_.jpg" alt="Product Image"></a><p>Aussie 3 Minute Miracle Moist Deep Conditioner for Dry Hair, Avocado & Jojoba Oil, Safe for Color Treated Hair, Nourishing Hydration, Silky Shine, Paraben-Free, 16 Fl Oz Each, Triple Pack</p><p>$20.97 ($0.44 / Fl Oz)</p><a href="https://www.amazon.com/dp/B07NR2B9HS?tag=eloabder-20&linkCode=osi&th=1&psc=1">View Product</a></div><div class="product"><a href="https://www.amazon.com/dp/B0891BBRHW?tag=eloabder-20&linkCode=osi&th=1&psc=1"><img src="https://m.media-amazon.com/images/I/31ndDwe7VSL._SL500_.jpg" alt="Product Image"></a><p>Pureology Hydrate Moisturizing Conditioner | Softens and Deeply Hydrates Dry Hair | For Medium to Thick Color Treated or Natural Hair | Sulfate Free Conditioner | Vegan</p><p>$37.00 ($4.11 / Fl Oz)</p><a href="https://www.amazon.com/dp/B0891BBRHW?tag=eloabder-20&linkCode=osi&th=1&psc=1">View Product</a></div><div class="product"><a href="https://www.amazon.com/dp/B00I32AN4K?tag=eloabder-20&linkCode=osi&th=1&psc=1"><img src="https://m.media-amazon.com/images/I/51KpmxinYYL._SL500_.jpg" alt="Product Image"></a><p>Arvazallia Hydrating Argan Oil Hair Mask and Deep Conditioner for Dry or Damaged Hair - 8.45 Oz</p><p>$12.95 ($1.53 / Fl Oz)</p><a href="https://www.amazon.com/dp/B00I32AN4K?tag=eloabder-20&linkCode=osi&th=1&psc=1">View Product</a></div><div class="product"><a href="https://www.amazon.com/dp/B092PVHFL3?tag=eloabder-20&linkCode=osi&th=1&psc=1"><img src="https://m.media-amazon.com/images/I/31v45qQhKOL._SL500_.jpg" alt="Product Image"></a><p>MONDAY HAIRCARE Moisture Conditioner 12oz for Dry, Coarse, Stressed, Coily and Curly Hair, Made from Coconut Oil, Rice Protein, Shea Butter, & Vitamin E, 100% Recyclable Bottles (350ml) (10434)</p><p>$6.97 ($0.58 / Fl Oz)</p><a href="https://www.amazon.com/dp/B092PVHFL3?tag=eloabder-20&linkCode=osi&th=1&psc=1">View Product</a></div><div class="product"><a href="https://www.amazon.com/dp/B00OVQO66S?tag=eloabder-20&linkCode=osi&th=1&psc=1"><img src="https://m.media-amazon.com/images/I/61S7x6GUaFL._SL500_.jpg" alt="Product Image"></a><p>SheaMoisture Conditioner Intensive Hydration for Dry, Damaged Hair Manuka Honey and Mafura Oil to Nourish and Soften Hair 13 oz</p><p>$9.68 ($0.74 / Fl Oz)</p><a href="https://www.amazon.com/dp/B00OVQO66S?tag=eloabder-20&linkCode=osi&th=1&psc=1">View Product</a></div><div class="product"><a href="https://www.amazon.com/dp/B08BTKN3P9?tag=eloabder-20&linkCode=osi&th=1&psc=1"><img src="https://m.media-amazon.com/images/I/41sjzOJHhiL._SL500_.jpg" alt="Product Image"></a><p>TRESemmé Conditioner Moisture Rich 3 Count for Dry Hair Professional Quality Salon-Healthy Look and Shine Moisture Rich Formulated with Vitamin E and Biotin 28 oz</p><p>$16.80 ($0.20 / Fl Oz)</p><a href="https://www.amazon.com/dp/B08BTKN3P9?tag=eloabder-20&linkCode=osi&th=1&psc=1">View Product</a></div>
<div class="product"><a href="https://www.amazon.com/dp/B01I2ZQJSG?tag=eloabder-20&linkCode=osi&th=1&psc=1"><img src="https://m.media-amazon.com/images/I/41ctrFUeQAL._SL500_.jpg" alt="Product Image"></a><p>Elizavecca cer-100 collagen coating hair protein treatment 100ml</p><p>$7.40 ($2.19 / Fl Oz)</p><a href="https://www.amazon.com/dp/B01I2ZQJSG?tag=eloabder-20&linkCode=osi&th=1&psc=1">View Product</a></div><div class="product"><a href="https://www.amazon.com/dp/B07H3GBSC3?tag=eloabder-20&linkCode=osi&th=1&psc=1"><img src="https://m.media-amazon.com/images/I/41I862UzKRL._SL500_.jpg" alt="Product Image"></a><p>amika soulfood nourishing Mask, 8 Fl oz</p><p>$34.00 ($4.25 / Fl Oz)</p><a href="https://www.amazon.com/dp/B07H3GBSC3?tag=eloabder-20&linkCode=osi&th=1&psc=1">View Product</a></div><div class="product"><a href="https://www.amazon.com/dp/B075L6BL61?tag=eloabder-20&linkCode=osi&th=1&psc=1"><img src="https://m.media-amazon.com/images/I/41zCFV7oGTL._SL500_.jpg" alt="Product Image"></a><p>Karseell Collagen Hair Treatment Deep Repair Conditioning Argan Oil Collagen Hair Mask Essence for Dry Damaged Hair All Hair Types 16.90 oz 500ml</p><p>$23.00 ($1.36 / Fl Oz)</p><a href="https://www.amazon.com/dp/B075L6BL61?tag=eloabder-20&linkCode=osi&th=1&psc=1">View Product</a></div><div class="product"><a href="https://www.amazon.com/dp/B07N7NBYSP?tag=eloabder-20&linkCode=osi&th=1&psc=1"><img src="https://m.media-amazon.com/images/I/515lD0OXQ+L._SL500_.jpg" alt="Product Image"></a><p>Mielle Organics Rosemary Mint Strengthening Hair Masque, Essential Oil & Biotin Deep Treatment, Miracle Repair for Dry, Damaged, & Frizzy Hair, 12 Ounces</p><p>$9.97 ($0.83 / Ounce)</p><a href="https://www.amazon.com/dp/B07N7NBYSP?tag=eloabder-20&linkCode=osi&th=1&psc=1">View Product</a></div><div class="product"><a href="https://www.amazon.com/dp/B0BQ54DQNM?tag=eloabder-20&linkCode=osi&th=1&psc=1"><img src="https://m.media-amazon.com/images/I/41uhtWPJeuL._SL500_.jpg" alt="Product Image"></a><p>Eva NYC Therapy Session Hair Mask, Deep Conditioning Hair Mask Infused with Argan Oil and Plant Protein, 16.9 fl oz</p><p>$19.00 ($1.12 / Fl Oz)</p><a href="https://www.amazon.com/dp/B0BQ54DQNM?tag=eloabder-20&linkCode=osi&th=1&psc=1">View Product</a></div><div class="product"><a href="https://www.amazon.com/dp/B09HR5KSR8?tag=eloabder-20&linkCode=osi&th=1&psc=1"><img src="https://m.media-amazon.com/images/I/51aIw6AhsXL._SL500_.jpg" alt="Product Image"></a><p>K18 Mini Leave-In Molecular Hair Mask, Repairs Dry or Damaged Hair, Reverse Hair Damage from Bleach, Color, Chemical Services & Heat, 0.51 Fl Oz</p><p>$29.00 ($56.86 / Fl Oz)</p><a href="https://www.amazon.com/dp/B09HR5KSR8?tag=eloabder-20&linkCode=osi&th=1&psc=1">View Product</a></div><div class="product"><a href="https://www.amazon.com/dp/B07M7PP9KX?tag=eloabder-20&linkCode=osi&th=1&psc=1"><img src="https://m.media-amazon.com/images/I/41Mpv3wIxEL._SL500_.jpg" alt="Product Image"></a><p>Marc Anthony Grow Long Hair Anti-Breakage Mask, 10.4 OZ</p><p>$8.99 ($0.90 / Fl Oz)</p><a href="https://www.amazon.com/dp/B07M7PP9KX?tag=eloabder-20&linkCode=osi&th=1&psc=1">View Product</a></div>
<div class="product"><a href="https://www.amazon.com/dp/B00BC3YL2W?tag=eloabder-20&linkCode=osi&th=1&psc=1"><img src="https://m.media-amazon.com/images/I/31OKo9u6V4L._SL500_.jpg" alt="Product Image"></a><p>HerStyler Hair Repair Serum - Argan Oil, Vitamin E and Aloe Vera Hair Serum for Frizz Control, Shine and Straightening - Coz Love is in the Hair - 2 Fl. Oz., 60 Ml</p><p>$9.99 ($5.00 / Fl Oz)</p><a href="https://www.amazon.com/dp/B00BC3YL2W?tag=eloabder-20&linkCode=osi&th=1&psc=1">View Product</a></div><div class="product"><a href="https://www.amazon.com/dp/B08N9L6C93?tag=eloabder-20&linkCode=osi&th=1&psc=1"><img src="https://m.media-amazon.com/images/I/3184fIylDmL._SL500_.jpg" alt="Product Image"></a><p>Paul Mitchell Super Skinny Serum, Speeds Up Drying Time, Humidity Resistant, For Frizzy Hair, 5.1 fl. oz.</p><p>$28.50 ($5.59 / Fl Oz)</p><a href="https://www.amazon.com/dp/B08N9L6C93?tag=eloabder-20&linkCode=osi&th=1&psc=1">View Product</a></div><div class="product"><a href="https://www.amazon.com/dp/B081JHTPKP?tag=eloabder-20&linkCode=osi&th=1&psc=1"><img src="https://m.media-amazon.com/images/I/31+F0Qz4RUL._SL500_.jpg" alt="Product Image"></a><p>Mise En Scene Perfect Serum Original - Hair Oil for Frizzy & Dry Hair, Hydration and Nutrition Hair Essence for Damage Care, Floral Fragrance, Korean Hair Care Product, Korean Hair Serum 2.71 Fl. Oz.</p><p>$11.20 ($4.15 / Fl Oz)</p><a href="https://www.amazon.com/dp/B081JHTPKP?tag=eloabder-20&linkCode=osi&th=1&psc=1">View Product</a></div><div class="product"><a href="https://www.amazon.com/dp/B09WMT8HYB?tag=eloabder-20&linkCode=osi&th=1&psc=1"><img src="https://m.media-amazon.com/images/I/31poyY3nFGL._SL500_.jpg" alt="Product Image"></a><p>Hair Growth Serum for Men and Women- Vegan Hair Growth Serum Designed for Thinning Hair & Hair Loss- 1 Month-60ml</p><p>$23.40 ($11.70 / Fl Oz)</p><a href="https://www.amazon.com/dp/B09WMT8HYB?tag=eloabder-20&linkCode=osi&th=1&psc=1">View Product</a></div><div class="product"><a href="https://www.amazon.com/dp/B0CJ7ZVDZR?tag=eloabder-20&linkCode=osi&th=1&psc=1"><img src="https://m.media-amazon.com/images/I/51bMtBk0LHL._SL500_.jpg" alt="Product Image"></a><p>MAREE Hair Styling Serum for Frizzy & Dry Hair - Keratin Styling & Moisturizing Oil Capsules with Avocado, Jojoba & Argan Oil - Leave-in Anti Frizz Conditioner with Vitamins A, C, E & B5-30 Capsules</p><p>$17.95 ($5.61 / Fl Oz)</p><a href="https://www.amazon.com/dp/B0CJ7ZVDZR?tag=eloabder-20&linkCode=osi&th=1&psc=1">View Product</a></div><div class="product"><a href="https://www.amazon.com/dp/B07GSZYLGJ?tag=eloabder-20&linkCode=osi&th=1&psc=1"><img src="https://m.media-amazon.com/images/I/41e6dzzvKtL._SL500_.jpg" alt="Product Image"></a><p>HUSSELL Bali Secret Hair Treatment Serum - no Rinse with Argan Macadamia & Avocado Oils - Vitamins A, E, Pro B5 - Conditioner for Women & Men</p><p>$24.75 ($0.62 / Fl Oz)</p><a href="https://www.amazon.com/dp/B07GSZYLGJ?tag=eloabder-20&linkCode=osi&th=1&psc=1">View Product</a></div><div class="product"><a href="https://www.amazon.com/dp/B000P9DS4Q?tag=eloabder-20&linkCode=osi&th=1&psc=1"><img src="https://m.media-amazon.com/images/I/31m7be8mSHL._SL500_.jpg" alt="Product Image"></a><p>John Frieda Anti Frizz, Frizz Ease Extra Strength Hair Serum with Argan Oil, Anti-Humidity Spray for Hair, Nourishing Treatment for Thick, Coarse Hair, 1.69 Oz</p><p>$10.05 ($5.95 / Fl Oz)</p><a href="https://www.amazon.com/dp/B000P9DS4Q?tag=eloabder-20&linkCode=osi&th=1&psc=1">View Product</a></div><div class="product"><a href="https://www.amazon.com/dp/B01456DJ66?tag=eloabder-20&linkCode=osi&th=1&psc=1"><img src="https://m.media-amazon.com/images/I/41hciQXaA0L._SL500_.jpg" alt="Product Image"></a><p>Vitamins Keratin Protein Hair Serum - Anti Frizz Control Hair Oil Repair Treatment - Hair Gloss Shine & Heat Protectant for Frizzy Dry Damaged Hair</p><p>$21.98 ($5.17 / Fl Oz)</p><a href="https://www.amazon.com/dp/B01456DJ66?tag=eloabder-20&linkCode=osi&th=1&psc=1">View Product</a></div>
<div class="product"><a href="https://www.amazon.com/dp/B07VR1NDSQ?tag=eloabder-20&linkCode=osi&th=1&psc=1"><img src="https://m.media-amazon.com/images/I/41z5MLqbvaL._SL500_.jpg" alt="Product Image"></a><p>Olaplex No. 7 Bonding Oil, Concentrated High Shine Oil, Heat Protectant, Visibly Smooths & Softens Hair, Added Color Vibrancy, Up to 72 Hour Frizz Control, For All Hair Types, 1 fl oz</p><p>$30.00 ($29.70 / Fl Oz)</p><a href="https://www.amazon.com/dp/B07VR1NDSQ?tag=eloabder-20&linkCode=osi&th=1&psc=1">View Product</a></div><div class="product"><a href="https://www.amazon.com/dp/B07N7PK9QK?tag=eloabder-20&linkCode=osi&th=1&psc=1"><img src="https://m.media-amazon.com/images/I/416K3ahcJsL._SL500_.jpg" alt="Product Image"></a><p>Mielle Organics Rosemary Mint Scalp & Hair Strengthening Oil for All Hair Types, 2 Ounce</p><p>$9.50 ($4.75 / Fl Oz)</p><a href="https://www.amazon.com/dp/B07N7PK9QK?tag=eloabder-20&linkCode=osi&th=1&psc=1">View Product</a></div><div class="product"><a href="https://www.amazon.com/dp/B0048EZNR4?tag=eloabder-20&linkCode=osi&th=1&psc=1"><img src="https://m.media-amazon.com/images/I/41TwEUHYLCL._SL500_.jpg" alt="Product Image"></a><p>OGX Renewing + Argan Oil of Morocco Penetrating Hair Oil Treatment, Moisturizing & Strengthening Silky Oil for All Hair Types, Paraben-Free, Sulfated-Surfactants Free, 3.3 fl oz</p><p>$7.97 ($2.42 / Fl Oz)</p><a href="https://www.amazon.com/dp/B0048EZNR4?tag=eloabder-20&linkCode=osi&th=1&psc=1">View Product</a></div><div class="product"><a href="https://www.amazon.com/dp/B01MFXDAL8?tag=eloabder-20&linkCode=osi&th=1&psc=1"><img src="https://m.media-amazon.com/images/I/314VC8Iug2L._SL500_.jpg" alt="Product Image"></a><p>OUAI Hair Oil - Hair Heat Protectant Oil for Frizz Control - Adds Hair Shine and Smooths Split Ends - Color Safe Formula - Paraben, Phthalate and Sulfate Free (1.5 oz)</p><p>$30.00 ($20.00 / Fl Oz)</p><a href="https://www.amazon.com/dp/B01MFXDAL8?tag=eloabder-20&linkCode=osi&th=1&psc=1">View Product</a></div><div class="product"><a href="https://www.amazon.com/dp/B005DYJZ7M?tag=eloabder-20&linkCode=osi&th=1&psc=1"><img src="https://m.media-amazon.com/images/I/51NE8LO8FaL._SL500_.jpg" alt="Product Image"></a><p>OGX Extra Strength Argan Oil Hair Treatment, 3.3 fl oz - Deep Moisturizing Serum for Dry, Damaged & Coarse Hair, Paraben & Sulfate-Free</p><p>$7.97 ($2.42 / Fl Oz)</p><a href="https://www.amazon.com/dp/B005DYJZ7M?tag=eloabder-20&linkCode=osi&th=1&psc=1">View Product</a></div><div class="product"><a href="https://www.amazon.com/dp/B000V8MTIC?tag=eloabder-20&linkCode=osi&th=1&psc=1"><img src="https://m.media-amazon.com/images/I/41Y-cvRBYHL._SL500_.jpg" alt="Product Image"></a><p>Wild Growth Hair Oil 4 Oz</p><p>$9.44 ($2.36 / Fl Oz)</p><a href="https://www.amazon.com/dp/B000V8MTIC?tag=eloabder-20&linkCode=osi&th=1&psc=1">View Product</a></div><div class="product"><a href="https://www.amazon.com/dp/B0CNFF26B4?tag=eloabder-20&linkCode=osi&th=1&psc=1"><img src="https://m.media-amazon.com/images/I/61IXl4BycFL._SL500_.jpg" alt="Product Image"></a><p>Nexxus Ultra Lightweight Hair Oil Repair & Nourish for Intense Nourishment with StyleProtect Technology & Rose of Jericho Oil 4 oz</p><p>$13.18 ($3.99 / Fl Oz)</p><a href="https://www.amazon.com/dp/B0CNFF26B4?tag=eloabder-20&linkCode=osi&th=1&psc=1">View Product</a></div><div class="product"><a href="https://www.amazon.com/dp/B0D2RSCZBD?tag=eloabder-20&linkCode=osi&th=1&psc=1"><img src="https://m.media-amazon.com/images/I/41YHvQncEYL._SL500_.jpg" alt="Product Image"></a><p>Botanic Hearth 100% Pure Rosemary Oil For Hair Growth Infused With Biotin | Hair strengthening Treatment | Nourishing & Volumizing | With Jojoba Oil & Castor Oil | Non GMO Verified | 2 fl oz</p><p>$8.49 ($4.24 / Fl Oz)</p><a href="https://www.amazon.com/dp/B0D2RSCZBD?tag=eloabder-20&linkCode=osi&th=1&psc=1">View Product</a></div>
<div class="product"><a href="https://www.amazon.com/dp/B076FHJ3K5?tag=eloabder-20&linkCode=osi&th=1&psc=1"><img src="https://m.media-amazon.com/images/I/31QAqxeYpoL._SL500_.jpg" alt="Product Image"></a><p>Marc Anthony Leave-In Conditioner Spray & Detangler, Grow Long Biotin - Anti-Frizz Deep Conditioner For Split Ends & Breakage - Vitamin E, Caffeine & Ginseng for Curly, Dry & Damaged Hair</p><p>$7.67 ($0.91 / Fl Oz)</p><a href="https://www.amazon.com/dp/B076FHJ3K5?tag=eloabder-20&linkCode=osi&th=1&psc=1">View Product</a></div><div class="product"><a href="https://www.amazon.com/dp/B078PJCVSQ?tag=eloabder-20&linkCode=osi&th=1&psc=1"><img src="https://m.media-amazon.com/images/I/41emTjMLCbL._SL500_.jpg" alt="Product Image"></a><p>Garnier Fructis Sleek & Shine Leave-In Conditioning Cream for Frizzy, Dry Hair, Plant Keratin + Argan Oil, 10.2 Fl Oz, 2 Count (Packaging May Vary)</p><p>$8.69 ($4.34 / Count)</p><a href="https://www.amazon.com/dp/B078PJCVSQ?tag=eloabder-20&linkCode=osi&th=1&psc=1">View Product</a></div><div class="product"><a href="https://www.amazon.com/dp/B075PTHVKN?tag=eloabder-20&linkCode=osi&th=1&psc=1"><img src="https://m.media-amazon.com/images/I/41er29CRVVL._SL500_.jpg" alt="Product Image"></a><p>Mielle Organics Pomegranate & Honey Leave-In Conditioner, Moisturizing Curl Primer and Detangler, Repair Damage and Prevent Frizz, Treatment For Thick Curly Hair Type 4 Hair, 12-Fluid Ounces</p><p>$12.95 ($1.08 / Fl Oz)</p><a href="https://www.amazon.com/dp/B075PTHVKN?tag=eloabder-20&linkCode=osi&th=1&psc=1">View Product</a></div><div class="product"><a href="https://www.amazon.com/dp/B0BPR45NX4?tag=eloabder-20&linkCode=osi&th=1&psc=1"><img src="https://m.media-amazon.com/images/I/41ZvxMh2+ML._SL500_.jpg" alt="Product Image"></a><p>Mielle Organics Rosemary Mint Strengthening Leave-In Conditioner, Supports Hair Strength, Smooth Conditioner for Dry and Crinkled Hair, Weightless Hair Treatment</p><p>$9.97 ($0.83 / Fl Oz)</p><a href="https://www.amazon.com/dp/B0BPR45NX4?tag=eloabder-20&linkCode=osi&th=1&psc=1">View Product</a></div><div class="product"><a href="https://www.amazon.com/dp/B0899C98ZD?tag=eloabder-20&linkCode=osi&th=1&psc=1"><img src="https://m.media-amazon.com/images/I/3140FuOEnHL._SL500_.jpg" alt="Product Image"></a><p>Pureology Color Fanatic Leave-in Conditioner Hair Treatment Detangler Spray | Protects Hair Color From Fading | Heat Protectant | Vegan | 6.7 Fl Oz</p><p>$35.00 ($5.22 / Fl Oz)</p><a href="https://www.amazon.com/dp/B0899C98ZD?tag=eloabder-20&linkCode=osi&th=1&psc=1">View Product</a></div><div class="product"><a href="https://www.amazon.com/dp/B002FJ11UW?tag=eloabder-20&linkCode=osi&th=1&psc=1"><img src="https://m.media-amazon.com/images/I/31-cZPtTWFL._SL500_.jpg" alt="Product Image"></a><p>Tea Tree Hair and Body Moisturizer Leave-In Conditioner, Body Lotion, After-Shave Cream, For All Hair + Skin Types, 10.14 fl. oz.</p><p>$22.00 ($2.17 / Fl Oz)</p><a href="https://www.amazon.com/dp/B002FJ11UW?tag=eloabder-20&linkCode=osi&th=1&psc=1">View Product</a></div><div class="product"><a href="https://www.amazon.com/dp/B07B895KND?tag=eloabder-20&linkCode=osi&th=1&psc=1"><img src="https://m.media-amazon.com/images/I/21VKaJcT2wL._SL500_.jpg" alt="Product Image"></a><p>OUAI Leave In Conditioner & Heat Protectant Spray - Prime Hair for Style, Smooth Flyaways, Add Shine and Use as Detangling Spray - No Parabens, Sulfates or Phthalates (4.7 oz)</p><p>$29.99 ($6.38 / Ounce)</p><a href="https://www.amazon.com/dp/B07B895KND?tag=eloabder-20&linkCode=osi&th=1&psc=1">View Product</a></div><div class="product"><a href="https://www.amazon.com/dp/B09HN5ZF8C?tag=eloabder-20&linkCode=osi&th=1&psc=1"><img src="https://m.media-amazon.com/images/I/31p+j7QXuqL._SL500_.jpg" alt="Product Image"></a><p>L’Oréal Paris Sulfate Free Moisture 21-in-1 Leave-In Conditioner for Dry Hair, EverPure, 6.8 fl oz (Packaging May Vary)</p><p>$9.97 ($1.47 / Fl Oz)</p><a href="https://www.amazon.com/dp/B09HN5ZF8C?tag=eloabder-20&linkCode=osi&th=1&psc=1">View Product</a></div><div class="product"><a href="https://www.amazon.com/dp/B07NQLWYXW?tag=eloabder-20&linkCode=osi&th=1&psc=1"><img src="https://m.media-amazon.com/images/I/61gQFsuQ1DL._SL500_.jpg" alt="Product Image"></a><p>SheaMoisture Jamaican Black Castor Oil Leave In Conditioner For Damaged Hair 100% Pure Jamaican Black Castor Oil To Soften And Detangle Hair 11.5oz</p><p>$10.97 ($0.95 / Ounce)</p><a href="https://www.amazon.com/dp/B07NQLWYXW?tag=eloabder-20&linkCode=osi&th=1&psc=1">View Product</a></div><div class="product"><a href="https://www.amazon.com/dp/B01LTIAUAG?tag=eloabder-20&linkCode=osi&th=1&psc=1"><img src="https://m.media-amazon.com/images/I/414cIBskUjL._SL500_.jpg" alt="Product Image"></a><p>Cantu Leave-In Conditioning Repair Cream with Argan Oil, 16 oz (Packaging May Vary)</p><p>$6.48 ($0.40 / Ounce)</p><a href="https://www.amazon.com/dp/B01LTIAUAG?tag=eloabder-20&linkCode=osi&th=1&psc=1">View Product</a></div>
<div class="product"><a href="https://www.amazon.com/dp/B00ID1A5TO?tag=eloabder-20&linkCode=osi&th=1&psc=1"><img src="https://m.media-amazon.com/images/I/31QKv7QMILL._SL500_.jpg" alt="Product Image"></a><p>L'Oréal Paris Advanced Hairstyle Sleek It Iron Straight Heat Spray, 5.7 Ounce</p><p>$6.97 ($1.22 / Fl Oz)</p><a href="https://www.amazon.com/dp/B00ID1A5TO?tag=eloabder-20&linkCode=osi&th=1&psc=1">View Product</a></div><div class="product"><a href="https://www.amazon.com/dp/B075FBD7CM?tag=eloabder-20&linkCode=osi&th=1&psc=1"><img src="https://m.media-amazon.com/images/I/31DT9mg1TBL._SL500_.jpg" alt="Product Image"></a><p>Moroccanoil Perfect Defense Heat Protectant, 6 Fl. Oz.</p><p>$30.00 ($5.00 / Ounce)</p><a href="https://www.amazon.com/dp/B075FBD7CM?tag=eloabder-20&linkCode=osi&th=1&psc=1">View Product</a></div><div class="product"><a href="https://www.amazon.com/dp/B004452DPM?tag=eloabder-20&linkCode=osi&th=1&psc=1"><img src="https://m.media-amazon.com/images/I/31+Syj8lOHL._SL500_.jpg" alt="Product Image"></a><p>CHI 44 Iron Guard Thermal Protection Spray, Nourishing Formula Helps Resist Heat Damage to Hair & Tame Frizz, 2 Oz</p><p>$6.99 ($3.50 / Fl Oz)</p><a href="https://www.amazon.com/dp/B004452DPM?tag=eloabder-20&linkCode=osi&th=1&psc=1">View Product</a></div><div class="product"><a href="https://www.amazon.com/dp/B0752KMDQB?tag=eloabder-20&linkCode=osi&th=1&psc=1"><img src="https://m.media-amazon.com/images/I/31kygOyDdnL._SL500_.jpg" alt="Product Image"></a><p>Mielle Mongongo Oil Thermal & Heat Protectant Spray, Protects Hair from Heat Damage, Intense Heat Defense, Curl Pattern Protection, Safe for All Hair Types, 4 Ounce</p><p>$9.97 ($2.49 / Fl Oz)</p><a href="https://www.amazon.com/dp/B0752KMDQB?tag=eloabder-20&linkCode=osi&th=1&psc=1">View Product</a></div><div class="product"><a href="https://www.amazon.com/dp/B06XFVBVQ5?tag=eloabder-20&linkCode=osi&th=1&psc=1"><img src="https://m.media-amazon.com/images/I/31kIW3-nG0L._SL500_.jpg" alt="Product Image"></a><p>Eva NYC Mane Magic 10-in-1 Primer, Heat Protectant for Hair, Infused with Sunflower Seed and Argan Oil for Hair, Sulfate, Paraben & Phthalate Free, 5.4 fl oz</p><p>$12.57 ($2.33 / Fl Oz)</p><a href="https://www.amazon.com/dp/B06XFVBVQ5?tag=eloabder-20&linkCode=osi&th=1&psc=1">View Product</a></div><div class="product"><a href="https://www.amazon.com/dp/B08HDS8GW1?tag=eloabder-20&linkCode=osi&th=1&psc=1"><img src="https://m.media-amazon.com/images/I/317MYEuzMbS._SL500_.jpg" alt="Product Image"></a><p>L'Oreal Paris Elvive Dream Lengths Heat Slayer Pre-Iron Spray Leave-In, 4.4 Ounce</p><p>$7.97 ($1.81 / Fl Oz)</p><a href="https://www.amazon.com/dp/B08HDS8GW1?tag=eloabder-20&linkCode=osi&th=1&psc=1">View Product</a></div><div class="product"><a href="https://www.amazon.com/dp/B0CX6M8B71?tag=eloabder-20&linkCode=osi&th=1&psc=1"><img src="https://m.media-amazon.com/images/I/21VMI5jkDHL._SL500_.jpg" alt="Product Image"></a><p>Hairitage Heat Protectant Spray - Up to 450 Degree Protection + Hydrates + Strengthens Hair - For All Hair Types</p><p>$8.94 ($1.49 / Fl Oz)</p><a href="https://www.amazon.com/dp/B0CX6M8B71?tag=eloabder-20&linkCode=osi&th=1&psc=1">View Product</a></div><div class="product"><a href="https://www.amazon.com/dp/B07H3GCMFG?tag=eloabder-20&linkCode=osi&th=1&psc=1"><img src="https://m.media-amazon.com/images/I/41OXeqapQaL._SL500_.jpg" alt="Product Image"></a><p>amika blockade heat defense serum , 1.69 Fl Oz (Pack of 1)</p><p>$28.00 ($16.47 / Ounce)</p><a href="https://www.amazon.com/dp/B07H3GCMFG?tag=eloabder-20&linkCode=osi&th=1&psc=1">View Product</a></div><div class="product"><a href="https://www.amazon.com/dp/B07HCMHVCW?tag=eloabder-20&linkCode=osi&th=1&psc=1"><img src="https://m.media-amazon.com/images/I/315xZEjPlJS._SL500_.jpg" alt="Product Image"></a><p>Drybar Hot Toddy Heat Protectant Mist Blanc Scent - Full Size| Lightweight Heat Protectant for Hair protects from Heat & Styling with Curling, Straightening and Styling Irons</p><p>$29.00 ($6.30 / Ounce)</p><a href="https://www.amazon.com/dp/B07HCMHVCW?tag=eloabder-20&linkCode=osi&th=1&psc=1">View Product</a></div><div class="product"><a href="https://www.amazon.com/dp/B0CN9N41R2?tag=eloabder-20&linkCode=osi&th=1&psc=1"><img src="https://m.media-amazon.com/images/I/61Y+AIRsnNL._SL500_.jpg" alt="Product Image"></a><p>Nexxus Heat Defense Spray Prep & Protect for 450 degree heat protection, with StyleProtect Technology 6 oz</p><p>$13.64 ($2.27 / Fl Oz)</p><a href="https://www.amazon.com/dp/B0CN9N41R2?tag=eloabder-20&linkCode=osi&th=1&psc=1">View Product</a></div>
<div class="product"><a href="https://www.amazon.com/dp/B000YACKO0?tag=eloabder-20&linkCode=osi&th=1&psc=1"><img src="https://m.media-amazon.com/images/I/21G1pDllGdL._SL500_.jpg" alt="Product Image"></a><p>Kenra Professional Volume Spray 25 50% | Super Hold Finishing & Styling Hairspray | Flake-free & Fast-drying | Wind & Humidity Resistance | All Hair Types | 10 oz</p><p>$22.00 ($2.20 / Ounce)</p><a href="https://www.amazon.com/dp/B000YACKO0?tag=eloabder-20&linkCode=osi&th=1&psc=1">View Product</a></div><div class="product"><a href="https://www.amazon.com/dp/B0010OKF7S?tag=eloabder-20&linkCode=osi&th=1&psc=1"><img src="https://m.media-amazon.com/images/I/21jbVg5zztL._SL500_.jpg" alt="Product Image"></a><p>Sebastian Professional Shaper 55%, Medium Hold Hairspray, 10.6 oz</p><p>$29.99 ($2.83 / Ounce)</p><a href="https://www.amazon.com/dp/B0010OKF7S?tag=eloabder-20&linkCode=osi&th=1&psc=1">View Product</a></div><div class="product"><a href="https://www.amazon.com/dp/B0CGRY5YJB?tag=eloabder-20&linkCode=osi&th=1&psc=1"><img src="https://m.media-amazon.com/images/I/61q0MszNOVL._SL500_.jpg" alt="Product Image"></a><p>TRESemmé Anti-Frizz Finishing Spray Keratin Smooth for a Flexible Hold, Weightless, 7 oz</p><p>$6.98 ($1.00 / Fl Oz)</p><a href="https://www.amazon.com/dp/B0CGRY5YJB?tag=eloabder-20&linkCode=osi&th=1&psc=1">View Product</a></div><div class="product"><a href="https://www.amazon.com/dp/B0872ZWJH2?tag=eloabder-20&linkCode=osi&th=1&psc=1"><img src="https://m.media-amazon.com/images/I/31O-aS4LJ+L._SL500_.jpg" alt="Product Image"></a><p>SexyHair Big Spray & Play Volumizing Hairspray, 10 Oz | Hold and Shine | Up to 72 Hour Humidity Resistance | All Hair Types</p><p>$21.94 ($2.19 / Ounce)</p><a href="https://www.amazon.com/dp/B0872ZWJH2?tag=eloabder-20&linkCode=osi&th=1&psc=1">View Product</a></div><div class="product"><a href="https://www.amazon.com/dp/B000GFWIOU?tag=eloabder-20&linkCode=osi&th=1&psc=1"><img src="https://m.media-amazon.com/images/I/31X7tgfzxQL._SL500_.jpg" alt="Product Image"></a><p>Nexxus Flexible Hold Hairspray Comb Thru for a Lightweight, Brushable Hold, with StyleProtect Technology 10 oz</p><p>$15.98 ($1.60 / Ounce)</p><a href="https://www.amazon.com/dp/B000GFWIOU?tag=eloabder-20&linkCode=osi&th=1&psc=1">View Product</a></div><div class="product"><a href="https://www.amazon.com/dp/B002RS6JSA?tag=eloabder-20&linkCode=osi&th=1&psc=1"><img src="https://m.media-amazon.com/images/I/31+Y7rEXSrL._SL500_.jpg" alt="Product Image"></a><p>CHI 44 Iron Guard Thermal Protection Spray, Nourishing Formula Helps Resist Heat Damage to Hair & Tame Frizz, Clear, 8 Oz</p><p>$13.99 ($1.75 / Fl Oz)</p><a href="https://www.amazon.com/dp/B002RS6JSA?tag=eloabder-20&linkCode=osi&th=1&psc=1">View Product</a></div>
<div class="product"><a href="https://www.amazon.com/dp/B08BTGSTB1?tag=eloabder-20&linkCode=osi&th=1&psc=1"><img src="https://m.media-amazon.com/images/I/41lgs8EMZoL._SL500_.jpg" alt="Product Image"></a><p>Dove Dry Shampoo Volume & Fullness 2 Count for Oily Hair for Refreshed Hair 5 oz</p><p>$13.98 ($1.40 / Ounce)</p><a href="https://www.amazon.com/dp/B08BTGSTB1?tag=eloabder-20&linkCode=osi&th=1&psc=1">View Product</a></div><div class="product"><a href="https://www.amazon.com/dp/B07H349CVV?tag=eloabder-20&linkCode=osi&th=1&psc=1"><img src="https://m.media-amazon.com/images/I/41NnJCW9t4L._SL500_.jpg" alt="Product Image"></a><p>amika Perk Up Dry Shampoo, 5.3 oz. (Pack of 1)</p><p>$28.00 ($5.28 / Ounce)</p><a href="https://www.amazon.com/dp/B07H349CVV?tag=eloabder-20&linkCode=osi&th=1&psc=1">View Product</a></div><div class="product"><a href="https://www.amazon.com/dp/B07KYXYFCH?tag=eloabder-20&linkCode=osi&th=1&psc=1"><img src="https://m.media-amazon.com/images/I/51XCqUPQ3kL._SL500_.jpg" alt="Product Image"></a><p>Batiste Dry Shampoo Original, Cherry, Blush, Tropical (4 pack) 6.73 oz</p><p>$18.40 ($0.68 / Fl Oz )</p><a href="https://www.amazon.com/dp/B07KYXYFCH?tag=eloabder-20&linkCode=osi&th=1&psc=1">View Product</a></div><div class="product"><a href="https://www.amazon.com/dp/B00VXO5RPK?tag=eloabder-20&linkCode=osi&th=1&psc=1"><img src="https://m.media-amazon.com/images/I/31PdfHcw8KL._SL500_.jpg" alt="Product Image"></a><p>Moroccanoil Dry Shampoo Light Tones, 5.4 Fl. Oz.</p><p>$26.00 ($3.77 / Fl Oz)</p><a href="https://www.amazon.com/dp/B00VXO5RPK?tag=eloabder-20&linkCode=osi&th=1&psc=1">View Product</a></div><div class="product"><a href="https://www.amazon.com/dp/B0CJMV7HLS?tag=eloabder-20&linkCode=osi&th=1&psc=1"><img src="https://m.media-amazon.com/images/I/31gMgsK04KL._SL500_.jpg" alt="Product Image"></a><p>Batiste Sweat Activated Dry Shampoo, Neutralizes Odor for Up to 24 Hours & Prevents Sweat Buildup in Hair, Waterless Shampoo, 3.81 Oz</p><p>$9.98 ($1.91 / Ounce)</p><a href="https://www.amazon.com/dp/B0CJMV7HLS?tag=eloabder-20&linkCode=osi&th=1&psc=1">View Product</a></div><div class="product"><a href="https://www.amazon.com/dp/B00GMP4ZN0?tag=eloabder-20&linkCode=osi&th=1&psc=1"><img src="https://m.media-amazon.com/images/I/51C9sFpjj0L._SL500_.jpg" alt="Product Image"></a><p>Batiste Shampoo Dry Fresh 6.73 Ounce (199ml) (3 Pack)</p><p>$14.21 ($0.74 / Fl Oz)</p><a href="https://www.amazon.com/dp/B00GMP4ZN0?tag=eloabder-20&linkCode=osi&th=1&psc=1">View Product</a></div><div class="product"><a href="https://www.amazon.com/dp/B008CYGSZC?tag=eloabder-20&linkCode=osi&th=1&psc=1"><img src="https://m.media-amazon.com/images/I/41FmX163QeL._SL500_.jpg" alt="Product Image"></a><p>Batiste 3 Piece Dry Shampoo Set, Original</p><p>$18.21 ($0.90 / Fl Oz)</p><a href="https://www.amazon.com/dp/B008CYGSZC?tag=eloabder-20&linkCode=osi&th=1&psc=1">View Product</a></div><div class="product"><a href="https://www.amazon.com/dp/B08NRH5DNR?tag=eloabder-20&linkCode=osi&th=1&psc=1"><img src="https://m.media-amazon.com/images/I/511UJeCVLLL._SL500_.jpg" alt="Product Image"></a><p>Batiste Dry Shampoo Spray 4 Pack Variety Mix, Original Clean And Classic, and Tropical Fragrance, 2 Each 6.73 oz.</p><p>$18.64 ($0.69 / Fl Oz)</p><a href="https://www.amazon.com/dp/B08NRH5DNR?tag=eloabder-20&linkCode=osi&th=1&psc=1">View Product</a></div><div class="product"><a href="https://www.amazon.com/dp/B01IAFCTT6?tag=eloabder-20&linkCode=osi&th=1&psc=1"><img src="https://m.media-amazon.com/images/I/51Rqh61NzHL._SL500_.jpg" alt="Product Image"></a><p>Batiste Dry Shampoo, Dark & Deep Brown 6.73 oz (Pack of 3)</p><p>$15.88 ($0.79 / Fl Oz)</p><a href="https://www.amazon.com/dp/B01IAFCTT6?tag=eloabder-20&linkCode=osi&th=1&psc=1">View Product</a></div>
<div class="product"><a href="https://www.amazon.com/dp/B000TG63EW?tag=eloabder-20&linkCode=osi&th=1&psc=1"><img src="https://m.media-amazon.com/images/I/41B2S4r1G9L._SL500_.jpg" alt="Product Image"></a><p>Lottabody Coconut Oil and Shea Wrap Me Foaming Curl Mousse , Creates Soft Wraps, Hair Mousse for Curly Hair, Defines Curls, Anti Frizz, 7 Fl Oz</p><p>$3.98 ($0.57 / Fl Oz)</p><a href="https://www.amazon.com/dp/B000TG63EW?tag=eloabder-20&linkCode=osi&th=1&psc=1">View Product</a></div><div class="product"><a href="https://www.amazon.com/dp/B00147QL8S?tag=eloabder-20&linkCode=osi&th=1&psc=1"><img src="https://m.media-amazon.com/images/I/31GMX6DGyRL._SL500_.jpg" alt="Product Image"></a><p>Kenra Professional Volume Mousse Extra 17 | Firm Hold Mousse | All Hair Types | 8 oz</p><p>$21.00 ($2.62 / Ounce)</p><a href="https://www.amazon.com/dp/B00147QL8S?tag=eloabder-20&linkCode=osi&th=1&psc=1">View Product</a></div><div class="product"><a href="https://www.amazon.com/dp/B07NQCBRK3?tag=eloabder-20&linkCode=osi&th=1&psc=1"><img src="https://m.media-amazon.com/images/I/61ITio7v1qL._SL500_.jpg" alt="Product Image"></a><p>SheaMoisture Curl Mousse Coconut and Hibiscus for Frizz Control Styling Mousse with Shea Butter 7.5 oz</p><p>$10.97 ($1.46 / Fl Oz)</p><a href="https://www.amazon.com/dp/B07NQCBRK3?tag=eloabder-20&linkCode=osi&th=1&psc=1">View Product</a></div><div class="product"><a href="https://www.amazon.com/dp/B0009OMNQQ?tag=eloabder-20&linkCode=osi&th=1&psc=1"><img src="https://m.media-amazon.com/images/I/21BMUFOie3L._SL500_.jpg" alt="Product Image"></a><p>Paul Mitchell Extra-Body Sculpting Foam, Thickens + Builds Body, For Fine Hair, 6.7 oz.</p><p>$16.50 ($2.46 / Fl Oz)</p><a href="https://www.amazon.com/dp/B0009OMNQQ?tag=eloabder-20&linkCode=osi&th=1&psc=1">View Product</a></div>
<div class="product"><a href="https://www.amazon.com/dp/B0050N4DLE?tag=eloabder-20&linkCode=osi&th=1&psc=1"><img src="https://m.media-amazon.com/images/I/31-lmMmL35L._SL500_.jpg" alt="Product Image"></a><p>Garnier Fructis Style Pure Clean Styling Gel 6.8 Fl Oz, 1 Count, (Packaging May Vary)</p><p>$4.49 ($0.66 / Fl Oz)</p><a href="https://www.amazon.com/dp/B0050N4DLE?tag=eloabder-20&linkCode=osi&th=1&psc=1">View Product</a></div><div class="product"><a href="https://www.amazon.com/dp/B0CGRY2LBD?tag=eloabder-20&linkCode=osi&th=1&psc=1"><img src="https://m.media-amazon.com/images/I/31LifKXZKyL._SL500_.jpg" alt="Product Image"></a><p>TRESemmé Hair Gel Ultra Hold No Crunch 24H Frizz Control Alcohol-Free 9 oz</p><p>$6.98 ($0.13 / Fl Oz)</p><a href="https://www.amazon.com/dp/B0CGRY2LBD?tag=eloabder-20&linkCode=osi&th=1&psc=1">View Product</a></div><div class="product"><a href="https://www.amazon.com/dp/B0058YD85W?tag=eloabder-20&linkCode=osi&th=1&psc=1"><img src="https://m.media-amazon.com/images/I/31JUO8eAnvL._SL500_.jpg" alt="Product Image"></a><p>Wetline Xtreme Pro-Expert Styling Gel 15.87 Ounce (450g) (Pack of 1)</p><p>$7.19 ($0.46 / Ounce)</p><a href="https://www.amazon.com/dp/B0058YD85W?tag=eloabder-20&linkCode=osi&th=1&psc=1">View Product</a></div><div class="product"><a href="https://www.amazon.com/dp/B000141PYK?tag=eloabder-20&linkCode=osi&th=1&psc=1"><img src="https://m.media-amazon.com/images/I/31yPG0NXNpL._SL500_.jpg" alt="Product Image"></a><p>Paul Mitchell Extra-Body Sculpting Gel, Thickens + Builds Body, For Fine Hair, 6.8 fl. oz.</p><p>$15.00 ($2.21 / Fl Oz)</p><a href="https://www.amazon.com/dp/B000141PYK?tag=eloabder-20&linkCode=osi&th=1&psc=1">View Product</a></div><div class="product"><a href="https://www.amazon.com/dp/B07K3NC8J9?tag=eloabder-20&linkCode=osi&th=1&psc=1"><img src="https://m.media-amazon.com/images/I/41Ycur-KxBL._SL500_.jpg" alt="Product Image"></a><p>Aussie Instant Freeze Sculpting Hair Gel, Maximum Hold, No Flaking, Long-Lasting, with Jojoba Oil, Sea Kelp, Australian Aloe, Frizz Control, Citrus Floral Scent, 7 Fl Oz Triple Pack</p><p>$14.91 ($0.71 / Ounce)</p><a href="https://www.amazon.com/dp/B07K3NC8J9?tag=eloabder-20&linkCode=osi&th=1&psc=1">View Product</a></div><div class="product"><a href="https://www.amazon.com/dp/B005JT5XLI?tag=eloabder-20&linkCode=osi&th=1&psc=1"><img src="https://m.media-amazon.com/images/I/51wQAASQf5L._SL500_.jpg" alt="Product Image"></a><p>L.A. LOOKS SPORT XTRME HLD GEL 20 OZ (Pack of 3)</p><p>$16.49 ($0.27 / Ounce)</p><a href="https://www.amazon.com/dp/B005JT5XLI?tag=eloabder-20&linkCode=osi&th=1&psc=1">View Product</a></div><div class="product"><a href="https://www.amazon.com/dp/B00G5LLLD8?tag=eloabder-20&linkCode=osi&th=1&psc=1"><img src="https://m.media-amazon.com/images/I/31sxB8opm8L._SL500_.jpg" alt="Product Image"></a><p>American Crew Men's Hair Gel, Firm Hold, Non-Flaking Styling Gel, 3.3 Fl Oz</p><p>$7.44 ($2.25 / Fl Oz)</p><a href="https://www.amazon.com/dp/B00G5LLLD8?tag=eloabder-20&linkCode=osi&th=1&psc=1">View Product</a></div><div class="product"><a href="https://www.amazon.com/dp/B005659H3U?tag=eloabder-20&linkCode=osi&th=1&psc=1"><img src="https://m.media-amazon.com/images/I/318nG1CHFEL._SL500_.jpg" alt="Product Image"></a><p>JOHNNY B. Mode Hair Styling Gel for Men, Alcohol-Free, Water Soluble 16 oz.</p><p>$21.00 ($1.31 / Ounce)</p><a href="https://www.amazon.com/dp/B005659H3U?tag=eloabder-20&linkCode=osi&th=1&psc=1">View Product</a></div><div class="product"><a href="https://www.amazon.com/dp/B09QRVMW6M?tag=eloabder-20&linkCode=osi&th=1&psc=1"><img src="https://m.media-amazon.com/images/I/41zHCW2h4eL._SL500_.jpg" alt="Product Image"></a><p>Got2B Ultra Glued Invincible Styling Gel 2 - 6 oz tubes + 1 Travel 1.25 oz tube</p><p>$14.99</p><a href="https://www.amazon.com/dp/B09QRVMW6M?tag=eloabder-20&linkCode=osi&th=1&psc=1">View Product</a></div>
<div class="product"><a href="https://www.amazon.com/dp/B0065JCV84?tag=eloabder-20&linkCode=osi&th=1&psc=1"><img src="https://m.media-amazon.com/images/I/41rZBkLMn0L._SL500_.jpg" alt="Product Image"></a><p>Suavecito Pomade Original For Men 4 oz, 1 Pack - Medium Shine Water Based Wax Like Flake Free Hair Gel - Easy To Wash Out - All Day Hold For All Hairstyles</p><p>$14.99 ($3.75 / Ounce)</p><a href="https://www.amazon.com/dp/B0065JCV84?tag=eloabder-20&linkCode=osi&th=1&psc=1">View Product</a></div><div class="product"><a href="https://www.amazon.com/dp/B017S3LX8O?tag=eloabder-20&linkCode=osi&th=1&psc=1"><img src="https://m.media-amazon.com/images/I/41h6iIXYOPL._SL500_.jpg" alt="Product Image"></a><p>Suavecito Pomade Firme (Strong) Hold 4 Oz, 1 Pack - Strong Hold Hair Pomade For Men - Medium Shine Water Based Flake Free Hair Gel - Easy To Wash Out - All Day Hold For All Hair Styles</p><p>$14.99 ($3.75 / Ounce)</p><a href="https://www.amazon.com/dp/B017S3LX8O?tag=eloabder-20&linkCode=osi&th=1&psc=1">View Product</a></div><div class="product"><a href="https://www.amazon.com/dp/B0BQCWB8V7?tag=eloabder-20&linkCode=osi&th=1&psc=1"><img src="https://m.media-amazon.com/images/I/4143k5192bL._SL500_.jpg" alt="Product Image"></a><p>American Crew Men's Hair Pomade, Like Hair Gel with Medium Hold & High Shine, Travel Size, 1.7 oz (Pack of 1)</p><p>$8.97 ($5.28 / Ounce)</p><a href="https://www.amazon.com/dp/B0BQCWB8V7?tag=eloabder-20&linkCode=osi&th=1&psc=1">View Product</a></div><div class="product"><a href="https://www.amazon.com/dp/B0795YQ8H6?tag=eloabder-20&linkCode=osi&th=1&psc=1"><img src="https://m.media-amazon.com/images/I/41vJ820SsTL._SL500_.jpg" alt="Product Image"></a><p>Redken Brews Cream Pomade For Men | Men's Hair Styling Pomade | Medium Hold | Natural, Smooth Finish With Low Shine | For All Men Hair Types | Water-Based Pomade | 3.4 Oz</p><p>$21.00 ($6.18 / Fl Oz)</p><a href="https://www.amazon.com/dp/B0795YQ8H6?tag=eloabder-20&linkCode=osi&th=1&psc=1">View Product</a></div><div class="product"><a href="https://www.amazon.com/dp/B06WGRLTCV?tag=eloabder-20&linkCode=osi&th=1&psc=1"><img src="https://m.media-amazon.com/images/I/41Vt6GFHvkL._SL500_.jpg" alt="Product Image"></a><p>Suavecito Pomade Matte (No Shine) Formula 4 oz, 1 Pack - Medium Hold Hair Pomade For Men - Matte Hair Paste For Natural Texture Hairstyles</p><p>$14.99 ($3.75 / Ounce)</p><a href="https://www.amazon.com/dp/B06WGRLTCV?tag=eloabder-20&linkCode=osi&th=1&psc=1">View Product</a></div><div class="product"><a href="https://www.amazon.com/dp/B000MIKEZQ?tag=eloabder-20&linkCode=osi&th=1&psc=1"><img src="https://m.media-amazon.com/images/I/31IDWF0mvVL._SL500_.jpg" alt="Product Image"></a><p>Baxter of California Clay Pomade Firm Hold / Matte Finish Hair Pomade for Men and Women, Perfect for Texturizing Straight or Wavy Hair - 2 Ounces</p><p>$23.00 ($11.50 / Ounce)</p><a href="https://www.amazon.com/dp/B000MIKEZQ?tag=eloabder-20&linkCode=osi&th=1&psc=1">View Product</a></div><div class="product"><a href="https://www.amazon.com/dp/B0BZT8JYSR?tag=eloabder-20&linkCode=osi&th=1&psc=1"><img src="https://m.media-amazon.com/images/I/41eu30KFgXL._SL500_.jpg" alt="Product Image"></a><p>Highland Glacial Hair Clay Pomade - Award winning hair styling clay for men and women made with 100% all natural and organic ingredients that promote hair and scalp health. Low shine, Medium Hold.</p><p>$28.00 ($13.33 / Ounce)</p><a href="https://www.amazon.com/dp/B0BZT8JYSR?tag=eloabder-20&linkCode=osi&th=1&psc=1">View Product</a></div><div class="product"><a href="https://www.amazon.com/dp/B07MG7LY8X?tag=eloabder-20&linkCode=osi&th=1&psc=1"><img src="https://m.media-amazon.com/images/I/41oMBXaZoNL._SL500_.jpg" alt="Product Image"></a><p>Firsthand Supply Clay Pomade - Clean & Non-toxic Hair Care Ingredients - Long Lasting & Easy to Restyle - 3oz (88ml)</p><p>$28.00 ($9.33 / Ounce)</p><a href="https://www.amazon.com/dp/B07MG7LY8X?tag=eloabder-20&linkCode=osi&th=1&psc=1">View Product</a></div><div class="product"><a href="https://www.amazon.com/dp/B0BQCT5HZ1?tag=eloabder-20&linkCode=osi&th=1&psc=1"><img src="https://m.media-amazon.com/images/I/51k0sUjeq-L._SL500_.jpg" alt="Product Image"></a><p>American Crew Men's Hair Pomade, Like Hair Gel with Heavy Hold & High Shine, 3 Oz (Pack of 1)</p><p>$13.69 ($4.56 / Ounce)</p><a href="https://www.amazon.com/dp/B0BQCT5HZ1?tag=eloabder-20&linkCode=osi&th=1&psc=1">View Product</a></div>
<div class="product"><a href="https://www.amazon.com/dp/B0914XZT2W?tag=eloabder-20&linkCode=osi&th=1&psc=1"><img src="https://m.media-amazon.com/images/I/417h8kM6cCL._SL500_.jpg" alt="Product Image"></a><p>Samnyte Hair Wax Stick, Wax Stick for Hair Slick Stick, Hair Wax Stick for Women Kids, Hair Gel Stick for Girls Hair Accessories for Women Fly away Hair Tamer, Hair Bun Maker for Kids Styling Cream</p><p>$7.99 ($2.96 / Fl Oz)</p><a href="https://www.amazon.com/dp/B0914XZT2W?tag=eloabder-20&linkCode=osi&th=1&psc=1">View Product</a></div><div class="product"><a href="https://www.amazon.com/dp/B000141L58?tag=eloabder-20&linkCode=osi&th=1&psc=1"><img src="https://m.media-amazon.com/images/I/41K0c7+UtZL._SL500_.jpg" alt="Product Image"></a><p>TIGI Bed Head Hair Wax Stick for a Soft, Pliable Hold, Hair Care Slick Back Stick Styling Product with Beeswax & Japan Wax, 2.57 oz</p><p>$13.89</p><a href="https://www.amazon.com/dp/B000141L58?tag=eloabder-20&linkCode=osi&th=1&psc=1">View Product</a></div><div class="product"><a href="https://www.amazon.com/dp/B09TVZNDZ1?tag=eloabder-20&linkCode=osi&th=1&psc=1"><img src="https://m.media-amazon.com/images/I/41-wn1VQ3RL._SL500_.jpg" alt="Product Image"></a><p>Hair Wax Stick, Wax Stick for Hair, Slick Stick for Hair Non-greasy Styling Hair Pomade Stick, Strong Hold Makes Hair Look Neat and Tidy</p><p>$5.29</p><a href="https://www.amazon.com/dp/B09TVZNDZ1?tag=eloabder-20&linkCode=osi&th=1&psc=1">View Product</a></div><div class="product"><a href="https://www.amazon.com/dp/B0D4QSY3YK?tag=eloabder-20&linkCode=osi&th=1&psc=1"><img src="https://m.media-amazon.com/images/I/41THsFDrX-L._SL500_.jpg" alt="Product Image"></a><p>Pomade For Men, All Day Hold Matte Hair Wax, Matte Finish-Flake-Free-Non-Greasy Hair Styling Products, Hair Paste For All Hair Types (2 Oz)</p><p>$7.99 ($4.00 / Ounce)</p><a href="https://www.amazon.com/dp/B0D4QSY3YK?tag=eloabder-20&linkCode=osi&th=1&psc=1">View Product</a></div><div class="product"><a href="https://www.amazon.com/dp/B003F665GO?tag=eloabder-20&linkCode=osi&th=1&psc=1"><img src="https://m.media-amazon.com/images/I/41AwQKeoFXL._SL500_.jpg" alt="Product Image"></a><p>TRENDSTARTER - MATTE WAX (4oz) - Firm Hold - Matte Finish - Premium Water Based All-Day Hold Hair Styling Pomade – Flake-Free Styling Wax for All Hair Types</p><p>$14.99 ($3.75 / Ounce)</p><a href="https://www.amazon.com/dp/B003F665GO?tag=eloabder-20&linkCode=osi&th=1&psc=1">View Product</a></div><div class="product"><a href="https://www.amazon.com/dp/B098WYJ4M1?tag=eloabder-20&linkCode=osi&th=1&psc=1"><img src="https://m.media-amazon.com/images/I/41CvRhPKxTL._SL500_.jpg" alt="Product Image"></a><p>AnWoor Hair Wax Stick, Wax Stick for Hair Flyaways Kids & Women Hair Accessories for Women Girls Hair Bun Maker for Kids Hair Slick Stick Baby Hair Gel Stick Kids Hair Products Hair Smoothing Stick</p><p>$5.99 ($2.22 / Ounce)</p><a href="https://www.amazon.com/dp/B098WYJ4M1?tag=eloabder-20&linkCode=osi&th=1&psc=1">View Product</a></div><div class="product"><a href="https://www.amazon.com/dp/B0017K8HJS?tag=eloabder-20&linkCode=osi&th=1&psc=1"><img src="https://m.media-amazon.com/images/I/31cCNNG2BlL._SL500_.jpg" alt="Product Image"></a><p>KeraCare Hair Wax Stick - 2.6 ounce - Castor Seed Oil - for Flyaways and Frizz - For All Hair Types - Slicked Back looks, Spikes, Braids, Twists, Tames Flyaways and Frizz, Wigs</p><p>$8.95 ($3.44 / Ounce)</p><a href="https://www.amazon.com/dp/B0017K8HJS?tag=eloabder-20&linkCode=osi&th=1&psc=1">View Product</a></div><div class="product"><a href="https://www.amazon.com/dp/B0B64QZSBV?tag=eloabder-20&linkCode=osi&th=1&psc=1"><img src="https://m.media-amazon.com/images/I/31oTfmZxk6L._SL500_.jpg" alt="Product Image"></a><p>Redken Spray Wax Invisible Texture Mist | For All Hair Types | High Impact Finishing Spray-Wax | Adds Volumizing Body & Dimension With A Satin-Matte Finish | Medium Control | 5.5 Oz</p><p>$24.00 ($4.36 / Ounce)</p><a href="https://www.amazon.com/dp/B0B64QZSBV?tag=eloabder-20&linkCode=osi&th=1&psc=1">View Product</a></div><div class="product"><a href="https://www.amazon.com/dp/B07KB39L6L?tag=eloabder-20&linkCode=osi&th=1&psc=1"><img src="https://m.media-amazon.com/images/I/51U76BCUc5L._SL500_.jpg" alt="Product Image"></a><p>Hair Dough Styling Clay For Men, Matte Finish Molding Hair Wax Paste Quiff, Strong Hold Without The Shine</p><p>$18.99 ($5.43 / Ounce)</p><a href="https://www.amazon.com/dp/B07KB39L6L?tag=eloabder-20&linkCode=osi&th=1&psc=1">View Product</a></div><div class="product"><a href="https://www.amazon.com/dp/B0CNF6J67K?tag=eloabder-20&linkCode=osi&th=1&psc=1"><img src="https://m.media-amazon.com/images/I/61QPYTHFPTL._SL500_.jpg" alt="Product Image"></a><p>Nexxus Strong Hold Hair Wax Slick Stick for Slicked-Back Look with StyleProtect Technology 2.33 oz</p><p>$15.68 ($6.73 / Ounce)</p><a href="https://www.amazon.com/dp/B0CNF6J67K?tag=eloabder-20&linkCode=osi&th=1&psc=1">View Product</a></div>

<div class="product"><a href="https://www.amazon.com/dp/B08GSTPT8Y?tag=eloabder-20&linkCode=osi&th=1&psc=1"><img src="https://m.media-amazon.com/images/I/41sX+hKcbML._SL500_.jpg" alt="Product Image"></a><p>AOA Studio Collection makeup Sponge Set Latex Free and High-definition Set of 6 makeup Wonder blender For Powder Cream and Liquid, Super Soft Wonder Beauty Cosmetic</p><p>$9.95 ($1.66 / Count)</p><a href="https://www.amazon.com/dp/B08GSTPT8Y?tag=eloabder-20&linkCode=osi&th=1&psc=1">View Product</a></div><div class="product"><a href="https://www.amazon.com/dp/B0CJFFR574?tag=eloabder-20&linkCode=osi&th=1&psc=1"><img src="https://m.media-amazon.com/images/I/41nkQ05yLcL._SL500_.jpg" alt="Product Image"></a><p>SUNGBOON EDITOR Deep Collagen Overnight Mask 37gx4ea | The real collagen 2,160,000ppb | Facial Hydrogel Masks with low molecular weight collagen for elasticity, firming, and moisturizing</p><p>$19.00 ($4.75 / Count)</p><a href="https://www.amazon.com/dp/B0CJFFR574?tag=eloabder-20&linkCode=osi&th=1&psc=1">View Product</a></div><div class="product"><a href="https://www.amazon.com/dp/B0C4H1GPG1?tag=eloabder-20&linkCode=osi&th=1&psc=1"><img src="https://m.media-amazon.com/images/I/41jyzyKyY2L._SL500_.jpg" alt="Product Image"></a><p>BEAKEY Latex Free Blender Makeup Sponge for Blending, Pink Makeup Sponge Set, Soft Beauty Sponge, for Flawless Application of Liquid, Cream, and Powder Cosmetics, Pink Makeup Gifts</p><p>$6.99 ($1.40 / Count)</p><a href="https://www.amazon.com/dp/B0C4H1GPG1?tag=eloabder-20&linkCode=osi&th=1&psc=1">View Product</a></div><div class="product"><a href="https://www.amazon.com/dp/B0B45LL4DD?tag=eloabder-20&linkCode=osi&th=1&psc=1"><img src="https://m.media-amazon.com/images/I/31ZNIWikbtL._SL500_.jpg" alt="Product Image"></a><p>Beauty of Joseon Revive Eye Serum with Retinal Niacinamide Correction for Puffy Eye Bags Fine Lines Dark Circles Wrinkles, Korean Skin Care 30ml, 1 fl.oz</p><p>$14.93 ($14.93 / Fl Oz)</p><a href="https://www.amazon.com/dp/B0B45LL4DD?tag=eloabder-20&linkCode=osi&th=1&psc=1">View Product</a></div><div class="product"><a href="https://www.amazon.com/dp/B00PBX3L7K?tag=eloabder-20&linkCode=osi&th=1&psc=1"><img src="https://m.media-amazon.com/images/I/31OiAm-FA8L._SL500_.jpg" alt="Product Image"></a><p>COSRX Snail Mucin 96% Power Repairing Essence 3.38 fl.oz 100ml, Hydrating Serum for Face with Snail Secretion Filtrate for Dull Skin & Fine Lines, Korean Skincare</p><p>$14.50 ($4.29 / Fl Oz)</p><a href="https://www.amazon.com/dp/B00PBX3L7K?tag=eloabder-20&linkCode=osi&th=1&psc=1">View Product</a></div><div class="product"><a href="https://www.amazon.com/dp/B00QPNVC0I?tag=eloabder-20&linkCode=osi&th=1&psc=1"><img src="https://m.media-amazon.com/images/I/31wV3gYUEpL._SL500_.jpg" alt="Product Image"></a><p>Real Techniques Miracle Complexion Sponge Set Duo, 2 Makeup Sponges For Liquid & Cream Makeup, Makeup Blender Sponge For Buildable Coverage, Foundation Sponge For Natural, Dewy Base, Latex-Free Foam</p><p>$7.69 ($3.84 / Count)</p><a href="https://www.amazon.com/dp/B00QPNVC0I?tag=eloabder-20&linkCode=osi&th=1&psc=1">View Product</a></div><div class="product"><a href="https://www.amazon.com/dp/B0CZYJYX4Q?tag=eloabder-20&linkCode=osi&th=1&psc=1"><img src="https://m.media-amazon.com/images/I/31hNatkE-9L._SL500_.jpg" alt="Product Image"></a><p>LANEIGE Lip Glowy Balm Mango: Hydrate, Glossy, Lightweight, Moisturize & Tint with Shea Butter</p><p>$19.00 ($54.29 / Ounce)</p><a href="https://www.amazon.com/dp/B0CZYJYX4Q?tag=eloabder-20&linkCode=osi&th=1&psc=1">View Product</a></div><div class="product"><a href="https://www.amazon.com/dp/B0CXQR14J3?tag=eloabder-20&linkCode=osi&th=1&psc=1"><img src="https://m.media-amazon.com/images/I/31RRaB6c+JL._SL500_.jpg" alt="Product Image"></a><p>e.l.f. Power Grip Dewy Setting Spray, Ultra Fine Mist Made With Hyaluronic Acid, Grips Makeup For A Hydrated, Dewy Finish, Vegan & Cruelty-Free</p><p>$10.00 ($3.70 / Fl Oz)</p><a href="https://www.amazon.com/dp/B0CXQR14J3?tag=eloabder-20&linkCode=osi&th=1&psc=1">View Product</a></div><div class="product"><a href="https://www.amazon.com/dp/B0CZF2T7CK?tag=eloabder-20&linkCode=osi&th=1&psc=1"><img src="https://m.media-amazon.com/images/I/41nBLpIw8wL._SL500_.jpg" alt="Product Image"></a><p>L'Oreal Paris Infallible 3-Second Setting Spray Mist, Microfine Mist for up to 36HR Wear, Clear, 1.76 Fl Oz</p><p>$10.98</p><a href="https://www.amazon.com/dp/B0CZF2T7CK?tag=eloabder-20&linkCode=osi&th=1&psc=1">View Product</a></div>
<div class="product"><a href="https://www.amazon.com/dp/B0D3JDYWZ6?tag=eloabder-20&linkCode=osi&th=1&psc=1"><img src="https://m.media-amazon.com/images/I/41c+v1LLXzL._SL500_.jpg" alt="Product Image"></a><p>e.l.f. Soft Glam Foundation, Medium Coverage, Long-Lasting & Buildable Foundation For A Smooth, Satin Finish, Vegan & Cruelty-Free, 31 Medium Neutral</p><p>$7.99</p><a href="https://www.amazon.com/dp/B0D3JDYWZ6?tag=eloabder-20&linkCode=osi&th=1&psc=1">View Product</a></div><div class="product"><a href="https://www.amazon.com/dp/B00PFCSURS?tag=eloabder-20&linkCode=osi&th=1&psc=1"><img src="https://m.media-amazon.com/images/I/41v54YdLHSL._SL500_.jpg" alt="Product Image"></a><p>Maybelline Fit Me Matte + Poreless Liquid Oil-Free Foundation Makeup, Natural Beige, 1 Count (Packaging May Vary)</p><p>$9.99</p><a href="https://www.amazon.com/dp/B00PFCSURS?tag=eloabder-20&linkCode=osi&th=1&psc=1">View Product</a></div><div class="product"><a href="https://www.amazon.com/dp/B07DFK238H?tag=eloabder-20&linkCode=osi&th=1&psc=1"><img src="https://m.media-amazon.com/images/I/31mAhNJ+4hL._SL500_.jpg" alt="Product Image"></a><p>e.l.f. Flawless Finish Foundation, Lightweight & Medium Coverage, Semi-Matte Finish, Light Ivory, 0.68 Fl Oz (20mL)</p><p>$6.00</p><a href="https://www.amazon.com/dp/B07DFK238H?tag=eloabder-20&linkCode=osi&th=1&psc=1">View Product</a></div><div class="product"><a href="https://www.amazon.com/dp/B01ACPW1SG?tag=eloabder-20&linkCode=osi&th=1&psc=1"><img src="https://m.media-amazon.com/images/I/41aIRzbHxNL._SL500_.jpg" alt="Product Image"></a><p>CoverGirl & Olay Simply Ageless 3-in-1 Liquid Foundation, Matte Finish, Hyaluronic & Vitamin C Formula, Cruelty Free, Classic Ivory, 1 Count</p><p>$10.49</p><a href="https://www.amazon.com/dp/B01ACPW1SG?tag=eloabder-20&linkCode=osi&th=1&psc=1">View Product</a></div><div class="product"><a href="https://www.amazon.com/dp/B000IEMGGE?tag=eloabder-20&linkCode=osi&th=1&psc=1"><img src="https://m.media-amazon.com/images/I/41RtSkNmHSL._SL500_.jpg" alt="Product Image"></a><p>LAURA GELLER NEW YORK Award-Winning Baked Balance-n-Brighten Color Correcting Powder Foundation - Fair - Buildable Light to Medium Coverage - Demi-Matte Natural Finish</p><p>$22.13</p><a href="https://www.amazon.com/dp/B000IEMGGE?tag=eloabder-20&linkCode=osi&th=1&psc=1">View Product</a></div><div class="product"><a href="https://www.amazon.com/dp/B0BCH5WVW6?tag=eloabder-20&linkCode=osi&th=1&psc=1"><img src="https://m.media-amazon.com/images/I/31wajekqpGL._SL500_.jpg" alt="Product Image"></a><p>L'Oreal Paris True Match Super-Blendable Foundation, Medium Coverage Liquid Foundation Makeup, N4, Light Medium, 1 Fl Oz</p><p>$9.97</p><a href="https://www.amazon.com/dp/B0BCH5WVW6?tag=eloabder-20&linkCode=osi&th=1&psc=1">View Product</a></div><div class="product"><a href="https://www.amazon.com/dp/B07MWSP8SG?tag=eloabder-20&linkCode=osi&th=1&psc=1"><img src="https://m.media-amazon.com/images/I/31B37fmqI7L._SL500_.jpg" alt="Product Image"></a><p>e.l.f. Flawless Finish Foundation, Improves Uneven Skin Tone, Lightweight, Medium Coverage & Semi-Matte, Vegan & Cruelty-Free, Beige 0.67 Fl Oz</p><p>$6.00</p><a href="https://www.amazon.com/dp/B07MWSP8SG?tag=eloabder-20&linkCode=osi&th=1&psc=1">View Product</a></div><div class="product"><a href="https://www.amazon.com/dp/B091D8BXSQ?tag=eloabder-20&linkCode=osi&th=1&psc=1"><img src="https://m.media-amazon.com/images/I/31ktknDTqTL._SL500_.jpg" alt="Product Image"></a><p>L'Oreal Paris True Match Nude Hyaluronic Tinted Serum Foundation with 1% Hyaluronic acid, Light 2-3, 1 fl. oz.</p><p>$15.18</p><a href="https://www.amazon.com/dp/B091D8BXSQ?tag=eloabder-20&linkCode=osi&th=1&psc=1">View Product</a></div><div class="product"><a href="https://www.amazon.com/dp/B07Z9WBHXK?tag=eloabder-20&linkCode=osi&th=1&psc=1"><img src="https://m.media-amazon.com/images/I/31c2z97BuBL._SL500_.jpg" alt="Product Image"></a><p>L'Oreal Paris Age Perfect Radiant Serum Foundation with SPF 50, Ivory, 1 fl. oz.</p><p>$14.17</p><a href="https://www.amazon.com/dp/B07Z9WBHXK?tag=eloabder-20&linkCode=osi&th=1&psc=1">View Product</a></div><div class="product"><a href="https://www.amazon.com/dp/B09LCGN136?tag=eloabder-20&linkCode=osi&th=1&psc=1"><img src="https://m.media-amazon.com/images/I/4107EiwloYL._SL500_.jpg" alt="Product Image"></a><p>TIRTIR Mask Fit Red Cushion Foundation | Japan's No.1 Choice for Glass skin, Long-Lasting, Lightweight, Buildable Coverage, Semi-Matte (17C Porcelain, 0.63 Fl Oz (Pack of 1))</p><p>$25.00 ($39.68 / Fl Oz)</p><a href="https://www.amazon.com/dp/B09LCGN136?tag=eloabder-20&linkCode=osi&th=1&psc=1">View Product</a></div>
<div class="product"><a href="https://www.amazon.com/dp/B07Q9V4KMJ?tag=eloabder-20&linkCode=osi&th=1&psc=1"><img src="https://m.media-amazon.com/images/I/31pro1JWTCL._SL500_.jpg" alt="Product Image"></a><p>Maybelline Instant Age Rewind Eraser Dark Circles Treatment Multi-Use Concealer, 115, 1 Count (Packaging May Vary)</p><p>$8.42</p><a href="https://www.amazon.com/dp/B07Q9V4KMJ?tag=eloabder-20&linkCode=osi&th=1&psc=1">View Product</a></div><div class="product"><a href="https://www.amazon.com/dp/B07ZR14WBZ?tag=eloabder-20&linkCode=osi&th=1&psc=1"><img src="https://m.media-amazon.com/images/I/313ljymBVaL._SL500_.jpg" alt="Product Image"></a><p>e.l.f. Hydrating Camo Concealer, Lightweight, Full Coverage, Long Lasting, Conceals, Corrects, Covers, Hydrates, Highlights, Light Sand, Satin Finish, 25 Shades, All-Day Wear, 0.20 Fl Oz</p><p>$7.00</p><a href="https://www.amazon.com/dp/B07ZR14WBZ?tag=eloabder-20&linkCode=osi&th=1&psc=1">View Product</a></div><div class="product"><a href="https://www.amazon.com/dp/B0046VJV36?tag=eloabder-20&linkCode=osi&th=1&psc=1"><img src="https://m.media-amazon.com/images/I/31-ZFCLgLcL._SL500_.jpg" alt="Product Image"></a><p>Maybelline New York Fit Me Liquid Concealer Makeup, Natural Coverage, Lightweight, Conceals, Covers Oil-Free, Fair, 1 Count (Packaging May Vary)</p><p>$6.31</p><a href="https://www.amazon.com/dp/B0046VJV36?tag=eloabder-20&linkCode=osi&th=1&psc=1">View Product</a></div><div class="product"><a href="https://www.amazon.com/dp/B07ZR1CQHS?tag=eloabder-20&linkCode=osi&th=1&psc=1"><img src="https://m.media-amazon.com/images/I/31s0zWRX+4L._SL500_.jpg" alt="Product Image"></a><p>e.l.f. 16HR Camo Concealer, Full Coverage, Highly Pigmented Concealer With Matte Finish, Crease-proof, Vegan & Cruelty-Free, Light Ivory, 0.203 Fl Oz</p><p>$7.00</p><a href="https://www.amazon.com/dp/B07ZR1CQHS?tag=eloabder-20&linkCode=osi&th=1&psc=1">View Product</a></div><div class="product"><a href="https://www.amazon.com/dp/B0814SLHQH?tag=eloabder-20&linkCode=osi&th=1&psc=1"><img src="https://m.media-amazon.com/images/I/312GW4aGnRL._SL500_.jpg" alt="Product Image"></a><p>Neutrogena Healthy Skin Radiant Brightening Cream Concealer with Peptides & Vitamin E Antioxidant,Lightweight Perfecting Concealer,Non-Comedogenic,Bisque Light/Medium 02 neutral undertones,0.24 oz</p><p>$5.62</p><a href="https://www.amazon.com/dp/B0814SLHQH?tag=eloabder-20&linkCode=osi&th=1&psc=1">View Product</a></div><div class="product"><a href="https://www.amazon.com/dp/B007MJKHPA?tag=eloabder-20&linkCode=osi&th=1&psc=1"><img src="https://m.media-amazon.com/images/I/31ljSDY5P1L._SL500_.jpg" alt="Product Image"></a><p>L.A. Girl Pro Conceal HD Concealer, Creamy Beige, 0.28 Ounce</p><p>$4.97 ($17.75 / Ounce)</p><a href="https://www.amazon.com/dp/B007MJKHPA?tag=eloabder-20&linkCode=osi&th=1&psc=1">View Product</a></div><div class="product"><a href="https://www.amazon.com/dp/B09HNMRQN2?tag=eloabder-20&linkCode=osi&th=1&psc=1"><img src="https://m.media-amazon.com/images/I/31vIe0FIEML._SL500_.jpg" alt="Product Image"></a><p>NYX PROFESSIONAL MAKEUP Bare With Me Concealer Serum, Up To 24Hr Hydration - Vanilla</p><p>$9.00</p><a href="https://www.amazon.com/dp/B09HNMRQN2?tag=eloabder-20&linkCode=osi&th=1&psc=1">View Product</a></div><div class="product"><a href="https://www.amazon.com/dp/B06XQWS1N9?tag=eloabder-20&linkCode=osi&th=1&psc=1"><img src="https://m.media-amazon.com/images/I/31rKumTg1GL._SL500_.jpg" alt="Product Image"></a><p>COVERGIRL Smoothers Concealer, Medium 715, 0.14 ounce (packaging may vary)</p><p>$7.28</p><a href="https://www.amazon.com/dp/B06XQWS1N9?tag=eloabder-20&linkCode=osi&th=1&psc=1">View Product</a></div><div class="product"><a href="https://www.amazon.com/dp/B07H67H5LH?tag=eloabder-20&linkCode=osi&th=1&psc=1"><img src="https://m.media-amazon.com/images/I/31bWoYCj-nL._SL500_.jpg" alt="Product Image"></a><p>L'Oreal Paris Makeup Infallible Full Wear Waterproof Matte Concealer, Full Coverage, Ivory, 0.33 fl. oz.</p><p>$11.45</p><a href="https://www.amazon.com/dp/B07H67H5LH?tag=eloabder-20&linkCode=osi&th=1&psc=1">View Product</a></div><div class="product"><a href="https://www.amazon.com/dp/B0B51NLJWQ?tag=eloabder-20&linkCode=osi&th=1&psc=1"><img src="https://m.media-amazon.com/images/I/31GXqccxM0L._SL500_.jpg" alt="Product Image"></a><p>Fièra Luxury Concealer with Anti-Aging - All Day Coverage for Dark Circles, Fine Lines, Wrinkles & Spots - Neutral Beige, 0.5 Ounce</p><p>$27.00</p><a href="https://www.amazon.com/dp/B0B51NLJWQ?tag=eloabder-20&linkCode=osi&th=1&psc=1">View Product</a></div>
<div class="product"><a href="https://www.amazon.com/dp/B01IM0LVFC?tag=eloabder-20&linkCode=osi&th=1&psc=1"><img src="https://m.media-amazon.com/images/I/31r47BdfjGL._SL500_.jpg" alt="Product Image"></a><p>e.l.f. Prime & Stay Finishing Powder, Sets Makeup, Controls Shine & Smooths Complexion, Sheer, 0.18 Oz (5g)</p><p>$4.00</p><a href="https://www.amazon.com/dp/B01IM0LVFC?tag=eloabder-20&linkCode=osi&th=1&psc=1">View Product</a></div><div class="product"><a href="https://www.amazon.com/dp/B004GC74GG?tag=eloabder-20&linkCode=osi&th=1&psc=1"><img src="https://m.media-amazon.com/images/I/41kZTeBUCSL._SL500_.jpg" alt="Product Image"></a><p>Revlon Face Powder, ColorStay 16 Hour Face Makeup, Longwear Medium- Full Coverage with Flawless Finish, Shine & Oil Free, 880 Translucent, 0.3 Oz</p><p>$9.62</p><a href="https://www.amazon.com/dp/B004GC74GG?tag=eloabder-20&linkCode=osi&th=1&psc=1">View Product</a></div><div class="product"><a href="https://www.amazon.com/dp/B0CPFY5F7P?tag=eloabder-20&linkCode=osi&th=1&psc=1"><img src="https://m.media-amazon.com/images/I/41rYvHbKJ0L._SL500_.jpg" alt="Product Image"></a><p>e.l.f. Primer-Infused Bronzer, Long-Lasting, Lightweight & Buildable Powder Bronzer, Delivers A Matte Finish, Vegan & Cruelty-Free, Catching Rays</p><p>$7.00</p><a href="https://www.amazon.com/dp/B0CPFY5F7P?tag=eloabder-20&linkCode=osi&th=1&psc=1">View Product</a></div><div class="product"><a href="https://www.amazon.com/dp/B0B2VXZRHH?tag=eloabder-20&linkCode=osi&th=1&psc=1"><img src="https://m.media-amazon.com/images/I/41p6UtnQJWL._SL500_.jpg" alt="Product Image"></a><p>bareMinerals Barepro 16HR Skin-Perfecting Powder Foundation, Matte Pressed Powder Foundation Full Coverage with Plant-Based Squalene, Oil Control, Vegan</p><p>$42.00 ($150.00 / Ounce)</p><a href="https://www.amazon.com/dp/B0B2VXZRHH?tag=eloabder-20&linkCode=osi&th=1&psc=1">View Product</a></div><div class="product"><a href="https://www.amazon.com/dp/B0D4752RVV?tag=eloabder-20&linkCode=osi&th=1&psc=1"><img src="https://m.media-amazon.com/images/I/31WKVfT2bML._SL500_.jpg" alt="Product Image"></a><p>Revolution Beauty, Loose Baking Powder, Makeup Setting Powder, Long Lasting Coverage, Mattifies & Reduces Shine, Rose, 1.13 Oz</p><p>$8.00</p><a href="https://www.amazon.com/dp/B0D4752RVV?tag=eloabder-20&linkCode=osi&th=1&psc=1">View Product</a></div><div class="product"><a href="https://www.amazon.com/dp/B0C9LPPJ26?tag=eloabder-20&linkCode=osi&th=1&psc=1"><img src="https://m.media-amazon.com/images/I/51iWoZ-wkuL._SL500_.jpg" alt="Product Image"></a><p>AZUREBEAUTY 42 Pcs Dip Nails Powder Starter Kit, 32 Hot Pink Blue Purple Color Changing Spring Dipping Powder Liquid Set with Base Coat/Top Coat/Activator for French Manicure Salon DIY.</p><p>$19.99 ($19.99 / Count)</p><a href="https://www.amazon.com/dp/B0C9LPPJ26?tag=eloabder-20&linkCode=osi&th=1&psc=1">View Product</a></div><div class="product"><a href="https://www.amazon.com/dp/B0D2N1SZ9V?tag=eloabder-20&linkCode=osi&th=1&psc=1"><img src="https://m.media-amazon.com/images/I/41Ogu3bO7hL._SL500_.jpg" alt="Product Image"></a><p>Artdone Chrome Nail Powder Magic White Pearl Kit Mirror Effect Silver Metallic Holographic Dip Nail Powder For Resin Craft & Nail Art Decoration Iridescent Aurora Mermaid Pigment</p><p>$3.99 ($28.28 / Ounce)</p><a href="https://www.amazon.com/dp/B0D2N1SZ9V?tag=eloabder-20&linkCode=osi&th=1&psc=1">View Product</a></div><div class="product"><a href="https://www.amazon.com/dp/B0D19YQWSX?tag=eloabder-20&linkCode=osi&th=1&psc=1"><img src="https://m.media-amazon.com/images/I/21GbGbhBFWL._SL500_.jpg" alt="Product Image"></a><p>NYX PROFESSIONAL MAKEUP Brow Powder Louder Eyebrow Pencil, Brow Pencil with Buildable Volume For Up To 12HR Wear, Vegan Formula - Ash Brown</p><p>$6.00</p><a href="https://www.amazon.com/dp/B0D19YQWSX?tag=eloabder-20&linkCode=osi&th=1&psc=1">View Product</a></div><div class="product"><a href="https://www.amazon.com/dp/B00AOU5NVC?tag=eloabder-20&linkCode=osi&th=1&psc=1"><img src="https://m.media-amazon.com/images/I/31eI9oALZzL._SL500_.jpg" alt="Product Image"></a><p>Neutrogena Mineral Sheers Lightweight Loose Powder Makeup Foundation with Vitamins A, C, & E, Sheer to Medium Buildable Coverage, Skin Tone Enhancer, Face Redness Reducer, Nude 40,.19 oz</p><p>$5.72</p><a href="https://www.amazon.com/dp/B00AOU5NVC?tag=eloabder-20&linkCode=osi&th=1&psc=1">View Product</a></div>
<div class="product"><a href="https://www.amazon.com/dp/B07PNCB73M?tag=eloabder-20&linkCode=osi&th=1&psc=1"><img src="https://m.media-amazon.com/images/I/41+KYSFOLML._SL500_.jpg" alt="Product Image"></a><p>Milani Baked Blush - Petal Primavera (0.12 Ounce) Cruelty-Free Powder Blush - Shape, Contour & Highlight Face for a Shimmery or Matte Finish</p><p>$8.97</p><a href="https://www.amazon.com/dp/B07PNCB73M?tag=eloabder-20&linkCode=osi&th=1&psc=1">View Product</a></div><div class="product"><a href="https://www.amazon.com/dp/B0CPFYGNR7?tag=eloabder-20&linkCode=osi&th=1&psc=1"><img src="https://m.media-amazon.com/images/I/31EJvMa7jyL._SL500_.jpg" alt="Product Image"></a><p>e.l.f. Camo Liquid Blush, Long-lasting Liquid Blush For High-pigment Color, Creates A Soft, Dewy Finish, Vegan & Cruelty-free, Dusty Rosé</p><p>$7.00</p><a href="https://www.amazon.com/dp/B0CPFYGNR7?tag=eloabder-20&linkCode=osi&th=1&psc=1">View Product</a></div><div class="product"><a href="https://www.amazon.com/dp/B0CZ5HLDK9?tag=eloabder-20&linkCode=osi&th=1&psc=1"><img src="https://m.media-amazon.com/images/I/41rZu1cS8QL._SL500_.jpg" alt="Product Image"></a><p>NYX PROFESSIONAL MAKEUP Buttermelt Powder Blush, Fade and Transfer-Resistant Blush, Up to 12HR Make Up Wear, Vegan Formula - For The Butta</p><p>$9.97</p><a href="https://www.amazon.com/dp/B0CZ5HLDK9?tag=eloabder-20&linkCode=osi&th=1&psc=1">View Product</a></div><div class="product"><a href="https://www.amazon.com/dp/B06XDNPXD1?tag=eloabder-20&linkCode=osi&th=1&psc=1"><img src="https://m.media-amazon.com/images/I/41IryPTf51L._SL500_.jpg" alt="Product Image"></a><p>Maybelline Fit Me Powder Blush, Lightweight, Smooth, Blendable, Long-lasting All-Day Face Enhancing Makeup Color, Mauve, 1 Count</p><p>$4.62</p><a href="https://www.amazon.com/dp/B06XDNPXD1?tag=eloabder-20&linkCode=osi&th=1&psc=1">View Product</a></div><div class="product"><a href="https://www.amazon.com/dp/B082YPNTZ4?tag=eloabder-20&linkCode=osi&th=1&psc=1"><img src="https://m.media-amazon.com/images/I/41vtXkWXs8L._SL500_.jpg" alt="Product Image"></a><p>wet n wild Color Icon Blush, Effortless Glow & Seamless Blend infused with Luxuriously Smooth Jojoba Oil, Sheer Finish with a Matte Natural Glow, Cruelty-Free & Vegan - Pinch Me Pink</p><p>$3.28</p><a href="https://www.amazon.com/dp/B082YPNTZ4?tag=eloabder-20&linkCode=osi&th=1&psc=1">View Product</a></div><div class="product"><a href="https://www.amazon.com/dp/B0CPFWJJQJ?tag=eloabder-20&linkCode=osi&th=1&psc=1"><img src="https://m.media-amazon.com/images/I/41+GdEwyGqL._SL500_.jpg" alt="Product Image"></a><p>e.l.f. Primer-Infused Matte Blush, Long-Lasting, Lightweight & Buildable Powder Blush, Delivers A Matte Finish, Vegan & Cruelty-Free, Always Crushing</p><p>$7.00</p><a href="https://www.amazon.com/dp/B0CPFWJJQJ?tag=eloabder-20&linkCode=osi&th=1&psc=1">View Product</a></div><div class="product"><a href="https://www.amazon.com/dp/B0B64GX5LN?tag=eloabder-20&linkCode=osi&th=1&psc=1"><img src="https://m.media-amazon.com/images/I/31aZBeyUSsL._SL500_.jpg" alt="Product Image"></a><p>LAURA GELLER NEW YORK Serum Blush Tint, Lightweight Liquid Blush for Cheeks, Weightless Watercolor Sheer Finish, Practical Pink</p><p>$15.74</p><a href="https://www.amazon.com/dp/B0B64GX5LN?tag=eloabder-20&linkCode=osi&th=1&psc=1">View Product</a></div><div class="product"><a href="https://www.amazon.com/dp/B0BHFBBH25?tag=eloabder-20&linkCode=osi&th=1&psc=1"><img src="https://m.media-amazon.com/images/I/31uqOuPPf5L._SL500_.jpg" alt="Product Image"></a><p>SHEGLAM Color Bloom Liquid Blush Makeup for Cheeks Matte Finish - Love Cake</p><p>$6.99</p><a href="https://www.amazon.com/dp/B0BHFBBH25?tag=eloabder-20&linkCode=osi&th=1&psc=1">View Product</a></div><div class="product"><a href="https://www.amazon.com/dp/B00J56D0G6?tag=eloabder-20&linkCode=osi&th=1&psc=1"><img src="https://m.media-amazon.com/images/I/31MVN0QAhfL._SL500_.jpg" alt="Product Image"></a><p>e.l.f. Cosmetics Powder Blush Palette, Four Blush Shades for Beautiful, Long-Lasting Pigment, Light</p><p>$6.00</p><a href="https://www.amazon.com/dp/B00J56D0G6?tag=eloabder-20&linkCode=osi&th=1&psc=1">View Product</a></div><div class="product"><a href="https://www.amazon.com/dp/B07J47FHR1?tag=eloabder-20&linkCode=osi&th=1&psc=1"><img src="https://m.media-amazon.com/images/I/41Xyor9x2SL._SL500_.jpg" alt="Product Image"></a><p>Nars Blush in ORGASM Full Size 0.16 oz. / 4.8 g in Retail Box New Edition</p><p>$22.00</p><a href="https://www.amazon.com/dp/B07J47FHR1?tag=eloabder-20&linkCode=osi&th=1&psc=1">View Product</a></div>
<div class="product"><a href="https://www.amazon.com/dp/B018B8Q5Z6?tag=eloabder-20&linkCode=osi&th=1&psc=1"><img src="https://m.media-amazon.com/images/I/41D9ZHQRaSL._SL500_.jpg" alt="Product Image"></a><p>Physicians Formula Murumuru Butter Bronzer, Moisturizing, Nourishing Murumuru Butter Blend for Silky All-Day Luminous Glow, Dermatologist Tested, Hypoallergenic, Vegan & Cruelty-Free -Bronzer</p><p>$12.15</p><a href="https://www.amazon.com/dp/B018B8Q5Z6?tag=eloabder-20&linkCode=osi&th=1&psc=1">View Product</a></div><div class="product"><a href="https://www.amazon.com/dp/B001B0H82Q?tag=eloabder-20&linkCode=osi&th=1&psc=1"><img src="https://m.media-amazon.com/images/I/41I3B-YoLkL._SL500_.jpg" alt="Product Image"></a><p>Rimmel London Natural - 022 Sun Bronze - Bronzer, Matte Finish, 0.49oz</p><p>$4.49</p><a href="https://www.amazon.com/dp/B001B0H82Q?tag=eloabder-20&linkCode=osi&th=1&psc=1">View Product</a></div><div class="product"><a href="https://www.amazon.com/dp/B0BM5HX7DN?tag=eloabder-20&linkCode=osi&th=1&psc=1"><img src="https://m.media-amazon.com/images/I/41DwoHQgzsL._SL500_.jpg" alt="Product Image"></a><p>Benefit Hoola Matte Bronzer Mini 0.08 Ounce</p><p>$17.85</p><a href="https://www.amazon.com/dp/B0BM5HX7DN?tag=eloabder-20&linkCode=osi&th=1&psc=1">View Product</a></div><div class="product"><a href="https://www.amazon.com/dp/B07M7NGVW7?tag=eloabder-20&linkCode=osi&th=1&psc=1"><img src="https://m.media-amazon.com/images/I/51dvod9PjTL._SL500_.jpg" alt="Product Image"></a><p>wet n wild Color Icon Bronzer What Shady Beaches</p><p>$2.96</p><a href="https://www.amazon.com/dp/B07M7NGVW7?tag=eloabder-20&linkCode=osi&th=1&psc=1">View Product</a></div><div class="product"><a href="https://www.amazon.com/dp/B07ZR187P5?tag=eloabder-20&linkCode=osi&th=1&psc=1"><img src="https://m.media-amazon.com/images/I/410nkMFZLYL._SL500_.jpg" alt="Product Image"></a><p>e.l.f. Primer-infused Bronzer, Long-Wear, Matte, Bold, Lightweight, Blends Easily, Contours Cheeks, Forever Sun Kissed, All-Day Wear, 0.35 Oz</p><p>$7.00 ($20.00 / Ounce)</p><a href="https://www.amazon.com/dp/B07ZR187P5?tag=eloabder-20&linkCode=osi&th=1&psc=1">View Product</a></div><div class="product"><a href="https://www.amazon.com/dp/B0CPFVTY7M?tag=eloabder-20&linkCode=osi&th=1&psc=1"><img src="https://m.media-amazon.com/images/I/41rO68Q0mlL._SL500_.jpg" alt="Product Image"></a><p>e.l.f. Primer-Infused Bronzer, Long-Lasting, Lightweight & Buildable Powder Bronzer, Delivers A Matte Finish, Vegan & Cruelty-Free, Fresh Tan</p><p>$7.00</p><a href="https://www.amazon.com/dp/B0CPFVTY7M?tag=eloabder-20&linkCode=osi&th=1&psc=1">View Product</a></div><div class="product"><a href="https://www.amazon.com/dp/B00518N3VE?tag=eloabder-20&linkCode=osi&th=1&psc=1"><img src="https://m.media-amazon.com/images/I/41SzIseWK6L._SL500_.jpg" alt="Product Image"></a><p>Milani Baked Bronzer - Glow, Cruelty-Free Shimmer Bronzing Powder to Use For Contour Makeup, Highlighters Makeup, Bronzer Makeup, 0.25 Ounce</p><p>$9.97 ($39.88 / Ounce)</p><a href="https://www.amazon.com/dp/B00518N3VE?tag=eloabder-20&linkCode=osi&th=1&psc=1">View Product</a></div><div class="product"><a href="https://www.amazon.com/dp/B006WZ9O72?tag=eloabder-20&linkCode=osi&th=1&psc=1"><img src="https://m.media-amazon.com/images/I/51rDNo9JnqL._SL500_.jpg" alt="Product Image"></a><p>Physicians Formula Bronze Booster Glow-Boosting Season-to-Season, Customizable Seasonal Glow Glow, Lasting Tan Boost, Hypoallergenic Powder, Cruelty-Free & Hypoallergenic- Light-to-Medium</p><p>$12.98</p><a href="https://www.amazon.com/dp/B006WZ9O72?tag=eloabder-20&linkCode=osi&th=1&psc=1">View Product</a></div><div class="product"><a href="https://www.amazon.com/dp/B0CNTYPSSZ?tag=eloabder-20&linkCode=osi&th=1&psc=1"><img src="https://m.media-amazon.com/images/I/416D4Z7hQ8L._SL500_.jpg" alt="Product Image"></a><p>Milani Cheek Kiss Cream Bronzer-110 Hey Honey</p><p>$9.97</p><a href="https://www.amazon.com/dp/B0CNTYPSSZ?tag=eloabder-20&linkCode=osi&th=1&psc=1">View Product</a></div><div class="product"><a href="https://www.amazon.com/dp/B0CVNKP1FM?tag=eloabder-20&linkCode=osi&th=1&psc=1"><img src="https://m.media-amazon.com/images/I/41v4UlIsUOL._SL500_.jpg" alt="Product Image"></a><p>NYX PROFESSIONAL MAKEUP Matte Buttermelt Bronzer, Longwear Face Makeup with Up to 12 Hours of Wear, Vegan Formula - Butta Than U</p><p>$7.70</p><a href="https://www.amazon.com/dp/B0CVNKP1FM?tag=eloabder-20&linkCode=osi&th=1&psc=1">View Product</a></div>
<div class="product"><a href="https://www.amazon.com/dp/B09288DSSX?tag=eloabder-20&linkCode=osi&th=1&psc=1"><img src="https://m.media-amazon.com/images/I/417z6evbmhL._SL500_.jpg" alt="Product Image"></a><p>KYDA Face Highlighter Palette, High Glossy Face Illuminator Palette, Narutal Glow Finish, Pearl Shimmer Smooth Baked Powder, Lasting Sparkling Highlighter Makeup-SUN GLOW</p><p>$9.99</p><a href="https://www.amazon.com/dp/B09288DSSX?tag=eloabder-20&linkCode=osi&th=1&psc=1">View Product</a></div><div class="product"><a href="https://www.amazon.com/dp/B0C41PSDZF?tag=eloabder-20&linkCode=osi&th=1&psc=1"><img src="https://m.media-amazon.com/images/I/41FLNU-tL-L._SL500_.jpg" alt="Product Image"></a><p>NYX PROFESSIONAL MAKEUP, Jumbo Multi-Use Face Highlighter Stick - Vanilla Ice Cream</p><p>$6.00</p><a href="https://www.amazon.com/dp/B0C41PSDZF?tag=eloabder-20&linkCode=osi&th=1&psc=1">View Product</a></div><div class="product"><a href="https://www.amazon.com/dp/B082YPL2SV?tag=eloabder-20&linkCode=osi&th=1&psc=1"><img src="https://m.media-amazon.com/images/I/51Y+MCkwArL._SL500_.jpg" alt="Product Image"></a><p>Wet n Wild MegaGlo Blushlighter, Blendable Blush & Highlighter Set, Shimmery Metallic Finish, Highlight Bling</p><p>$5.47</p><a href="https://www.amazon.com/dp/B082YPL2SV?tag=eloabder-20&linkCode=osi&th=1&psc=1">View Product</a></div><div class="product"><a href="https://www.amazon.com/dp/B07QPY11KY?tag=eloabder-20&linkCode=osi&th=1&psc=1"><img src="https://m.media-amazon.com/images/I/312T7p8cW6L._SL500_.jpg" alt="Product Image"></a><p>Revolution Beauty, Reloaded Pressed Powder Highlighter, Intensely Pigmented for a High Impact Dewy Finish, Dare To Divulge, 0.22 Oz.</p><p>$6.98</p><a href="https://www.amazon.com/dp/B07QPY11KY?tag=eloabder-20&linkCode=osi&th=1&psc=1">View Product</a></div><div class="product"><a href="https://www.amazon.com/dp/B0C6V67KJW?tag=eloabder-20&linkCode=osi&th=1&psc=1"><img src="https://m.media-amazon.com/images/I/31Yh8b8JEjL._SL500_.jpg" alt="Product Image"></a><p>e.l.f. Halo Glow Highlight Beauty Wand, Liquid Highlighter Wand For Luminous, Glowing Skin, Buildable Formula, Vegan & Cruelty-free,Champagne Campaign</p><p>$9.00</p><a href="https://www.amazon.com/dp/B0C6V67KJW?tag=eloabder-20&linkCode=osi&th=1&psc=1">View Product</a></div><div class="product"><a href="https://www.amazon.com/dp/B073WMG59J?tag=eloabder-20&linkCode=osi&th=1&psc=1"><img src="https://m.media-amazon.com/images/I/51fz8bpJNNL._SL500_.jpg" alt="Product Image"></a><p>wet n wild MegaGlo Highlighting Powder, Highlighter Makeup, Shimmer Glow, Pink Rose Gold Blossom Glow</p><p>$5.47</p><a href="https://www.amazon.com/dp/B073WMG59J?tag=eloabder-20&linkCode=osi&th=1&psc=1">View Product</a></div><div class="product"><a href="https://www.amazon.com/dp/B074PTZCNW?tag=eloabder-20&linkCode=osi&th=1&psc=1"><img src="https://m.media-amazon.com/images/I/31btEAGukiL._SL500_.jpg" alt="Product Image"></a><p>L'Oreal Paris Makeup True Match Lumi Glotion, Natural Glow Enhancer, Illuminator Highlighter Skin Tint, for an All Day Radiant Glow, Light, 1.35 Ounces</p><p>$12.74</p><a href="https://www.amazon.com/dp/B074PTZCNW?tag=eloabder-20&linkCode=osi&th=1&psc=1">View Product</a></div><div class="product"><a href="https://www.amazon.com/dp/B0BD9HYBKD?tag=eloabder-20&linkCode=osi&th=1&psc=1"><img src="https://m.media-amazon.com/images/I/319tXl8nMUL._SL500_.jpg" alt="Product Image"></a><p>LAURA GELLER NEW YORK Baked Natural Glow Highlighter Radiance Enhancing Makeup, French Vanilla</p><p>$18.99</p><a href="https://www.amazon.com/dp/B0BD9HYBKD?tag=eloabder-20&linkCode=osi&th=1&psc=1">View Product</a></div><div class="product"><a href="https://www.amazon.com/dp/B075K784FK?tag=eloabder-20&linkCode=osi&th=1&psc=1"><img src="https://m.media-amazon.com/images/I/51q6Nf009iL._SL500_.jpg" alt="Product Image"></a><p>Physicians Formula Murumuru Butter Highlighter Makeup Face Powder Make Up, Pearl, Dermatologist Approved</p><p>$10.00</p><a href="https://www.amazon.com/dp/B075K784FK?tag=eloabder-20&linkCode=osi&th=1&psc=1">View Product</a></div><div class="product"><a href="https://www.amazon.com/dp/B083574V27?tag=eloabder-20&linkCode=osi&th=1&psc=1"><img src="https://m.media-amazon.com/images/I/41fyFVpDrXL._SL500_.jpg" alt="Product Image"></a><p>Milani Baked Highlighter (Dolce Perla) - Cruelty-Free Powder Highlighter, Highlight Face for a Shimmery or Matte Finish</p><p>$10.97 ($39.18 / Ounce)</p><a href="https://www.amazon.com/dp/B083574V27?tag=eloabder-20&linkCode=osi&th=1&psc=1">View Product</a></div>
<div class="product"><a href="https://www.amazon.com/dp/B09XMYFTB7?tag=eloabder-20&linkCode=osi&th=1&psc=1"><img src="https://m.media-amazon.com/images/I/31t+Ua+JWSL._SL500_.jpg" alt="Product Image"></a><p>e.l.f. Power Grip Primer, Gel-Based & Hydrating Face Primer For Smoothing Skin & Gripping Makeup, Moisturizes & Primes, 0.811 Fl Oz (24 ml)</p><p>$9.98</p><a href="https://www.amazon.com/dp/B09XMYFTB7?tag=eloabder-20&linkCode=osi&th=1&psc=1">View Product</a></div><div class="product"><a href="https://www.amazon.com/dp/B07BHB7QBN?tag=eloabder-20&linkCode=osi&th=1&psc=1"><img src="https://m.media-amazon.com/images/I/31kMxA9EhWL._SL500_.jpg" alt="Product Image"></a><p>Maybelline New York Facestudio Master Prime Primer Makeup, Blur + Pore Minimize, 1 fl. oz.</p><p>$8.99</p><a href="https://www.amazon.com/dp/B07BHB7QBN?tag=eloabder-20&linkCode=osi&th=1&psc=1">View Product</a></div><div class="product"><a href="https://www.amazon.com/dp/B00JZ4V6V4?tag=eloabder-20&linkCode=osi&th=1&psc=1"><img src="https://m.media-amazon.com/images/I/31jO7qDk9zL._SL500_.jpg" alt="Product Image"></a><p>e.l.f. Poreless Face Primer, Restoring Makeup Primer For A Flawless, Smooth Canvas, Infused With Tea Tree & Vitamin A, Vegan & Cruelty-Free, 0.47 Fl Oz</p><p>$7.83</p><a href="https://www.amazon.com/dp/B00JZ4V6V4?tag=eloabder-20&linkCode=osi&th=1&psc=1">View Product</a></div><div class="product"><a href="https://www.amazon.com/dp/B0BQQS5GBQ?tag=eloabder-20&linkCode=osi&th=1&psc=1"><img src="https://m.media-amazon.com/images/I/31TLdF8cy8L._SL500_.jpg" alt="Product Image"></a><p>e.l.f. Power Grip Primer + 4% Niacinamide, Gel-Based & Hydrating Face Primer, Evens Skin & Brightens, Grips Makeup, Vegan & Cruelty-Free, 0.8 Fl Oz</p><p>$10.00</p><a href="https://www.amazon.com/dp/B0BQQS5GBQ?tag=eloabder-20&linkCode=osi&th=1&psc=1">View Product</a></div><div class="product"><a href="https://www.amazon.com/dp/B07NSH2B4D?tag=eloabder-20&linkCode=osi&th=1&psc=1"><img src="https://m.media-amazon.com/images/I/31gmpEmsBmL._SL500_.jpg" alt="Product Image"></a><p>e.l.f. Poreless Putty Primer, Silky, Skin-Perfecting, Lightweight, Long Lasting, Smooths, Hydrates, Minimizes Pores, Flawless Base & Finish, All-Day Wear, Ideal for All Skin Types, 0.74 Fl Oz</p><p>$10.00</p><a href="https://www.amazon.com/dp/B07NSH2B4D?tag=eloabder-20&linkCode=osi&th=1&psc=1">View Product</a></div><div class="product"><a href="https://www.amazon.com/dp/B09WYT4QTJ?tag=eloabder-20&linkCode=osi&th=1&psc=1"><img src="https://m.media-amazon.com/images/I/214qTbvzjrL._SL500_.jpg" alt="Product Image"></a><p>Smashbox The Original Photo Finish Smooth & Blur Oil-Free Makeup Primer - Infused with Vitamin A & E, Reduces The Appearance of Fine Lines and Pores - Travel Size, 0.34 fl oz</p><p>$16.00 ($47.06 / Ounce)</p><a href="https://www.amazon.com/dp/B09WYT4QTJ?tag=eloabder-20&linkCode=osi&th=1&psc=1">View Product</a></div><div class="product"><a href="https://www.amazon.com/dp/B07PQN4XZ1?tag=eloabder-20&linkCode=osi&th=1&psc=1"><img src="https://m.media-amazon.com/images/I/31BdxqUi-iL._SL500_.jpg" alt="Product Image"></a><p>Milk Makeup Hydro Grip Primer - 0.33 fl oz - Hydrates & Grips Makeup for Up to 12 Hours - Prevents Caking - All Skin Types - Fragrance-Free - Vegan, Cruelty Free</p><p>$20.00 ($60.61 / Fl Oz)</p><a href="https://www.amazon.com/dp/B07PQN4XZ1?tag=eloabder-20&linkCode=osi&th=1&psc=1">View Product</a></div><div class="product"><a href="https://www.amazon.com/dp/B00HVI8WYU?tag=eloabder-20&linkCode=osi&th=1&psc=1"><img src="https://m.media-amazon.com/images/I/31educzzSsL._SL500_.jpg" alt="Product Image"></a><p>e.l.f. Hydrating Face Primer, Makeup Primer For Flawless, Smooth Skin & Long-Lasting Makeup, Fills In Pores & Fine Lines, Vegan & Cruelty-free, Small</p><p>$8.00</p><a href="https://www.amazon.com/dp/B00HVI8WYU?tag=eloabder-20&linkCode=osi&th=1&psc=1">View Product</a></div><div class="product"><a href="https://www.amazon.com/dp/B07BHBDN3Y?tag=eloabder-20&linkCode=osi&th=1&psc=1"><img src="https://m.media-amazon.com/images/I/3173qcBCyFL._SL500_.jpg" alt="Product Image"></a><p>Maybelline New York Facestudio Master Prime Primer Makeup, Blur+ Defend, 1 fl. oz.</p><p>$9.77</p><a href="https://www.amazon.com/dp/B07BHBDN3Y?tag=eloabder-20&linkCode=osi&th=1&psc=1">View Product</a></div><div class="product"><a href="https://www.amazon.com/dp/B00I9X3UKM?tag=eloabder-20&linkCode=osi&th=1&psc=1"><img src="https://m.media-amazon.com/images/I/31Bx9WdmmdL._SL500_.jpg" alt="Product Image"></a><p>Rimmel London Stay Matte - 003 - Primer, Ultra-Lightweight, Controls Shine, Doesn’t Feel Greasy, 1oz</p><p>$5.97</p><a href="https://www.amazon.com/dp/B00I9X3UKM?tag=eloabder-20&linkCode=osi&th=1&psc=1">View Product</a></div>
<div class="product"><a href="https://www.amazon.com/dp/B008C131AK?tag=eloabder-20&linkCode=osi&th=1&psc=1"><img src="https://m.media-amazon.com/images/I/41EVShOq3PL._SL500_.jpg" alt="Product Image"></a><p>Maybelline Dream Fresh Skin Hydrating BB cream, 8-in-1 Skin Perfecting Beauty Balm with Broad Spectrum SPF 30, Sheer Tint Coverage, Oil-Free, Medium, 1 Fl Oz</p><p>$7.99</p><a href="https://www.amazon.com/dp/B008C131AK?tag=eloabder-20&linkCode=osi&th=1&psc=1">View Product</a></div><div class="product"><a href="https://www.amazon.com/dp/B0084A5PWQ?tag=eloabder-20&linkCode=osi&th=1&psc=1"><img src="https://m.media-amazon.com/images/I/31RjcO5JPeL._SL500_.jpg" alt="Product Image"></a><p>L'Oréal Paris Makeup Magic Skin Beautifier BB Cream Tinted Moisturizer, Medium, 1 fl oz, 1 Count</p><p>$9.98</p><a href="https://www.amazon.com/dp/B0084A5PWQ?tag=eloabder-20&linkCode=osi&th=1&psc=1">View Product</a></div><div class="product"><a href="https://www.amazon.com/dp/B002B9DWBC?tag=eloabder-20&linkCode=osi&th=1&psc=1"><img src="https://m.media-amazon.com/images/I/41ZejVfTaoL._SL500_.jpg" alt="Product Image"></a><p>MISSHA M Perfect BB Cream No.21 Light Beige for Bright Skin SPF 42 PA +++ 1.69 Fl Oz - Tinted Moisturizer for face with SPF</p><p>$9.90</p><a href="https://www.amazon.com/dp/B002B9DWBC?tag=eloabder-20&linkCode=osi&th=1&psc=1">View Product</a></div><div class="product"><a href="https://www.amazon.com/dp/B00KJ82CN6?tag=eloabder-20&linkCode=osi&th=1&psc=1"><img src="https://m.media-amazon.com/images/I/41VM3jcO3oS._SL500_.jpg" alt="Product Image"></a><p>Maybelline Dream Pure Skin Clearing BB Cream, 8-in-1 Skin Perfecting Beauty Balm With 2% Salicylic Acid, Sheer Tint Coverage, Oil-Free, Light/Medium, 1 Count</p><p>$7.99</p><a href="https://www.amazon.com/dp/B00KJ82CN6?tag=eloabder-20&linkCode=osi&th=1&psc=1">View Product</a></div><div class="product"><a href="https://www.amazon.com/dp/B000V33OGS?tag=eloabder-20&linkCode=osi&th=1&psc=1"><img src="https://m.media-amazon.com/images/I/41I8dzKEI+L._SL500_.jpg" alt="Product Image"></a><p>COVERGIRL Smoothers Lightweight BB Cream, Fair to Light 805, 1.35 oz (Packaging May Vary) Lightweight Hydrating 10-In-1 Skin Enhancer with SPF 21 UV Protection</p><p>$6.97</p><a href="https://www.amazon.com/dp/B000V33OGS?tag=eloabder-20&linkCode=osi&th=1&psc=1">View Product</a></div><div class="product"><a href="https://www.amazon.com/dp/B01E527F38?tag=eloabder-20&linkCode=osi&th=1&psc=1"><img src="https://m.media-amazon.com/images/I/31jXYhER5QL._SL500_.jpg" alt="Product Image"></a><p>COVERGIRL - Clean Matte BB Cream, Oil-Free, Long-Lasting, Sensitive Skin, Lightweight, 100% Cruelty-Free</p><p>$7.99</p><a href="https://www.amazon.com/dp/B01E527F38?tag=eloabder-20&linkCode=osi&th=1&psc=1">View Product</a></div><div class="product"><a href="https://www.amazon.com/dp/B07WTX6SKL?tag=eloabder-20&linkCode=osi&th=1&psc=1"><img src="https://m.media-amazon.com/images/I/41mtjVTdh3L._SL500_.jpg" alt="Product Image"></a><p>MISSHA M Perfect Cover BB Cream No.13 Bright Beige for Fair Skin SPF 42 PA +++ 1.69 Fl Oz - Tinted Moisturizer for face with SPF</p><p>$9.70 ($5.74 / Fl Oz)</p><a href="https://www.amazon.com/dp/B07WTX6SKL?tag=eloabder-20&linkCode=osi&th=1&psc=1">View Product</a></div><div class="product"><a href="https://www.amazon.com/dp/B09BYL7M3G?tag=eloabder-20&linkCode=osi&th=1&psc=1"><img src="https://m.media-amazon.com/images/I/41t-BZ1FdOL._SL500_.jpg" alt="Product Image"></a><p>purlisse Ageless Glow Serum BB Cream SPF 40 : Clean & Cruelty-Free, Full & Flawless Coverage, Hydrates with Collagen | Light 1.4oz</p><p>$39.00 ($37.50 / Fl Oz)</p><a href="https://www.amazon.com/dp/B09BYL7M3G?tag=eloabder-20&linkCode=osi&th=1&psc=1">View Product</a></div><div class="product"><a href="https://www.amazon.com/dp/B08JCK7LSN?tag=eloabder-20&linkCode=osi&th=1&psc=1"><img src="https://m.media-amazon.com/images/I/31KzNyZ7WBL._SL500_.jpg" alt="Product Image"></a><p>PURITO Cica Clearing BB Cream #21 Light Beige 1 fl.oz / 30ml, Vegan bb cream, tinted</p><p>$12.00</p><a href="https://www.amazon.com/dp/B08JCK7LSN?tag=eloabder-20&linkCode=osi&th=1&psc=1">View Product</a></div><div class="product"><a href="https://www.amazon.com/dp/B01M9FG3PS?tag=eloabder-20&linkCode=osi&th=1&psc=1"><img src="https://m.media-amazon.com/images/I/41i-ftNWghL._SL500_.jpg" alt="Product Image"></a><p>pūrlisse Perfect Glow BB Cream SPF 30: Clean & Cruelty-Free, Medium Flawless Coverage, Hydrates with Jasmine | Light 1.4oz</p><p>$36.00 ($26.47 / Fl Oz)</p><a href="https://www.amazon.com/dp/B01M9FG3PS?tag=eloabder-20&linkCode=osi&th=1&psc=1">View Product</a></div>
<div class="product"><a href="https://www.amazon.com/dp/B00RZ4R0ZM?tag=eloabder-20&linkCode=osi&th=1&psc=1"><img src="https://m.media-amazon.com/images/I/41h3Z7gUh4L._SL500_.jpg" alt="Product Image"></a><p>IT Cosmetics Your Skin But Better CC+ Cream, Light (W) - Color Correcting Cream, Full-Coverage Foundation, Hydrating Serum & SPF 50+ Sunscreen - Natural Finish - 1.08 fl oz</p><p>$47.00 ($43.52 / Fl Oz)</p><a href="https://www.amazon.com/dp/B00RZ4R0ZM?tag=eloabder-20&linkCode=osi&th=1&psc=1">View Product</a></div><div class="product"><a href="https://www.amazon.com/dp/B09TSSR6TQ?tag=eloabder-20&linkCode=osi&th=1&psc=1"><img src="https://m.media-amazon.com/images/I/41YfZQIZVHL._SL500_.jpg" alt="Product Image"></a><p>Erborian Color Correcting CC Cream with cica, Tan (Dore) - Lightweight Multi-Purpose Foundation with Illuminating Finish Soothes & Hydrates - SPF Korean Skincare Skin Perfector - 1.5 Oz</p><p>$46.00 ($30.67 / Ounce)</p><a href="https://www.amazon.com/dp/B09TSSR6TQ?tag=eloabder-20&linkCode=osi&th=1&psc=1">View Product</a></div><div class="product"><a href="https://www.amazon.com/dp/B0CG67918Y?tag=eloabder-20&linkCode=osi&th=1&psc=1"><img src="https://m.media-amazon.com/images/I/31ZBRrlGQeL._SL500_.jpg" alt="Product Image"></a><p>Color Correcting CC Cream with SPF 25, Coverage Lightweight Foundation, Hydrating Serum, Even Skin Tone Makeup and Skin Care, Boost Radiance, Refine Skin Texture, Avoid Sun Damage (LightLight, 1PCS)</p><p>$9.99</p><a href="https://www.amazon.com/dp/B0CG67918Y?tag=eloabder-20&linkCode=osi&th=1&psc=1">View Product</a></div><div class="product"><a href="https://www.amazon.com/dp/B07GV322NS?tag=eloabder-20&linkCode=osi&th=1&psc=1"><img src="https://m.media-amazon.com/images/I/318Xp-z4BzL._SL500_.jpg" alt="Product Image"></a><p>IT Cosmetics Your Skin But Better CC+ Cream Illumination - Color Correcting Cream, Full-Coverage Foundation, Hydrating Serum & SPF 50+ Sunscreen Radiant Finish 1.08 fl oz</p><p>$47.00 ($43.52 / Fl Oz)</p><a href="https://www.amazon.com/dp/B07GV322NS?tag=eloabder-20&linkCode=osi&th=1&psc=1">View Product</a></div><div class="product"><a href="https://www.amazon.com/dp/B08TQMG68Q?tag=eloabder-20&linkCode=osi&th=1&psc=1"><img src="https://m.media-amazon.com/images/I/31WzGFVeXLL._SL500_.jpg" alt="Product Image"></a><p>e.l.f. Camo CC Cream, Color Correcting Medium-To-Full Coverage Foundation with SPF 30, Light 240 W, 1.05 Oz (30g)</p><p>$14.29</p><a href="https://www.amazon.com/dp/B08TQMG68Q?tag=eloabder-20&linkCode=osi&th=1&psc=1">View Product</a></div><div class="product"><a href="https://www.amazon.com/dp/B00HUA6LCO?tag=eloabder-20&linkCode=osi&th=1&psc=1"><img src="https://m.media-amazon.com/images/I/31tzzIuzR3L._SL500_.jpg" alt="Product Image"></a><p>Physicians Formula Super CC+ Cream Color-Correction + Care Cream Full Coverage Light Foundation, Anti Aging Hydrating Serum, For Uneven Skin Tone, Dermatologist Approved</p><p>$12.30</p><a href="https://www.amazon.com/dp/B00HUA6LCO?tag=eloabder-20&linkCode=osi&th=1&psc=1">View Product</a></div><div class="product"><a href="https://www.amazon.com/dp/B00E4OQ63I?tag=eloabder-20&linkCode=osi&th=1&psc=1"><img src="https://m.media-amazon.com/images/I/31C4yvovnxL._SL500_.jpg" alt="Product Image"></a><p>Lumene Color Correcting CC Cream - Lightweight Foundation with Medium Coverage - Redness Reducing Face Makeup for a Glowing Complexion - Vegan Formula + Suitable for All Skin Types - Medium (1 fl oz)</p><p>$17.40 ($17.40 / Fl Oz)</p><a href="https://www.amazon.com/dp/B00E4OQ63I?tag=eloabder-20&linkCode=osi&th=1&psc=1">View Product</a></div><div class="product"><a href="https://www.amazon.com/dp/B09TSRF2Q8?tag=eloabder-20&linkCode=osi&th=1&psc=1"><img src="https://m.media-amazon.com/images/I/41lZpQCt9HL._SL500_.jpg" alt="Product Image"></a><p>Erborian Color Correcting CC Cream with Centella Asiatica, Red Correct - Light Multi-Purpose Facial Concealer with Illuminating Finish Soothes & Hydrates - SPF Korean Skincare Skin Perfector - 0.5 Oz</p><p>$25.00 ($50.00 / Ounce)</p><a href="https://www.amazon.com/dp/B09TSRF2Q8?tag=eloabder-20&linkCode=osi&th=1&psc=1">View Product</a></div><div class="product"><a href="https://www.amazon.com/dp/B00U3203IY?tag=eloabder-20&linkCode=osi&th=1&psc=1"><img src="https://m.media-amazon.com/images/I/31BL0K5i4vL._SL500_.jpg" alt="Product Image"></a><p>IT Cosmetics Your Skin But Better CC+ Cream Travel Size, Light (W) - Color Correcting Cream, Full-Coverage Foundation, Hydrating Serum & SPF 50+ Sunscreen - Natural Finish - 0.406 fl oz</p><p>$22.00 ($55.00 / Fl Oz)</p><a href="https://www.amazon.com/dp/B00U3203IY?tag=eloabder-20&linkCode=osi&th=1&psc=1">View Product</a></div>
<div class="product"><a href="https://www.amazon.com/dp/B0CG68RTBB?tag=eloabder-20&linkCode=osi&th=1&psc=1"><img src="https://m.media-amazon.com/images/I/51d8MhcTFdL._SL500_.jpg" alt="Product Image"></a><p>Contour Stick, Highlighter Stick, Blush Stick 3Pcs Cream Contour Kit with Contour Brush, Create Face Contour, Non-greasy, Waterproof Long-lasting Effect, Highlighter Makeup Stick for Beginner Medium</p><p>$6.64 ($1.72 / Ounce)</p><a href="https://www.amazon.com/dp/B0CG68RTBB?tag=eloabder-20&linkCode=osi&th=1&psc=1">View Product</a></div><div class="product"><a href="https://www.amazon.com/dp/B0B7713RZQ?tag=eloabder-20&linkCode=osi&th=1&psc=1"><img src="https://m.media-amazon.com/images/I/51pLW0sMwGL._SL500_.jpg" alt="Product Image"></a><p>4 Colors Cream Contour Sticks Makeup Kit, Primer Face Highlighter Contouring for Beginners, Highlight and Contour Kit, Cream Concealer Makeup Blur Stick, Primer Face Corrector 1#,3#</p><p>$9.98</p><a href="https://www.amazon.com/dp/B0B7713RZQ?tag=eloabder-20&linkCode=osi&th=1&psc=1">View Product</a></div><div class="product"><a href="https://www.amazon.com/dp/B014PVXY5W?tag=eloabder-20&linkCode=osi&th=1&psc=1"><img src="https://m.media-amazon.com/images/I/41Qf+n9Gn-L._SL500_.jpg" alt="Product Image"></a><p>Aesthetica Cosmetics Cream Contour and Highlighting Makeup Kit - Contouring Foundation/Concealer Palette - Vegan & Cruelty Free - Step-by-Step Instructions Included</p><p>$29.97 ($47.57 / Ounce)</p><a href="https://www.amazon.com/dp/B014PVXY5W?tag=eloabder-20&linkCode=osi&th=1&psc=1">View Product</a></div><div class="product"><a href="https://www.amazon.com/dp/B0CSCYCQTP?tag=eloabder-20&linkCode=osi&th=1&psc=1"><img src="https://m.media-amazon.com/images/I/41g9O0LMEpL._SL500_.jpg" alt="Product Image"></a><p>Umadit Contour Stick, Blush Stick, Highlighter Stick, Bronzer Stick, 3 Pcs Cream Contour Kit with Brush for a Flawless Look, Contour Stick Makeup Non-Greasy Waterproof, Long-lasting Fair-Medium</p><p>$14.99</p><a href="https://www.amazon.com/dp/B0CSCYCQTP?tag=eloabder-20&linkCode=osi&th=1&psc=1">View Product</a></div><div class="product"><a href="https://www.amazon.com/dp/B0C6MYW7FC?tag=eloabder-20&linkCode=osi&th=1&psc=1"><img src="https://m.media-amazon.com/images/I/51CRa+rR5yL._SL500_.jpg" alt="Product Image"></a><p>3Pcs Cream Contour Stick Makeup Kit,Shades with Highlighter Stick,Blush Stick and Bronzer Contour Stick for Sculpt the Cheeks,Long Lasting,Waterproof,Matte & Dewy Finish,LIGHT MEDIUM (#02,05,06)</p><p>$12.99</p><a href="https://www.amazon.com/dp/B0C6MYW7FC?tag=eloabder-20&linkCode=osi&th=1&psc=1">View Product</a></div><div class="product"><a href="https://www.amazon.com/dp/B074G44PVR?tag=eloabder-20&linkCode=osi&th=1&psc=1"><img src="https://m.media-amazon.com/images/I/41dMa+Rs2NL._SL500_.jpg" alt="Product Image"></a><p>W7 Lift & Sculpt Cream Contour Kit - Concealing, Highlighting & Contouring Makeup Palette - Step-by-Step Instructions Included</p><p>$6.29 ($8.99 / Ounce)</p><a href="https://www.amazon.com/dp/B074G44PVR?tag=eloabder-20&linkCode=osi&th=1&psc=1">View Product</a></div><div class="product"><a href="https://www.amazon.com/dp/B0045J2GKY?tag=eloabder-20&linkCode=osi&th=1&psc=1"><img src="https://m.media-amazon.com/images/I/31m4Yh07iZL._SL500_.jpg" alt="Product Image"></a><p>Smashbox Step-By-Step Contour, Highlighter, & Bronzer Face Palette with Angled Brush, Light/Medium</p><p>$40.00 ($100.00 / Ounce)</p><a href="https://www.amazon.com/dp/B0045J2GKY?tag=eloabder-20&linkCode=osi&th=1&psc=1">View Product</a></div><div class="product"><a href="https://www.amazon.com/dp/B0169YYBYQ?tag=eloabder-20&linkCode=osi&th=1&psc=1"><img src="https://m.media-amazon.com/images/I/31BGUv-HtUL._SL500_.jpg" alt="Product Image"></a><p>Maybelline Facestudio Master Contour Face Contouring Kit, Light to Medium, 1 Count</p><p>$9.98 ($28.51 / Ounce)</p><a href="https://www.amazon.com/dp/B0169YYBYQ?tag=eloabder-20&linkCode=osi&th=1&psc=1">View Product</a></div><div class="product"><a href="https://www.amazon.com/dp/B00HG1JMB4?tag=eloabder-20&linkCode=osi&th=1&psc=1"><img src="https://m.media-amazon.com/images/I/31wv1eTLSgL._SL500_.jpg" alt="Product Image"></a><p>Anastasia Beverly Hills Contour Powder Kit - Light to Medium Women 0.66 oz</p><p>$40.00 ($60.61 / Ounce)</p><a href="https://www.amazon.com/dp/B00HG1JMB4?tag=eloabder-20&linkCode=osi&th=1&psc=1">View Product</a></div><div class="product"><a href="https://www.amazon.com/dp/B0CZLKZ5MV?tag=eloabder-20&linkCode=osi&th=1&psc=1"><img src="https://m.media-amazon.com/images/I/41bkKtdgzlL._SL500_.jpg" alt="Product Image"></a><p>3Pcs Cream Contour Stick Makeup Kit, Shades with Highlighter Stick, Blush Stick and Bronzer Contour Stick for Sculpt the Cheeks, Long Lasting, Waterproof, Matte & Dewy Finish (LIGHT MEDIUM)</p><p>$9.99</p><a href="https://www.amazon.com/dp/B0CZLKZ5MV?tag=eloabder-20&linkCode=osi&th=1&psc=1">View Product</a></div>
<div class="product"><a href="https://www.amazon.com/dp/B00WZQTCS8?tag=eloabder-20&linkCode=osi&th=1&psc=1"><img src="https://m.media-amazon.com/images/I/41iVoW5QboL._SL500_.jpg" alt="Product Image"></a><p>NYX PROFESSIONAL MAKEUP Micro Brow Pencil, Eyebrow Pencil - Espresso</p><p>$7.33</p><a href="https://www.amazon.com/dp/B00WZQTCS8?tag=eloabder-20&linkCode=osi&th=1&psc=1">View Product</a></div><div class="product"><a href="https://www.amazon.com/dp/B01643FI0I?tag=eloabder-20&linkCode=osi&th=1&psc=1"><img src="https://m.media-amazon.com/images/I/21w1DpgxRoL._SL500_.jpg" alt="Product Image"></a><p>L'Oreal Paris Makeup Brow Stylist Definer Waterproof Eyebrow Pencil, Ultra-Fine Mechanical Pencil, Draws Tiny Brow Hairs and Fills in Sparse Areas and Gaps, Dark Brunette, 0.003 Ounce (Pack of 1)</p><p>$8.98</p><a href="https://www.amazon.com/dp/B01643FI0I?tag=eloabder-20&linkCode=osi&th=1&psc=1">View Product</a></div><div class="product"><a href="https://www.amazon.com/dp/B074VD4X7W?tag=eloabder-20&linkCode=osi&th=1&psc=1"><img src="https://m.media-amazon.com/images/I/41eK8J1W2rL._SL500_.jpg" alt="Product Image"></a><p>Maybelline Total Temptation Eyebrow Definer Pencil, Soft Brown, 1 Count</p><p>$8.99</p><a href="https://www.amazon.com/dp/B074VD4X7W?tag=eloabder-20&linkCode=osi&th=1&psc=1">View Product</a></div><div class="product"><a href="https://www.amazon.com/dp/B0797NNXS7?tag=eloabder-20&linkCode=osi&th=1&psc=1"><img src="https://m.media-amazon.com/images/I/31M1oepnAnL._SL500_.jpg" alt="Product Image"></a><p>wet n wild Ultimate Eyebrow Retractable Definer Pencil, Dark Brown, Dual-Sided, Fine Tip, Shapes, Defines, Fills Brows Makeup</p><p>$3.26</p><a href="https://www.amazon.com/dp/B0797NNXS7?tag=eloabder-20&linkCode=osi&th=1&psc=1">View Product</a></div><div class="product"><a href="https://www.amazon.com/dp/B0B52KG7YP?tag=eloabder-20&linkCode=osi&th=1&psc=1"><img src="https://m.media-amazon.com/images/I/31Mi4FEPxYL._SL500_.jpg" alt="Product Image"></a><p>e.l.f. Instant Lift Brow Pencil, Dual-Ended Precision Brow Pencils For Shaping & Defining Eyebrows, Vegan & Cruelty-Free, Neutral Brown, 2-Pack</p><p>$5.00</p><a href="https://www.amazon.com/dp/B0B52KG7YP?tag=eloabder-20&linkCode=osi&th=1&psc=1">View Product</a></div><div class="product"><a href="https://www.amazon.com/dp/B0CPFY8K8W?tag=eloabder-20&linkCode=osi&th=1&psc=1"><img src="https://m.media-amazon.com/images/I/21SmXiqZZYL._SL500_.jpg" alt="Product Image"></a><p>e.l.f. Instant Lift Waterproof Brow Pencil, Long-Lasting Eyebrow Pencil For Grooming & Shaping Brows, Vegan & Cruelty-free, Deep Brown</p><p>$4.00</p><a href="https://www.amazon.com/dp/B0CPFY8K8W?tag=eloabder-20&linkCode=osi&th=1&psc=1">View Product</a></div><div class="product"><a href="https://www.amazon.com/dp/B0779TDXZD?tag=eloabder-20&linkCode=osi&th=1&psc=1"><img src="https://m.media-amazon.com/images/I/31lQjBd5GoL._SL500_.jpg" alt="Product Image"></a><p>COVERGIRL - Easy Breezy Brow Micro-Fine + Define Pencil, Micro-fine tip, no sharpening required, Built-in spoolie-brush, 100% Cruelty-Free</p><p>$6.98</p><a href="https://www.amazon.com/dp/B0779TDXZD?tag=eloabder-20&linkCode=osi&th=1&psc=1">View Product</a></div><div class="product"><a href="https://www.amazon.com/dp/B001ESKLZQ?tag=eloabder-20&linkCode=osi&th=1&psc=1"><img src="https://m.media-amazon.com/images/I/31bw47frHzS._SL500_.jpg" alt="Product Image"></a><p>COVERGIRL - Easy Breezy Brow Fill + Define Brow Pencil, Sharpener Included, Long-Lasting, Deeply Pigmented, Blendable Formula, 100% Cruelty-Free</p><p>$4.47</p><a href="https://www.amazon.com/dp/B001ESKLZQ?tag=eloabder-20&linkCode=osi&th=1&psc=1">View Product</a></div><div class="product"><a href="https://www.amazon.com/dp/B0BZB5S5VZ?tag=eloabder-20&linkCode=osi&th=1&psc=1"><img src="https://m.media-amazon.com/images/I/21yggYcUn7L._SL500_.jpg" alt="Product Image"></a><p>Maybelline Express Brow Ultra Slim Eyebrow Makeup, Brow Pencil with Precision Tip and Spoolie for Defined Eyebrows, Ash Brown, 1 Count</p><p>$7.99</p><a href="https://www.amazon.com/dp/B0BZB5S5VZ?tag=eloabder-20&linkCode=osi&th=1&psc=1">View Product</a></div><div class="product"><a href="https://www.amazon.com/dp/B0D12PWNK6?tag=eloabder-20&linkCode=osi&th=1&psc=1"><img src="https://m.media-amazon.com/images/I/51u7eOlEtFL._SL500_.jpg" alt="Product Image"></a><p>iMethod Microblading Eyebrow Pen - Eyebrow Pencil Magical 2-in-1 Dual-Ended Eye Brow Pencils for Women with 4-Fork-Tip & Precise Brush-Tip Create Natural Hair-Like Brows, Last All-Day, Dark Brown</p><p>$14.97 ($14.97 / Count)</p><a href="https://www.amazon.com/dp/B0D12PWNK6?tag=eloabder-20&linkCode=osi&th=1&psc=1">View Product</a></div>
<div class="product"><a href="https://www.amazon.com/dp/B08M58SWB1?tag=eloabder-20&linkCode=osi&th=1&psc=1"><img src="https://m.media-amazon.com/images/I/310xAdliG2L._SL500_.jpg" alt="Product Image"></a><p>NYX PROFESSIONAL MAKEUP The Brow Glue, Extreme Hold Eyebrow Gel - Clear</p><p>$9.97</p><a href="https://www.amazon.com/dp/B08M58SWB1?tag=eloabder-20&linkCode=osi&th=1&psc=1">View Product</a></div><div class="product"><a href="https://www.amazon.com/dp/B0CXZHMR7J?tag=eloabder-20&linkCode=osi&th=1&psc=1"><img src="https://m.media-amazon.com/images/I/31Yeo2ybK3L._SL500_.jpg" alt="Product Image"></a><p>L'Oreal Paris Infallible Up To 24H Wear Brow Lamination, Water-Resistant Longwear Eyebrow Gel Make Up, Clear/Transparent, 0.16 Fl Oz</p><p>$10.98</p><a href="https://www.amazon.com/dp/B0CXZHMR7J?tag=eloabder-20&linkCode=osi&th=1&psc=1">View Product</a></div><div class="product"><a href="https://www.amazon.com/dp/B00INCDKDQ?tag=eloabder-20&linkCode=osi&th=1&psc=1"><img src="https://m.media-amazon.com/images/I/31av5tR14oL._SL500_.jpg" alt="Product Image"></a><p>NYX PROFESSIONAL MAKEUP Control Freak Eyebrow Gel - Clear</p><p>$5.25</p><a href="https://www.amazon.com/dp/B00INCDKDQ?tag=eloabder-20&linkCode=osi&th=1&psc=1">View Product</a></div><div class="product"><a href="https://www.amazon.com/dp/B0815D98F3?tag=eloabder-20&linkCode=osi&th=1&psc=1"><img src="https://m.media-amazon.com/images/I/21QZMOUJnZL._SL500_.jpg" alt="Product Image"></a><p>e.l.f. Wow Brow Gel, Volumizing, Buildable, Wax-Gel Hybrid, Creates Full, Voluminous-Looking Brows, Locks Brow Hairs In Place, Neutral Brown, Fiber-Infused, 0.12 Oz</p><p>$5.00</p><a href="https://www.amazon.com/dp/B0815D98F3?tag=eloabder-20&linkCode=osi&th=1&psc=1">View Product</a></div><div class="product"><a href="https://www.amazon.com/dp/B0CZ9RC3LP?tag=eloabder-20&linkCode=osi&th=1&psc=1"><img src="https://m.media-amazon.com/images/I/31iejSSA86L._SL500_.jpg" alt="Product Image"></a><p>Maybelline Super Lock Brow Glue Eyebrow Gel, Lightweight Brow Gel For Up To 24HR Hold, Clear, 1 Count</p><p>$8.98</p><a href="https://www.amazon.com/dp/B0CZ9RC3LP?tag=eloabder-20&linkCode=osi&th=1&psc=1">View Product</a></div><div class="product"><a href="https://www.amazon.com/dp/B07GYBFBLY?tag=eloabder-20&linkCode=osi&th=1&psc=1"><img src="https://m.media-amazon.com/images/I/41kXdvFl3lL._SL500_.jpg" alt="Product Image"></a><p>L'Oreal Paris Unbelieva-Brow Longwear Waterproof Tinted Brow Gel, Smudge-resistant, Transfer- Proof, Quick Drying, Easy and quick application with precise brush, Blonde, 0.15 fl. oz.</p><p>$14.99</p><a href="https://www.amazon.com/dp/B07GYBFBLY?tag=eloabder-20&linkCode=osi&th=1&psc=1">View Product</a></div><div class="product"><a href="https://www.amazon.com/dp/B0BSP2J3BH?tag=eloabder-20&linkCode=osi&th=1&psc=1"><img src="https://m.media-amazon.com/images/I/316Jdh8JQ8L._SL500_.jpg" alt="Product Image"></a><p>e.l.f. Clear Lash & Brow Mascara 2-Pack, Conditioning Clear Brow & Lash Gel For Grooming, Defining & Separating, Long-Lasting, Vegan & Cruelty-Free</p><p>$5.00</p><a href="https://www.amazon.com/dp/B0BSP2J3BH?tag=eloabder-20&linkCode=osi&th=1&psc=1">View Product</a></div><div class="product"><a href="https://www.amazon.com/dp/B0D3FGY5D6?tag=eloabder-20&linkCode=osi&th=1&psc=1"><img src="https://m.media-amazon.com/images/I/31aAxHQKwVL._SL500_.jpg" alt="Product Image"></a><p>e.l.f. Brow Laminating Gel, Strong-Hold, Clear-Drying & Water-Resistant Brow Gel Creates Laminated Brows, Comb & Sculpt Brows, Vegan & Cruelty-free</p><p>$8.00</p><a href="https://www.amazon.com/dp/B0D3FGY5D6?tag=eloabder-20&linkCode=osi&th=1&psc=1">View Product</a></div><div class="product"><a href="https://www.amazon.com/dp/B00GI21NZA?tag=eloabder-20&linkCode=osi&th=1&psc=1"><img src="https://m.media-amazon.com/images/I/31w5F4g8lsL._SL500_.jpg" alt="Product Image"></a><p>Anastasia Beverly Hills - Clear Brow Gel</p><p>$22.00 ($22.00 / Count)</p><a href="https://www.amazon.com/dp/B00GI21NZA?tag=eloabder-20&linkCode=osi&th=1&psc=1">View Product</a></div>
<div class="product"><a href="https://www.amazon.com/dp/B001AAVC7Y?tag=eloabder-20&linkCode=osi&th=1&psc=1"><img src="https://m.media-amazon.com/images/I/51pWQb458XL._SL500_.jpg" alt="Product Image"></a><p>Palladio Brow Powder for Eyebrows, Soft and Natural Eyebrow Powder with Jojoba Oil & Shea Butter, Helps Enhance & Define Brows, Compact Size for Purse or Travel, Includes Applicator Brush, Taupe</p><p>$8.99</p><a href="https://www.amazon.com/dp/B001AAVC7Y?tag=eloabder-20&linkCode=osi&th=1&psc=1">View Product</a></div><div class="product"><a href="https://www.amazon.com/dp/B082YQ4QXJ?tag=eloabder-20&linkCode=osi&th=1&psc=1"><img src="https://m.media-amazon.com/images/I/41eSAKmXl+L._SL500_.jpg" alt="Product Image"></a><p>wet n wild Ultimate Eyebrow Makeup Kit, Eyebrow Powder Dark Brown, Brow Hair Removal Tweezers, Wax, Brush</p><p>$4.47</p><a href="https://www.amazon.com/dp/B082YQ4QXJ?tag=eloabder-20&linkCode=osi&th=1&psc=1">View Product</a></div><div class="product"><a href="https://www.amazon.com/dp/B06XRTKFLK?tag=eloabder-20&linkCode=osi&th=1&psc=1"><img src="https://m.media-amazon.com/images/I/41XwKxED0-L._SL500_.jpg" alt="Product Image"></a><p>COVERGIRL - Easy Breezy Brow Powder Kit, three shades brow definer, professional double-ended angled brush, effortless, 100% Cruelty-Free</p><p>$8.83</p><a href="https://www.amazon.com/dp/B06XRTKFLK?tag=eloabder-20&linkCode=osi&th=1&psc=1">View Product</a></div><div class="product"><a href="https://www.amazon.com/dp/B00L1JKKMC?tag=eloabder-20&linkCode=osi&th=1&psc=1"><img src="https://m.media-amazon.com/images/I/31bkV3lHN+L._SL500_.jpg" alt="Product Image"></a><p>Anastasia Beverly Hills - Brow Powder Duo - Soft Brown</p><p>$23.00</p><a href="https://www.amazon.com/dp/B00L1JKKMC?tag=eloabder-20&linkCode=osi&th=1&psc=1">View Product</a></div><div class="product"><a href="https://www.amazon.com/dp/B00MGK9Q5M?tag=eloabder-20&linkCode=osi&th=1&psc=1"><img src="https://m.media-amazon.com/images/I/415oCHJxIQL._SL500_.jpg" alt="Product Image"></a><p>Rimmel Brow This Way Sculpting Kit, Medium Brown, Powder 0.04 Ounce, Wax 0.03 Ounce</p><p>$6.99</p><a href="https://www.amazon.com/dp/B00MGK9Q5M?tag=eloabder-20&linkCode=osi&th=1&psc=1">View Product</a></div><div class="product"><a href="https://www.amazon.com/dp/B0051UM9VC?tag=eloabder-20&linkCode=osi&th=1&psc=1"><img src="https://m.media-amazon.com/images/I/41Y-UExgalL._SL500_.jpg" alt="Product Image"></a><p>Billion Dollar BrowBillion Dollar Brows - Eyebrow Powder - Blonde Powder, Blonde,</p><p>$10.99</p><a href="https://www.amazon.com/dp/B0051UM9VC?tag=eloabder-20&linkCode=osi&th=1&psc=1">View Product</a></div><div class="product"><a href="https://www.amazon.com/dp/B08KJBZTJG?tag=eloabder-20&linkCode=osi&th=1&psc=1"><img src="https://m.media-amazon.com/images/I/41MbUKhqKML._SL500_.jpg" alt="Product Image"></a><p>Eyebrow powder three-color eyebrow palette beauty contour eyebrow pencil professional eye makeup eyebrow filler1</p><p>$5.16 ($24.57 / Ounce)</p><a href="https://www.amazon.com/dp/B08KJBZTJG?tag=eloabder-20&linkCode=osi&th=1&psc=1">View Product</a></div><div class="product"><a href="https://www.amazon.com/dp/B0C5N2BWM2?tag=eloabder-20&linkCode=osi&th=1&psc=1"><img src="https://m.media-amazon.com/images/I/41JRf57GnvL._SL500_.jpg" alt="Product Image"></a><p>Eyebrow Powder Makeup Kit-3 Colors Eye Brow Powder Palette Long-Lasting Waterproof, Dark/light Brown Brow Filler, Fill & Sculpt Full Eyebrows for Women, With Mirror, Brow Brush & Razor-Set 02</p><p>$7.99 ($38.05 / Ounce)</p><a href="https://www.amazon.com/dp/B0C5N2BWM2?tag=eloabder-20&linkCode=osi&th=1&psc=1">View Product</a></div><div class="product"><a href="https://www.amazon.com/dp/B00M42I62G?tag=eloabder-20&linkCode=osi&th=1&psc=1"><img src="https://m.media-amazon.com/images/I/51Se54PcS2L._SL500_.jpg" alt="Product Image"></a><p>Marie-José & Co Medium Brown Eyebrow Powder - Perfect eyebrows, powder smooth!</p><p>$17.95</p><a href="https://www.amazon.com/dp/B00M42I62G?tag=eloabder-20&linkCode=osi&th=1&psc=1">View Product</a></div>
<div class="product"><a href="https://www.amazon.com/dp/B085WR3YDT?tag=eloabder-20&linkCode=osi&th=1&psc=1"><img src="https://m.media-amazon.com/images/I/41cuO8PyoTL._SL500_.jpg" alt="Product Image"></a><p>wet n wild Color Icon Cream Eyeshadow Multi-Stick, Moisturizing, Nourishing Velvety Cream-to-Powder Buildable & Blendable Formula, Cruelty-Free & Vegan - Champagne Room</p><p>$3.28</p><a href="https://www.amazon.com/dp/B085WR3YDT?tag=eloabder-20&linkCode=osi&th=1&psc=1">View Product</a></div><div class="product"><a href="https://www.amazon.com/dp/B01IW02HX2?tag=eloabder-20&linkCode=osi&th=1&psc=1"><img src="https://m.media-amazon.com/images/I/510F-WOAL4L._SL500_.jpg" alt="Product Image"></a><p>NYX PROFESSIONAL MAKEUP Ultimate Shadow Palette, Eyeshadow Palette - Warm Neutrals</p><p>$9.99</p><a href="https://www.amazon.com/dp/B01IW02HX2?tag=eloabder-20&linkCode=osi&th=1&psc=1">View Product</a></div><div class="product"><a href="https://www.amazon.com/dp/B092JQ23N5?tag=eloabder-20&linkCode=osi&th=1&psc=1"><img src="https://m.media-amazon.com/images/I/51OUufwItlL._SL500_.jpg" alt="Product Image"></a><p>URBAN DECAY 24/7 Longwear Eyeshadow Single (Sin - Champagne Shimmer), High-Pigment Eye Shadow Compact, Smooth & Blendable Colors, Crease-free, Vegan - 0.06 oz</p><p>$22.00</p><a href="https://www.amazon.com/dp/B092JQ23N5?tag=eloabder-20&linkCode=osi&th=1&psc=1">View Product</a></div><div class="product"><a href="https://www.amazon.com/dp/B00L5SMFJU?tag=eloabder-20&linkCode=osi&th=1&psc=1"><img src="https://m.media-amazon.com/images/I/41-WaM3A3tL._SL500_.jpg" alt="Product Image"></a><p>Covergirl Eye Enhancers Eye Shadow Palette, Natural Nudes, 0.19 Ounce</p><p>$5.48</p><a href="https://www.amazon.com/dp/B00L5SMFJU?tag=eloabder-20&linkCode=osi&th=1&psc=1">View Product</a></div><div class="product"><a href="https://www.amazon.com/dp/B01LW1983J?tag=eloabder-20&linkCode=osi&th=1&psc=1"><img src="https://m.media-amazon.com/images/I/51EsPf59XBL._SL500_.jpg" alt="Product Image"></a><p>Julep Eyeshadow 101 Crème to Powder Waterproof Eyeshadow Stick, Champagne Shimmer</p><p>$18.00</p><a href="https://www.amazon.com/dp/B01LW1983J?tag=eloabder-20&linkCode=osi&th=1&psc=1">View Product</a></div><div class="product"><a href="https://www.amazon.com/dp/B0D3FGFBGQ?tag=eloabder-20&linkCode=osi&th=1&psc=1"><img src="https://m.media-amazon.com/images/I/31HD2nUWJSL._SL500_.jpg" alt="Product Image"></a><p>e.l.f. Lock It Down Eyeshadow Primer, Smooth, Creamy Primer For Long-Lasting Eyeshadow, Intensifies Liquid & Powder Color, Vegan & Cruelty-free</p><p>$7.00</p><a href="https://www.amazon.com/dp/B0D3FGFBGQ?tag=eloabder-20&linkCode=osi&th=1&psc=1">View Product</a></div><div class="product"><a href="https://www.amazon.com/dp/B00UKP1M2K?tag=eloabder-20&linkCode=osi&th=1&psc=1"><img src="https://m.media-amazon.com/images/I/41hSsvPHKxL._SL500_.jpg" alt="Product Image"></a><p>Maybelline The Blushed Nudes Eyeshadow Palette Makeup, 12 Pigmented Matte & Shimmer Shades, Blendable Powder, 1 Count</p><p>$9.32</p><a href="https://www.amazon.com/dp/B00UKP1M2K?tag=eloabder-20&linkCode=osi&th=1&psc=1">View Product</a></div><div class="product"><a href="https://www.amazon.com/dp/B07MQJRK7N?tag=eloabder-20&linkCode=osi&th=1&psc=1"><img src="https://m.media-amazon.com/images/I/41yzRaUSPiL._SL500_.jpg" alt="Product Image"></a><p>Highly Pigmented Eye Makeup Palette, Matte Shimmer Metallic Eyeshadow Pallet Long Lasting Blendable Natural Colors Make Up Eye Shadows Cosmetics Gift Kit</p><p>$7.39</p><a href="https://www.amazon.com/dp/B07MQJRK7N?tag=eloabder-20&linkCode=osi&th=1&psc=1">View Product</a></div><div class="product"><a href="https://www.amazon.com/dp/B08RS6WNX7?tag=eloabder-20&linkCode=osi&th=1&psc=1"><img src="https://m.media-amazon.com/images/I/51qCii788PL._SL500_.jpg" alt="Product Image"></a><p>wet n wild Color Icon 5-Pan Palette Brown Walking On Eggshells</p><p>$3.19</p><a href="https://www.amazon.com/dp/B08RS6WNX7?tag=eloabder-20&linkCode=osi&th=1&psc=1">View Product</a></div><div class="product"><a href="https://www.amazon.com/dp/B073ZBGLJF?tag=eloabder-20&linkCode=osi&th=1&psc=1"><img src="https://m.media-amazon.com/images/I/41go9Ug8AOL._SL500_.jpg" alt="Product Image"></a><p>BestLand 2 Pack 12 Colors Makeup Nude Colors Eyeshadow Palette Natural Nude Matte Shimmer Glitter Pigment Eye Shadow Pallete Set Waterproof Smokey Professional Beauty Makeup Kit (2 PCS)</p><p>$9.99</p><a href="https://www.amazon.com/dp/B073ZBGLJF?tag=eloabder-20&linkCode=osi&th=1&psc=1">View Product</a></div>
<div class="product"><a href="https://www.amazon.com/dp/B095PSJ7QV?tag=eloabder-20&linkCode=osi&th=1&psc=1"><img src="https://m.media-amazon.com/images/I/41KLL00KKZL._SL500_.jpg" alt="Product Image"></a><p>URBAN DECAY Naked3 Mini Eyeshadow Palette - Pigmented Eye Makeup Palette For On the Go - Ultra Blendable - Up to 12 Hour Wear</p><p>$35.00</p><a href="https://www.amazon.com/dp/B095PSJ7QV?tag=eloabder-20&linkCode=osi&th=1&psc=1">View Product</a></div><div class="product"><a href="https://www.amazon.com/dp/B07DZZG8X4?tag=eloabder-20&linkCode=osi&th=1&psc=1"><img src="https://m.media-amazon.com/images/I/41Rbe3ixSHL._SL500_.jpg" alt="Product Image"></a><p>Rimmel London Magnif'Eyes Eyeshadow Palette, 12 Shades, Blendable Formula, Versatile, 007, Crimson, 0.5oz</p><p>$3.70</p><a href="https://www.amazon.com/dp/B07DZZG8X4?tag=eloabder-20&linkCode=osi&th=1&psc=1">View Product</a></div><div class="product"><a href="https://www.amazon.com/dp/B00HIFA24O?tag=eloabder-20&linkCode=osi&th=1&psc=1"><img src="https://m.media-amazon.com/images/I/41pHzrdjcPL._SL500_.jpg" alt="Product Image"></a><p>URBAN DECAY Naked 3, Soft Pink Neutral Eyeshadow Palette, Matte, Pearl, Metallic, Shimmer Finish, 12 Mauve Brown & Nude Eye Shadows, Natural Soft Glam Smokey Eye Makeup, Vegan, Cruelty-free</p><p>$59.00</p><a href="https://www.amazon.com/dp/B00HIFA24O?tag=eloabder-20&linkCode=osi&th=1&psc=1">View Product</a></div><div class="product"><a href="https://www.amazon.com/dp/B0CP49R493?tag=eloabder-20&linkCode=osi&th=1&psc=1"><img src="https://m.media-amazon.com/images/I/41mV4uKx5HL._SL500_.jpg" alt="Product Image"></a><p>FLYEEO Neutral Brown Eye Shadow palette- Rose Gold Dark Brown Eyeshadow Palette Colorful 9 Colors, Matte Shimmer Highly Pigmented Nude Eyeshadow Palette Makeup Naturing-Looking Long Lasting</p><p>$5.88</p><a href="https://www.amazon.com/dp/B0CP49R493?tag=eloabder-20&linkCode=osi&th=1&psc=1">View Product</a></div><div class="product"><a href="https://www.amazon.com/dp/B0CYX9V642?tag=eloabder-20&linkCode=osi&th=1&psc=1"><img src="https://m.media-amazon.com/images/I/51jaIKsO-uL._SL500_.jpg" alt="Product Image"></a><p>imakeupnow 45 Shades Eye Shadow Makeup Palette Set Colorful Bright, High Pigmented Eyeshadow Pallets, Matte Shimmer Glitter for Halloween</p><p>$7.59</p><a href="https://www.amazon.com/dp/B0CYX9V642?tag=eloabder-20&linkCode=osi&th=1&psc=1">View Product</a></div>
<div class="product"><a href="https://www.amazon.com/dp/B0C9TXLWLY?tag=eloabder-20&linkCode=osi&th=1&psc=1"><img src="https://m.media-amazon.com/images/I/31-5KVw5KDL._SL500_.jpg" alt="Product Image"></a><p>PRIME PROMETICS PrimeEyes Glide Eyeliner for Mature Women – Water-Resistant, Long-Stay and Mess-Proof – Gel Cream Texture, Discreet Sharpener and Effective Smudger (Black)</p><p>$28.00 ($28.00 / Count)</p><a href="https://www.amazon.com/dp/B0C9TXLWLY?tag=eloabder-20&linkCode=osi&th=1&psc=1">View Product</a></div><div class="product"><a href="https://www.amazon.com/dp/B07MWSXPT1?tag=eloabder-20&linkCode=osi&th=1&psc=1"><img src="https://m.media-amazon.com/images/I/315xthaPi6L._SL500_.jpg" alt="Product Image"></a><p>e.l.f. No Budge Retractable Eyeliner, Creamy, Ultra-Pigmented & Waterproof, Creates Bold & Defined Lines, Vegan & Cruelty-Free, Black 0.006 Oz</p><p>$4.00</p><a href="https://www.amazon.com/dp/B07MWSXPT1?tag=eloabder-20&linkCode=osi&th=1&psc=1">View Product</a></div><div class="product"><a href="https://www.amazon.com/dp/B07W8JJ61X?tag=eloabder-20&linkCode=osi&th=1&psc=1"><img src="https://m.media-amazon.com/images/I/31wj5vRROwL._SL500_.jpg" alt="Product Image"></a><p>Maybelline Hyper Easy Liquid Pen No-Skip Eyeliner, Satin Finish, Waterproof Formula, Pitch Black, 0.018 Fl Oz</p><p>$8.38</p><a href="https://www.amazon.com/dp/B07W8JJ61X?tag=eloabder-20&linkCode=osi&th=1&psc=1">View Product</a></div><div class="product"><a href="https://www.amazon.com/dp/B01J1A3TFW?tag=eloabder-20&linkCode=osi&th=1&psc=1"><img src="https://m.media-amazon.com/images/I/51z42sdOArL._SL500_.jpg" alt="Product Image"></a><p>Revlon Pencil Eyeliner, ColorStay Eye Makeup with Built-in Sharpener, Waterproof, Smudge-proof, Longwearing with Ultra-Fine Tip, 201 Black, 2 count (Pack of 1)</p><p>$11.38</p><a href="https://www.amazon.com/dp/B01J1A3TFW?tag=eloabder-20&linkCode=osi&th=1&psc=1">View Product</a></div><div class="product"><a href="https://www.amazon.com/dp/B074Y8LM6T?tag=eloabder-20&linkCode=osi&th=1&psc=1"><img src="https://m.media-amazon.com/images/I/316blXt1KxL._SL500_.jpg" alt="Product Image"></a><p>NYX PROFESSIONAL MAKEUP Epic Ink Liner, Waterproof Liquid Eyeliner - Black, Vegan Formula</p><p>$7.50</p><a href="https://www.amazon.com/dp/B074Y8LM6T?tag=eloabder-20&linkCode=osi&th=1&psc=1">View Product</a></div><div class="product"><a href="https://www.amazon.com/dp/B005G9E9FW?tag=eloabder-20&linkCode=osi&th=1&psc=1"><img src="https://m.media-amazon.com/images/I/51poZdEojrL._SL500_.jpg" alt="Product Image"></a><p>NYX PROFESSIONAL MAKEUP Vivid Rich Mechanical Eye Pencil, Vivid Rich Mechanical, Creamy Retractable Eyeliner - Smokin Topaz, Brown Eyeliner</p><p>$6.00</p><a href="https://www.amazon.com/dp/B005G9E9FW?tag=eloabder-20&linkCode=osi&th=1&psc=1">View Product</a></div><div class="product"><a href="https://www.amazon.com/dp/B082YQ8TXR?tag=eloabder-20&linkCode=osi&th=1&psc=1"><img src="https://m.media-amazon.com/images/I/31Et4E-arpL._SL500_.jpg" alt="Product Image"></a><p>wet n wild Mega Last Breakup Proof Liquid Eyeliner - Quick Drying, Smudge-Resistant, 16-Hour Wear - Cruelty-Free & Vegan - Black</p><p>$5.47</p><a href="https://www.amazon.com/dp/B082YQ8TXR?tag=eloabder-20&linkCode=osi&th=1&psc=1">View Product</a></div><div class="product"><a href="https://www.amazon.com/dp/B07NX61ZHN?tag=eloabder-20&linkCode=osi&th=1&psc=1"><img src="https://m.media-amazon.com/images/I/31kQNTwJazL._SL500_.jpg" alt="Product Image"></a><p>Rimmel London exaggerate auto waterproof eye definer in blackest black, 2 Count</p><p>$6.97</p><a href="https://www.amazon.com/dp/B07NX61ZHN?tag=eloabder-20&linkCode=osi&th=1&psc=1">View Product</a></div><div class="product"><a href="https://www.amazon.com/dp/B082YPRCMM?tag=eloabder-20&linkCode=osi&th=1&psc=1"><img src="https://m.media-amazon.com/images/I/317ubI9GTBL._SL500_.jpg" alt="Product Image"></a><p>wet n wild Mega Last Breakup Proof Eyeliner, Quick Drying, Waterproof, 16-Hour Wear - Cruelty-Free & Vegan - Blackest Black</p><p>$2.28</p><a href="https://www.amazon.com/dp/B082YPRCMM?tag=eloabder-20&linkCode=osi&th=1&psc=1">View Product</a></div><div class="product"><a href="https://www.amazon.com/dp/B07GX832KD?tag=eloabder-20&linkCode=osi&th=1&psc=1"><img src="https://m.media-amazon.com/images/I/315wR2F58-L._SL500_.jpg" alt="Product Image"></a><p>Maybelline TattooStudio Long-Lasting Sharpenable Eyeliner Pencil, Glide on Smooth Gel Pigments with 36 Hour Wear, Waterproof, Deep Onyx, 1 Count</p><p>$6.42</p><a href="https://www.amazon.com/dp/B07GX832KD?tag=eloabder-20&linkCode=osi&th=1&psc=1">View Product</a></div>
<div class="product"><a href="https://www.amazon.com/dp/B0BG7MWNNN?tag=eloabder-20&linkCode=osi&th=1&psc=1"><img src="https://m.media-amazon.com/images/I/41E8W4N+FkL._SL500_.jpg" alt="Product Image"></a><p>Prime Prometics PrimeLash Mascara for Older Women – Volumizing, Incredible Length in 2 Coats – Long-Stay, Zero Clumps, Hypoallergenic (Brown)</p><p>$28.00</p><a href="https://www.amazon.com/dp/B0BG7MWNNN?tag=eloabder-20&linkCode=osi&th=1&psc=1">View Product</a></div><div class="product"><a href="https://www.amazon.com/dp/B00T0C9XRK?tag=eloabder-20&linkCode=osi&th=1&psc=1"><img src="https://m.media-amazon.com/images/I/41IP2ZEXFNL._SL500_.jpg" alt="Product Image"></a><p>essence | Lash Princess False Lash Effect Mascara | Volumizing & Lengthening | Cruelty Free & Paraben Free</p><p>$4.99 ($12.17 / Fl Oz )</p><a href="https://www.amazon.com/dp/B00T0C9XRK?tag=eloabder-20&linkCode=osi&th=1&psc=1">View Product</a></div><div class="product"><a href="https://www.amazon.com/dp/B08H3JPH74?tag=eloabder-20&linkCode=osi&th=1&psc=1"><img src="https://m.media-amazon.com/images/I/31hf532TEHL._SL500_.jpg" alt="Product Image"></a><p>Maybelline Lash Sensational Sky High Washable Mascara Makeup, Volumizing, Lengthening, Defining, Curling, Multiplying, Buildable Formula, Blackest Black, 1 Count</p><p>$9.98</p><a href="https://www.amazon.com/dp/B08H3JPH74?tag=eloabder-20&linkCode=osi&th=1&psc=1">View Product</a></div><div class="product"><a href="https://www.amazon.com/dp/B01DPA6OHO?tag=eloabder-20&linkCode=osi&th=1&psc=1"><img src="https://m.media-amazon.com/images/I/31xGLWu4IKL._SL500_.jpg" alt="Product Image"></a><p>L'Oreal Paris Makeup Voluminous Lash Boosting Conditioning Primer Mascara, White Primer, 0.24 fl; oz.</p><p>$8.88</p><a href="https://www.amazon.com/dp/B01DPA6OHO?tag=eloabder-20&linkCode=osi&th=1&psc=1">View Product</a></div><div class="product"><a href="https://www.amazon.com/dp/B06XF2TR11?tag=eloabder-20&linkCode=osi&th=1&psc=1"><img src="https://m.media-amazon.com/images/I/31B6RR270IL._SL500_.jpg" alt="Product Image"></a><p>L'Oreal Paris Voluminous Makeup Lash Paradise Mascara, Voluptuous Volume, Intense Length, Feathery Soft Full Lashes, No Flaking, No Smudging, No Clumping, Blackest Black, 1 Count</p><p>$9.97</p><a href="https://www.amazon.com/dp/B06XF2TR11?tag=eloabder-20&linkCode=osi&th=1&psc=1">View Product</a></div><div class="product"><a href="https://www.amazon.com/dp/B004BCTFVS?tag=eloabder-20&linkCode=osi&th=1&psc=1"><img src="https://m.media-amazon.com/images/I/31-ICBRxi9L._SL500_.jpg" alt="Product Image"></a><p>L'Oreal Paris Makeup Voluminous Original Volume Building Mascara, Blackest Black, 0.28 fl; Oz, 1 Count</p><p>$8.95</p><a href="https://www.amazon.com/dp/B004BCTFVS?tag=eloabder-20&linkCode=osi&th=1&psc=1">View Product</a></div><div class="product"><a href="https://www.amazon.com/dp/B004BD107O?tag=eloabder-20&linkCode=osi&th=1&psc=1"><img src="https://m.media-amazon.com/images/I/31OWqsdljyL._SL500_.jpg" alt="Product Image"></a><p>L'Oreal Paris Makeup Telescopic Original Lengthening Mascara, Blackest Black, 0.27 Fl Oz (1 Count)</p><p>$10.99</p><a href="https://www.amazon.com/dp/B004BD107O?tag=eloabder-20&linkCode=osi&th=1&psc=1">View Product</a></div><div class="product"><a href="https://www.amazon.com/dp/B00PFCT2R0?tag=eloabder-20&linkCode=osi&th=1&psc=1"><img src="https://m.media-amazon.com/images/I/31RyE6ZtDIL._SL500_.jpg" alt="Product Image"></a><p>Maybelline Lash Sensational Washable Mascara, Lengthening and Volumizing for a Full Fan Effect, Blackest Black, 1 Count</p><p>$8.91</p><a href="https://www.amazon.com/dp/B00PFCT2R0?tag=eloabder-20&linkCode=osi&th=1&psc=1">View Product</a></div><div class="product"><a href="https://www.amazon.com/dp/B08TPCHYLW?tag=eloabder-20&linkCode=osi&th=1&psc=1"><img src="https://m.media-amazon.com/images/I/31EWIaihEwL._SL500_.jpg" alt="Product Image"></a><p>Lancôme Lash Idôle Lash-Lifting & Volumizing Mascara - Black Mascara for Instant Volume, Length & Lift - Smudge Proof & Up To 24H Wear - Black</p><p>$30.00 ($111.11 / Fl Oz)</p><a href="https://www.amazon.com/dp/B08TPCHYLW?tag=eloabder-20&linkCode=osi&th=1&psc=1">View Product</a></div><div class="product"><a href="https://www.amazon.com/dp/B079X4DB3J?tag=eloabder-20&linkCode=osi&th=1&psc=1"><img src="https://m.media-amazon.com/images/I/31jCqqzhgIL._SL500_.jpg" alt="Product Image"></a><p>essence | Volume Booster Lash Primer Mascara | Infused with Mango Butter and Acai Oil for Nurtured Lashes | Conditioning Mascara Primer | White | Vegan | Paraben & Cruelty Free (Pack of 1)</p><p>$4.99</p><a href="https://www.amazon.com/dp/B079X4DB3J?tag=eloabder-20&linkCode=osi&th=1&psc=1">View Product</a></div>
<div class="product"><a href="https://www.amazon.com/dp/B079B8BFR3?tag=eloabder-20&linkCode=osi&th=1&psc=1"><img src="https://m.media-amazon.com/images/I/41DSmndr3KL._SL500_.jpg" alt="Product Image"></a><p>KISS Looks So Natural, False Eyelashes, Shy', 12 mm, Includes 5 Pairs Of Lashes, Contact Lens Friendly, Easy to Apply, Reusable Strip Lashes, Glue On</p><p>$7.09</p><a href="https://www.amazon.com/dp/B079B8BFR3?tag=eloabder-20&linkCode=osi&th=1&psc=1">View Product</a></div><div class="product"><a href="https://www.amazon.com/dp/B09MQCDVM7?tag=eloabder-20&linkCode=osi&th=1&psc=1"><img src="https://m.media-amazon.com/images/I/510lQqrrVtL._SL500_.jpg" alt="Product Image"></a><p>False Eyelashes 14mm Faux 3D Mink Lashes Natural Look Fluffy Cat Eye Wispy Lashes Pack by Kiromiro, 14 Pairs</p><p>$8.89</p><a href="https://www.amazon.com/dp/B09MQCDVM7?tag=eloabder-20&linkCode=osi&th=1&psc=1">View Product</a></div><div class="product"><a href="https://www.amazon.com/dp/B0C5QK1QHP?tag=eloabder-20&linkCode=osi&th=1&psc=1"><img src="https://m.media-amazon.com/images/I/51eSQ4cj35L._SL500_.jpg" alt="Product Image"></a><p>Veleasha Lashes 5D Faux Mink Lashes 100% Handmade Luxurious Fake Eyelashes Lightweight Fluffy False Eyelashes 5 Pairs Pack (G2)</p><p>$6.98 ($1.40 / Count)</p><a href="https://www.amazon.com/dp/B0C5QK1QHP?tag=eloabder-20&linkCode=osi&th=1&psc=1">View Product</a></div><div class="product"><a href="https://www.amazon.com/dp/B00DS4EIEE?tag=eloabder-20&linkCode=osi&th=1&psc=1"><img src="https://m.media-amazon.com/images/I/415k4JSKxOL._SL500_.jpg" alt="Product Image"></a><p>KISS So Wispy, False Eyelashes, Style #11', 12 mm, Includes 5 Pairs Of Lashes, Contact Lens Friendly, Easy to Apply, Reusable Strip Lashes, Glue On, Mulitpack</p><p>$8.97 ($1.79 / Count)</p><a href="https://www.amazon.com/dp/B00DS4EIEE?tag=eloabder-20&linkCode=osi&th=1&psc=1">View Product</a></div><div class="product"><a href="https://www.amazon.com/dp/B08R6PR7ND?tag=eloabder-20&linkCode=osi&th=1&psc=1"><img src="https://m.media-amazon.com/images/I/41r4c3ZiCWL._SL500_.jpg" alt="Product Image"></a><p>KISS My Lash But Better, False Eyelashes, All Mine', 10 mm, Includes 1 Pair Of Lashes, Contact Lens Friendly, Easy to Apply, Reusable Strip Lashes, Glue-On</p><p>$3.97</p><a href="https://www.amazon.com/dp/B08R6PR7ND?tag=eloabder-20&linkCode=osi&th=1&psc=1">View Product</a></div><div class="product"><a href="https://www.amazon.com/dp/B0B1LRRTCH?tag=eloabder-20&linkCode=osi&th=1&psc=1"><img src="https://m.media-amazon.com/images/I/41gc2Df+nAL._SL500_.jpg" alt="Product Image"></a><p>GMAGICTOBO False Eyelashes Natural Half Lashes Short Wispy Clear Band Lashes Pack Cat Eye 3D Faux Mink Lashes Fake Eyelashes 7 Pairs Multipack</p><p>$8.59 ($1.23 / Count)</p><a href="https://www.amazon.com/dp/B0B1LRRTCH?tag=eloabder-20&linkCode=osi&th=1&psc=1">View Product</a></div><div class="product"><a href="https://www.amazon.com/dp/B0BX3YHN14?tag=eloabder-20&linkCode=osi&th=1&psc=1"><img src="https://m.media-amazon.com/images/I/51YYa1vTElL._SL500_.jpg" alt="Product Image"></a><p>KISS imPRESS Falsies False Eyelashes, Lash Clusters, Voluminous', 14 mm, Includes 20 Clusters, 1 applicator, Contact Lens Friendly, Easy to Apply, Reusable Strip Lashes</p><p>$12.72</p><a href="https://www.amazon.com/dp/B0BX3YHN14?tag=eloabder-20&linkCode=osi&th=1&psc=1">View Product</a></div><div class="product"><a href="https://www.amazon.com/dp/B00YYHHI1E?tag=eloabder-20&linkCode=osi&th=1&psc=1"><img src="https://m.media-amazon.com/images/I/419bv9iNI9L._SL500_.jpg" alt="Product Image"></a><p>Ardell False Eyelashes Demi Wispies Black, 1 pack (6 pairs per pack)</p><p>$9.74 ($1.95 / Count)</p><a href="https://www.amazon.com/dp/B00YYHHI1E?tag=eloabder-20&linkCode=osi&th=1&psc=1">View Product</a></div><div class="product"><a href="https://www.amazon.com/dp/B0CG5SY8J1?tag=eloabder-20&linkCode=osi&th=1&psc=1"><img src="https://m.media-amazon.com/images/I/41SWlZB3plL._SL500_.jpg" alt="Product Image"></a><p>Natural Lashes Natural Eyelashes Short Eyelashes Natural Look False Eyelashes Wispy Eye Lashes 10mm Small Lashes Fake Lashes K50</p><p>$7.93 ($1.13 / Count)</p><a href="https://www.amazon.com/dp/B0CG5SY8J1?tag=eloabder-20&linkCode=osi&th=1&psc=1">View Product</a></div><div class="product"><a href="https://www.amazon.com/dp/B08SPVMDTV?tag=eloabder-20&linkCode=osi&th=1&psc=1"><img src="https://m.media-amazon.com/images/I/41Q6wh0HacL._SL500_.jpg" alt="Product Image"></a><p>KISS Falscara Multipack False Eyelashes, Lash Clusters, Natural Wispy Wisps', 10mm-12mm-14mm, Includes 24 Assorted Lengths Wisps, Contact Lens Friendly, Easy to Apply, Reusable Strip Lashes</p><p>$6.47 ($0.27 / Count)</p><a href="https://www.amazon.com/dp/B08SPVMDTV?tag=eloabder-20&linkCode=osi&th=1&psc=1">View Product</a></div>
<div class="product"><a href="https://www.amazon.com/dp/B01BMMOAFU?tag=eloabder-20&linkCode=osi&th=1&psc=1"><img src="https://m.media-amazon.com/images/I/41RH+KsNzoS._SL500_.jpg" alt="Product Image"></a><p>KISS Strip Lash Adhesive, Lash Glue, 24hr Strip Eyelash Adhesive, Clear, Includes Lash Adhesive, Long Lasting Wear, Can Be Used with Strip Lashes and Lash Clusters</p><p>$3.97 ($23.35 / Ounce)</p><a href="https://www.amazon.com/dp/B01BMMOAFU?tag=eloabder-20&linkCode=osi&th=1&psc=1">View Product</a></div><div class="product"><a href="https://www.amazon.com/dp/B0BFRB2LNS?tag=eloabder-20&linkCode=osi&th=1&psc=1"><img src="https://m.media-amazon.com/images/I/41uxD-vIXQL._SL500_.jpg" alt="Product Image"></a><p>Cluster Lash Bond and Seal, Lash Cluster Glue for Individual Eyelash Extensions Strong Hold Individual Lash Glue Individual Eyelashes Glue Mascara for Personal Makeup Use at Home(5ml)</p><p>$8.99 ($52.88 / Fl Oz)</p><a href="https://www.amazon.com/dp/B0BFRB2LNS?tag=eloabder-20&linkCode=osi&th=1&psc=1">View Product</a></div><div class="product"><a href="https://www.amazon.com/dp/B006UZMXZY?tag=eloabder-20&linkCode=osi&th=1&psc=1"><img src="https://m.media-amazon.com/images/I/41YrQ9QUhlL._SL500_.jpg" alt="Product Image"></a><p>DUO Brush-On Lash Adhesive with Vitamins A, C & E, Clear, 0.18 oz, 1-Pack</p><p>$4.92 ($27.33 / Ounce)</p><a href="https://www.amazon.com/dp/B006UZMXZY?tag=eloabder-20&linkCode=osi&th=1&psc=1">View Product</a></div><div class="product"><a href="https://www.amazon.com/dp/B0BVLL8ZQF?tag=eloabder-20&linkCode=osi&th=1&psc=1"><img src="https://m.media-amazon.com/images/I/41OSC3l2NuL._SL500_.jpg" alt="Product Image"></a><p>Lash Glue Bond and Seal Long Lasting Strong Hold Waterproof 2 in 1 Cluster Eyelash Glue for DIY Lash Extensions by Mavphnee</p><p>$7.99 ($23.50 / Fl Oz)</p><a href="https://www.amazon.com/dp/B0BVLL8ZQF?tag=eloabder-20&linkCode=osi&th=1&psc=1">View Product</a></div><div class="product"><a href="https://www.amazon.com/dp/B01N143CA0?tag=eloabder-20&linkCode=osi&th=1&psc=1"><img src="https://m.media-amazon.com/images/I/31DwI2yjwYL._SL500_.jpg" alt="Product Image"></a><p>Extra Strong Eyelash Extension Glue Stacy Lash (0.17fl.oz / 5ml) / 0.5-1 Sec Dry/Retention – 8 Weeks/Black Adhesive/Professional Supplies</p><p>$21.49 ($126.41 / Fl Oz)</p><a href="https://www.amazon.com/dp/B01N143CA0?tag=eloabder-20&linkCode=osi&th=1&psc=1">View Product</a></div><div class="product"><a href="https://www.amazon.com/dp/B00RH8XUZK?tag=eloabder-20&linkCode=osi&th=1&psc=1"><img src="https://m.media-amazon.com/images/I/41ywEIr4LGL._SL500_.jpg" alt="Product Image"></a><p>i-Envy by KISS Super Strong Hold Eyelash Adhesive, Brush on, Waterproof Long-Lasting Strip Lash Glue, Natural-Looking Allergy & Latex Free with Brush Applicator (Clear)</p><p>$5.09</p><a href="https://www.amazon.com/dp/B00RH8XUZK?tag=eloabder-20&linkCode=osi&th=1&psc=1">View Product</a></div><div class="product"><a href="https://www.amazon.com/dp/B0B138BNSQ?tag=eloabder-20&linkCode=osi&th=1&psc=1"><img src="https://m.media-amazon.com/images/I/41y28D4CT2L._SL500_.jpg" alt="Product Image"></a><p>AOA Studio Eyelash Lash Glue Enhancers 4pcs Strip Lash Adhesive Strong Hold Water Proof Formula No Irritation Latex Free Long Lasing Quick Dry Eyelash adhesive 0.17oz Each (4 Pack) (Clear)</p><p>$8.95 ($2.24 / Count)</p><a href="https://www.amazon.com/dp/B0B138BNSQ?tag=eloabder-20&linkCode=osi&th=1&psc=1">View Product</a></div><div class="product"><a href="https://www.amazon.com/dp/B0CGKV8WRR?tag=eloabder-20&linkCode=osi&th=1&psc=1"><img src="https://m.media-amazon.com/images/I/31KsdJxWyQL._SL500_.jpg" alt="Product Image"></a><p>FlutterHabit Made for This Adhesive Lash Glue for Eyelash Extensions - Your Ultimate All-Day Hold Lash Cluster Glue for Effortless, Stunning, and Long-Lasting Eyelashes - All-in-one Lash Glue</p><p>$17.99</p><a href="https://www.amazon.com/dp/B0CGKV8WRR?tag=eloabder-20&linkCode=osi&th=1&psc=1">View Product</a></div><div class="product"><a href="https://www.amazon.com/dp/B09HK77CF1?tag=eloabder-20&linkCode=osi&th=1&psc=1"><img src="https://m.media-amazon.com/images/I/41md8lf4CYL._SL500_.jpg" alt="Product Image"></a><p>Lilac St - Pro Lash Glue - Long Lasting & Fast Drying Lash Application - Mini Mascara Wand Applicator - Latex Free - Vegan & Cruelty Free - Black</p><p>$19.00 ($111.76 / Ounce)</p><a href="https://www.amazon.com/dp/B09HK77CF1?tag=eloabder-20&linkCode=osi&th=1&psc=1">View Product</a></div><div class="product"><a href="https://www.amazon.com/dp/B07BGT18DP?tag=eloabder-20&linkCode=osi&th=1&psc=1"><img src="https://m.media-amazon.com/images/I/41FjwdBfRYL._SL500_.jpg" alt="Product Image"></a><p>Extra Strong Evolution Eyelash Extension Glue Stacy Lash (0.17fl.oz/5ml)/1-2 Sec Dry/Retention – 8 Weeks/Professional Supplies/Black Adhesive</p><p>$21.99 ($129.35 / Fl Oz)</p><a href="https://www.amazon.com/dp/B07BGT18DP?tag=eloabder-20&linkCode=osi&th=1&psc=1">View Product</a></div>
<div class="product"><a href="https://www.amazon.com/dp/B09T8DQ1SG?tag=eloabder-20&linkCode=osi&th=1&psc=1"><img src="https://m.media-amazon.com/images/I/41gpuwrIhOL._SL500_.jpg" alt="Product Image"></a><p>Maybelline Super Stay Vinyl Ink Longwear No-Budge Liquid Lipcolor Makeup, Highly Pigmented Color and Instant Shine, Royal, Deep Wine Red Lipstick, 0.14 fl oz, 1 Count</p><p>$9.98</p><a href="https://www.amazon.com/dp/B09T8DQ1SG?tag=eloabder-20&linkCode=osi&th=1&psc=1">View Product</a></div><div class="product"><a href="https://www.amazon.com/dp/B08H4FSGDX?tag=eloabder-20&linkCode=osi&th=1&psc=1"><img src="https://m.media-amazon.com/images/I/31OAiyoloML._SL500_.jpg" alt="Product Image"></a><p>Maybelline Super Stay Matte Ink Liquid Lipstick Makeup, Long Lasting High Impact Color, Up to 16H Wear, Exhilarator, Ruby Red, 1 Count</p><p>$9.18</p><a href="https://www.amazon.com/dp/B08H4FSGDX?tag=eloabder-20&linkCode=osi&th=1&psc=1">View Product</a></div><div class="product"><a href="https://www.amazon.com/dp/B07XTTDTWR?tag=eloabder-20&linkCode=osi&th=1&psc=1"><img src="https://m.media-amazon.com/images/I/31M4QldCq3L._SL500_.jpg" alt="Product Image"></a><p>REVLON Lipstick, Super Lustrous Lipstick, Creamy Formula For Soft, Fuller-Looking Lips, Moisturized Feel in Nudes & Browns, Bare It All (755) 0.15 oz</p><p>$6.48</p><a href="https://www.amazon.com/dp/B07XTTDTWR?tag=eloabder-20&linkCode=osi&th=1&psc=1">View Product</a></div><div class="product"><a href="https://www.amazon.com/dp/B079KFP7NT?tag=eloabder-20&linkCode=osi&th=1&psc=1"><img src="https://m.media-amazon.com/images/I/41Ih8G0FSmL._SL500_.jpg" alt="Product Image"></a><p>wet n wild Silk Finish Lipstick, Hydrating Rich Buildable Lip Color, Formulated with Vitamins A,E, & Macadamia for Ultimate Hydration, Cruelty-Free & Vegan - Raging Red</p><p>$1.29</p><a href="https://www.amazon.com/dp/B079KFP7NT?tag=eloabder-20&linkCode=osi&th=1&psc=1">View Product</a></div><div class="product"><a href="https://www.amazon.com/dp/B002F3R44K?tag=eloabder-20&linkCode=osi&th=1&psc=1"><img src="https://m.media-amazon.com/images/I/41-gXIE96GL._SL500_.jpg" alt="Product Image"></a><p>Revlon Lipstick, Super Lustrous Lipstick, Creamy Formula For Soft, Fuller-Looking Lips, Moisturized Feel in Pinks, Pink In The Afternoon (415) 0.15 oz</p><p>$6.48</p><a href="https://www.amazon.com/dp/B002F3R44K?tag=eloabder-20&linkCode=osi&th=1&psc=1">View Product</a></div><div class="product"><a href="https://www.amazon.com/dp/B001LFER98?tag=eloabder-20&linkCode=osi&th=1&psc=1"><img src="https://m.media-amazon.com/images/I/41wezVKuIoL._SL500_.jpg" alt="Product Image"></a><p>REVLON Lipstick, Super Lustrous Lipstick, Creamy Formula For Soft, Fuller-Looking Lips, Moisturized Feel in Reds & Corals, Peach Me (628) 0.15 oz</p><p>$4.99</p><a href="https://www.amazon.com/dp/B001LFER98?tag=eloabder-20&linkCode=osi&th=1&psc=1">View Product</a></div><div class="product"><a href="https://www.amazon.com/dp/B0046VESH0?tag=eloabder-20&linkCode=osi&th=1&psc=1"><img src="https://m.media-amazon.com/images/I/31yAUm+1KhL._SL500_.jpg" alt="Product Image"></a><p>MAYBELLINE Super Stay 24, 2-Step Liquid Lipstick Makeup, Long Lasting Highly Pigmented Color with Moisturizing Balm, Blush On, Pink, 1 Count</p><p>$8.98</p><a href="https://www.amazon.com/dp/B0046VESH0?tag=eloabder-20&linkCode=osi&th=1&psc=1">View Product</a></div>
<div class="product"><a href="https://www.amazon.com/dp/B09SP2XHKT?tag=eloabder-20&linkCode=osi&th=1&psc=1"><img src="https://m.media-amazon.com/images/I/31KGrScgA8L._SL500_.jpg" alt="Product Image"></a><p>NYX PROFESSIONAL MAKEUP Butter Gloss, Non-Sticky Lip Gloss - Sugar Glass (Clear)</p><p>$5.97</p><a href="https://www.amazon.com/dp/B09SP2XHKT?tag=eloabder-20&linkCode=osi&th=1&psc=1">View Product</a></div><div class="product"><a href="https://www.amazon.com/dp/B08GSTZ7ZW?tag=eloabder-20&linkCode=osi&th=1&psc=1"><img src="https://m.media-amazon.com/images/I/41nPuTtXVgL._SL500_.jpg" alt="Product Image"></a><p>Ruby Kisses Broadway Vita-Lip Clear Lip Gloss - Moisturizing, Hydrating, Nourishing with Mint, Rosehip, Coconut, Mango, Argan, Honey & Shea</p><p>$7.99 ($2.12 / Ounce)</p><a href="https://www.amazon.com/dp/B08GSTZ7ZW?tag=eloabder-20&linkCode=osi&th=1&psc=1">View Product</a></div><div class="product"><a href="https://www.amazon.com/dp/B015RPE14S?tag=eloabder-20&linkCode=osi&th=1&psc=1"><img src="https://m.media-amazon.com/images/I/31FRC3fz7EL._SL500_.jpg" alt="Product Image"></a><p>L.A. Colors High Shine Shea Butter Lip Gloss, Clear, 0.14 Ounce</p><p>$1.98</p><a href="https://www.amazon.com/dp/B015RPE14S?tag=eloabder-20&linkCode=osi&th=1&psc=1">View Product</a></div><div class="product"><a href="https://www.amazon.com/dp/B00Q26VWZI?tag=eloabder-20&linkCode=osi&th=1&psc=1"><img src="https://m.media-amazon.com/images/I/31Bqig96T0L._SL500_.jpg" alt="Product Image"></a><p>Rimmel Stay Glossy Lip Gloss - Non-Sticky and Lightweight Formula for Lip Color and Shine - 130 Blushing Belgraves, .18oz</p><p>$3.97</p><a href="https://www.amazon.com/dp/B00Q26VWZI?tag=eloabder-20&linkCode=osi&th=1&psc=1">View Product</a></div><div class="product"><a href="https://www.amazon.com/dp/B081C6PXZJ?tag=eloabder-20&linkCode=osi&th=1&psc=1"><img src="https://m.media-amazon.com/images/I/51+emO79aqL._SL500_.jpg" alt="Product Image"></a><p>NICKA K NEW YORK VARIETY SET OF 5 NK Hydrating Lip Gel - Vitamin E (Clear, Rosehip Oil, Bubble Gum, Cherry, Strawberry)</p><p>$5.41</p><a href="https://www.amazon.com/dp/B081C6PXZJ?tag=eloabder-20&linkCode=osi&th=1&psc=1">View Product</a></div><div class="product"><a href="https://www.amazon.com/dp/B085S94V2K?tag=eloabder-20&linkCode=osi&th=1&psc=1"><img src="https://m.media-amazon.com/images/I/41fsuEw2mbL._SL500_.jpg" alt="Product Image"></a><p>Maybelline Lifter Gloss, Hydrating Lip Gloss with Hyaluronic Acid, Moon, Nude Pink, 0.18 Ounce</p><p>$7.71</p><a href="https://www.amazon.com/dp/B085S94V2K?tag=eloabder-20&linkCode=osi&th=1&psc=1">View Product</a></div><div class="product"><a href="https://www.amazon.com/dp/B01N1ZC8JZ?tag=eloabder-20&linkCode=osi&th=1&psc=1"><img src="https://m.media-amazon.com/images/I/41fsaqWz6SL._SL500_.jpg" alt="Product Image"></a><p>Broadway Vita-Lip Clear Lip Gloss 0.47oz/14ml (5PCS Mint & Coconut & Rosehip & Mango Butter & Argan Oil) (5 PCS SET)</p><p>$5.99</p><a href="https://www.amazon.com/dp/B01N1ZC8JZ?tag=eloabder-20&linkCode=osi&th=1&psc=1">View Product</a></div><div class="product"><a href="https://www.amazon.com/dp/B07DY2QRF6?tag=eloabder-20&linkCode=osi&th=1&psc=1"><img src="https://m.media-amazon.com/images/I/31qXrVfhvCL._SL500_.jpg" alt="Product Image"></a><p>LANEIGE Lip Glowy Balm Berry: Hydrate, Glossy, Lightweight, Moisturize & Tint with Shea Butter</p><p>$19.00 ($54.29 / Ounce)</p><a href="https://www.amazon.com/dp/B07DY2QRF6?tag=eloabder-20&linkCode=osi&th=1&psc=1">View Product</a></div><div class="product"><a href="https://www.amazon.com/dp/B0BSR85M24?tag=eloabder-20&linkCode=osi&th=1&psc=1"><img src="https://m.media-amazon.com/images/I/31eKHNoE3KL._SL500_.jpg" alt="Product Image"></a><p>e.l.f. Lip Lacquer, Nourishing, Non-Sticky Ultra-Shine Lip Gloss With Sheer Color, Infused With Vitamins A & E, Vegan & Cruelty-Free, Whisper Pink</p><p>$3.00</p><a href="https://www.amazon.com/dp/B0BSR85M24?tag=eloabder-20&linkCode=osi&th=1&psc=1">View Product</a></div><div class="product"><a href="https://www.amazon.com/dp/B09DMGWJKY?tag=eloabder-20&linkCode=osi&th=1&psc=1"><img src="https://m.media-amazon.com/images/I/41nIFmIKHRL._SL500_.jpg" alt="Product Image"></a><p>Broadway Vita-Lip Clear Lip Gloss Moisturizing Hydrating Nourishing Long Lasting High Shine Glossy Lip Care Gloss 0.47oz/14ml (10 PCS SET)</p><p>$9.99</p><a href="https://www.amazon.com/dp/B09DMGWJKY?tag=eloabder-20&linkCode=osi&th=1&psc=1">View Product</a></div>
<div class="product"><a href="https://www.amazon.com/dp/B079ZX2QBD?tag=eloabder-20&linkCode=osi&th=1&psc=1"><img src="https://m.media-amazon.com/images/I/41b133H9ouL._SL500_.jpg" alt="Product Image"></a><p>NYX PROFESSIONAL MAKEUP Slim Lip Pencil, Long-Lasting Creamy Lip Liner - Espresso</p><p>$3.99</p><a href="https://www.amazon.com/dp/B079ZX2QBD?tag=eloabder-20&linkCode=osi&th=1&psc=1">View Product</a></div><div class="product"><a href="https://www.amazon.com/dp/B01LTI19EM?tag=eloabder-20&linkCode=osi&th=1&psc=1"><img src="https://m.media-amazon.com/images/I/31dqwnDSWYL._SL500_.jpg" alt="Product Image"></a><p>Revlon Lip Liner, Colorstay Lip Makeup with Built-in-Sharpener, Longwear Rich Lip Colors, Smooth Application, 630 Nude, 0.01 oz</p><p>$6.94</p><a href="https://www.amazon.com/dp/B01LTI19EM?tag=eloabder-20&linkCode=osi&th=1&psc=1">View Product</a></div><div class="product"><a href="https://www.amazon.com/dp/B07PKW2MKF?tag=eloabder-20&linkCode=osi&th=1&psc=1"><img src="https://m.media-amazon.com/images/I/41Z7GVpsqBL._SL500_.jpg" alt="Product Image"></a><p>wet n wild Lip Liner Perfect Pout Matte Retractable Gel Lip Liner Pencil, Purple Lay Down the Mauves</p><p>$3.29</p><a href="https://www.amazon.com/dp/B07PKW2MKF?tag=eloabder-20&linkCode=osi&th=1&psc=1">View Product</a></div><div class="product"><a href="https://www.amazon.com/dp/B0CMYQBRTW?tag=eloabder-20&linkCode=osi&th=1&psc=1"><img src="https://m.media-amazon.com/images/I/21uY0T3ER3L._SL500_.jpg" alt="Product Image"></a><p>e.l.f. Cream Glide Lip Liner, Highly-Pigmented Pencil For Shaping & Sculpting Lips, Semi-Matte Finish, Vegan & Cruelty-Free, Truth or Bare</p><p>$2.00</p><a href="https://www.amazon.com/dp/B0CMYQBRTW?tag=eloabder-20&linkCode=osi&th=1&psc=1">View Product</a></div><div class="product"><a href="https://www.amazon.com/dp/B01LZ2A9H5?tag=eloabder-20&linkCode=osi&th=1&psc=1"><img src="https://m.media-amazon.com/images/I/317eibjWZ1L._SL500_.jpg" alt="Product Image"></a><p>Maybelline Color Sensational Shaping Lip Liner with Self-Sharpening Tip, Magnetic Mauve, Mauve Pink, 1 Count</p><p>$6.98</p><a href="https://www.amazon.com/dp/B01LZ2A9H5?tag=eloabder-20&linkCode=osi&th=1&psc=1">View Product</a></div><div class="product"><a href="https://www.amazon.com/dp/B0CZBMYB36?tag=eloabder-20&linkCode=osi&th=1&psc=1"><img src="https://m.media-amazon.com/images/I/313kn3zESlL._SL500_.jpg" alt="Product Image"></a><p>MAYBELLINE Lifter Liner Lip Liner Pencil with Hyaluronic Acid, On It, 1 Count</p><p>$7.98</p><a href="https://www.amazon.com/dp/B0CZBMYB36?tag=eloabder-20&linkCode=osi&th=1&psc=1">View Product</a></div><div class="product"><a href="https://www.amazon.com/dp/B013VWRYXE?tag=eloabder-20&linkCode=osi&th=1&psc=1"><img src="https://m.media-amazon.com/images/I/51DYeydMNqL._SL500_.jpg" alt="Product Image"></a><p>12pc Italia Deluxe Ultra Fine Lip Liner set of 12 color</p><p>$9.85</p><a href="https://www.amazon.com/dp/B013VWRYXE?tag=eloabder-20&linkCode=osi&th=1&psc=1">View Product</a></div><div class="product"><a href="https://www.amazon.com/dp/B08CFSS35N?tag=eloabder-20&linkCode=osi&th=1&psc=1"><img src="https://m.media-amazon.com/images/I/212BftJ6SzL._SL500_.jpg" alt="Product Image"></a><p>Rimmel Lasting Finish 8HR Soft Lip Liner Pencil - Vibrant, Blendable Formula to Lock Lipstick in Place for 8 Hours - 705 Cappuccino, .04oz</p><p>$5.99</p><a href="https://www.amazon.com/dp/B08CFSS35N?tag=eloabder-20&linkCode=osi&th=1&psc=1">View Product</a></div><div class="product"><a href="https://www.amazon.com/dp/B0BVPNQW1C?tag=eloabder-20&linkCode=osi&th=1&psc=1"><img src="https://m.media-amazon.com/images/I/31a29qwVsOL._SL500_.jpg" alt="Product Image"></a><p>Sacheu Lip Liner Stay-N - Peel Off Lip Liner Tattoo, Peel Off Lip Stain, Long Lasting Lip Stain Peel Off, Infused with Hyaluronic Acid & Vitamin E, For All Skin Types, p-INKED</p><p>$12.00</p><a href="https://www.amazon.com/dp/B0BVPNQW1C?tag=eloabder-20&linkCode=osi&th=1&psc=1">View Product</a></div><div class="product"><a href="https://www.amazon.com/dp/B005G9LPDQ?tag=eloabder-20&linkCode=osi&th=1&psc=1"><img src="https://m.media-amazon.com/images/I/31S6bAW3pDL._SL500_.jpg" alt="Product Image"></a><p>NYX PROFESSIONAL MAKEUP Mechanical Lip Liner Pencil, Nude Pink</p><p>$4.99</p><a href="https://www.amazon.com/dp/B005G9LPDQ?tag=eloabder-20&linkCode=osi&th=1&psc=1">View Product</a></div>
<div class="product"><a href="https://www.amazon.com/dp/B0C7W6GW8P?tag=eloabder-20&linkCode=osi&th=1&psc=1"><img src="https://m.media-amazon.com/images/I/31Z6RdO3GRL._SL500_.jpg" alt="Product Image"></a><p>e.l.f. Squeeze Me Lip Balm, Moisturizing Lip Balm For A Sheer Tint Of Color, Infused With Hyaluronic Acid, Vegan & Cruelty-free, Strawberry</p><p>$4.00</p><a href="https://www.amazon.com/dp/B0C7W6GW8P?tag=eloabder-20&linkCode=osi&th=1&psc=1">View Product</a></div><div class="product"><a href="https://www.amazon.com/dp/B001R1UD3K?tag=eloabder-20&linkCode=osi&th=1&psc=1"><img src="https://m.media-amazon.com/images/I/41QzfNZqHrL._SL500_.jpg" alt="Product Image"></a><p>Carmex Original Flavor Moisturizing Lip Balm Tube Value Pack,0.35 Ounce (3 Count)</p><p>$2.94</p><a href="https://www.amazon.com/dp/B001R1UD3K?tag=eloabder-20&linkCode=osi&th=1&psc=1">View Product</a></div><div class="product"><a href="https://www.amazon.com/dp/B07QYWXCCT?tag=eloabder-20&linkCode=osi&th=1&psc=1"><img src="https://m.media-amazon.com/images/I/51T+6mCUskL._SL500_.jpg" alt="Product Image"></a><p>Jack Black Intense Therapy Lip Balm, 0.25-Oz., Pack of 3 – Natural Mint & Shea Butter, SPF 25 Sun Protection, Lip Moisturizer, Hydrating Lip Balm with SPF, Long Lasting Treatment</p><p>$24.00 ($32.00 / Ounce)</p><a href="https://www.amazon.com/dp/B07QYWXCCT?tag=eloabder-20&linkCode=osi&th=1&psc=1">View Product</a></div><div class="product"><a href="https://www.amazon.com/dp/B0044B4HSM?tag=eloabder-20&linkCode=osi&th=1&psc=1"><img src="https://m.media-amazon.com/images/I/51-qb5fLclL._SL500_.jpg" alt="Product Image"></a><p>Blistex Medicated Lip Balm, 0.15 Ounce, 3 Count (Pack of 1) Prevent Dryness & Chapping, SPF 15 Sun Protection, Seals in Moisture, Hydrating Lip Balm, Easy Glide Formula for Full Coverage</p><p>$3.94</p><a href="https://www.amazon.com/dp/B0044B4HSM?tag=eloabder-20&linkCode=osi&th=1&psc=1">View Product</a></div><div class="product"><a href="https://www.amazon.com/dp/B0C1TFHMCT?tag=eloabder-20&linkCode=osi&th=1&psc=1"><img src="https://m.media-amazon.com/images/I/51aYODckhsL._SL500_.jpg" alt="Product Image"></a><p>Vaseline Lip Therapy Care Original, Fast-Acting Nourishment, Ideal for Chapped, Dry, Cracked, or Damaged Lips, Lip Balm, 0.16 Ounce (Pack of 4)</p><p>$5.00</p><a href="https://www.amazon.com/dp/B0C1TFHMCT?tag=eloabder-20&linkCode=osi&th=1&psc=1">View Product</a></div><div class="product"><a href="https://www.amazon.com/dp/B0CZXG68J4?tag=eloabder-20&linkCode=osi&th=1&psc=1"><img src="https://m.media-amazon.com/images/I/41Xkis0092L._SL500_.jpg" alt="Product Image"></a><p>CNP Honey Lip Butter (0.5 fl.oz / 15ml) - Propolis Lipcerin™, Hydrating Overnight Manuka Lip Balm & Mask, 12hrs Long-lasting Moisture, Gentle Exfoliation, Hygienic Twist Dispenser, Korean Skin Care</p><p>$13.64 ($27.28 / Fl Oz)</p><a href="https://www.amazon.com/dp/B0CZXG68J4?tag=eloabder-20&linkCode=osi&th=1&psc=1">View Product</a></div><div class="product"><a href="https://www.amazon.com/dp/B07MSG1HPK?tag=eloabder-20&linkCode=osi&th=1&psc=1"><img src="https://m.media-amazon.com/images/I/21RmonQcC5L._SL500_.jpg" alt="Product Image"></a><p>La Roche-Posay Cicaplast Lip Balm B5 | Hydrating Lip Balm with Shea Butter | Lip Treatment for Dry Cracked Lips | Moisturizing and Repairing Lip Balm | Fragrance Free</p><p>$9.99</p><a href="https://www.amazon.com/dp/B07MSG1HPK?tag=eloabder-20&linkCode=osi&th=1&psc=1">View Product</a></div>
<div class="product"><a href="https://www.amazon.com/dp/B099RYFLSW?tag=eloabder-20&linkCode=osi&th=1&psc=1"><img src="https://m.media-amazon.com/images/I/31IMjST8noL._SL500_.jpg" alt="Product Image"></a><p>ETUDE Dear Darling Water Tint Cherry Ade (21AD) | Vivid Color Lip Stain with Moisturizing Weightless & Non-sticky Finish Lip Stain | Smudge-proof & Lightweight Lip Tint | K-beauty</p><p>$6.67 ($20.84 / Fl Oz)</p><a href="https://www.amazon.com/dp/B099RYFLSW?tag=eloabder-20&linkCode=osi&th=1&psc=1">View Product</a></div><div class="product"><a href="https://www.amazon.com/dp/B0C7Q4Q9SX?tag=eloabder-20&linkCode=osi&th=1&psc=1"><img src="https://m.media-amazon.com/images/I/51SO2tY6q-L._SL500_.jpg" alt="Product Image"></a><p>6 Colors Lip Tint Stain Set, Korean Lip Gloss Plumping Mini Liquid Lipstick, Multi-use Lip and Cheek Tint,Waterproof&Long Lasting,Natural Lip Stain Non-Sticky,Vivid Color (Avocado)</p><p>$7.99 ($4.00 / Fl Oz)</p><a href="https://www.amazon.com/dp/B0C7Q4Q9SX?tag=eloabder-20&linkCode=osi&th=1&psc=1">View Product</a></div><div class="product"><a href="https://www.amazon.com/dp/B0B56TC2G5?tag=eloabder-20&linkCode=osi&th=1&psc=1"><img src="https://m.media-amazon.com/images/I/31wrei57oIL._SL500_.jpg" alt="Product Image"></a><p>essence | What a Tint! Lip & Cheek Tint | Long-Lasting Liquid Blush & Lip Stain | Non-Sticky & Kiss-Proof | Vegan & Cruelty Free</p><p>$4.99 ($31.19 / Fl Oz)</p><a href="https://www.amazon.com/dp/B0B56TC2G5?tag=eloabder-20&linkCode=osi&th=1&psc=1">View Product</a></div><div class="product"><a href="https://www.amazon.com/dp/B0163BMUFM?tag=eloabder-20&linkCode=osi&th=1&psc=1"><img src="https://m.media-amazon.com/images/I/41p6DP49DfL._SL500_.jpg" alt="Product Image"></a><p>Burt's Bees Lip Tint Balm with Long Lasting 2 in 1 Duo Tinted Balm Formula, Color Infused with Deeply Hydrating Shea Butter for a Natural Looking Buildable Finish, Fiery Red Dahlia (2-Pack)</p><p>$9.20</p><a href="https://www.amazon.com/dp/B0163BMUFM?tag=eloabder-20&linkCode=osi&th=1&psc=1">View Product</a></div><div class="product"><a href="https://www.amazon.com/dp/B07NTPQRL5?tag=eloabder-20&linkCode=osi&th=1&psc=1"><img src="https://m.media-amazon.com/images/I/21-ZJZEUADL._SL500_.jpg" alt="Product Image"></a><p>Honest Beauty Tinted Lip Balm | Antioxidant-rich Acai Extracts + Avocado Oil | EWG Certified, Vegan, Cruelty Free | Summer Melon</p><p>$7.80</p><a href="https://www.amazon.com/dp/B07NTPQRL5?tag=eloabder-20&linkCode=osi&th=1&psc=1">View Product</a></div><div class="product"><a href="https://www.amazon.com/dp/B0CMJXGCFQ?tag=eloabder-20&linkCode=osi&th=1&psc=1"><img src="https://m.media-amazon.com/images/I/31c6yEqB00L._SL500_.jpg" alt="Product Image"></a><p>e.l.f. Glow Reviver Lip Oil, Nourishing Tinted Lip Oil For A High-shine Finish, Infused With Jojoba Oil, Vegan & Cruelty-free, Jam Session</p><p>$8.00</p><a href="https://www.amazon.com/dp/B0CMJXGCFQ?tag=eloabder-20&linkCode=osi&th=1&psc=1">View Product</a></div><div class="product"><a href="https://www.amazon.com/dp/B0B9YHX8DX?tag=eloabder-20&linkCode=osi&th=1&psc=1"><img src="https://m.media-amazon.com/images/I/31A-yoM7ZqL._SL500_.jpg" alt="Product Image"></a><p>Wonderskin Wonder Blading Lip Stain Peel Off Masque - Long Lasting, Waterproof and Transfer Proof Nude Lip Tint, Matte Finish Peel Off Lip Stain (Whimsical Masque)</p><p>$22.00</p><a href="https://www.amazon.com/dp/B0B9YHX8DX?tag=eloabder-20&linkCode=osi&th=1&psc=1">View Product</a></div><div class="product"><a href="https://www.amazon.com/dp/B0C3CWWMJM?tag=eloabder-20&linkCode=osi&th=1&psc=1"><img src="https://m.media-amazon.com/images/I/51evW1YGQdL._SL500_.jpg" alt="Product Image"></a><p>Eakroo 6 Colors Lip Tint Stain Mini Liquid Lipstick, Korean Lip Gloss Moisturizing Natural, Multi-Use Lip and Cheek Tint, Non-Stick Cup, Lightweight, High Pigment, Long-Lasting, Vivid Color</p><p>$7.99 ($2.89 / Fl Oz)</p><a href="https://www.amazon.com/dp/B0C3CWWMJM?tag=eloabder-20&linkCode=osi&th=1&psc=1">View Product</a></div><div class="product"><a href="https://www.amazon.com/dp/B09LB91W1H?tag=eloabder-20&linkCode=osi&th=1&psc=1"><img src="https://m.media-amazon.com/images/I/21UsOgVkNxL._SL500_.jpg" alt="Product Image"></a><p>CoverGirl Clean Fresh Tinted Lip Balm, Vegan Formula, Hydrating, Natural Finish, Cruelty Free, Bliss You Berry, 1 Count</p><p>$5.88 ($42.00 / Ounce)</p><a href="https://www.amazon.com/dp/B09LB91W1H?tag=eloabder-20&linkCode=osi&th=1&psc=1">View Product</a></div>
<div class="product"><a href="https://www.amazon.com/dp/B0B4F8FP1V?tag=eloabder-20&linkCode=osi&th=1&psc=1"><img src="https://m.media-amazon.com/images/I/31zD0oZazrL._SL500_.jpg" alt="Product Image"></a><p>e.l.f. Cosmetics Glossy Lip Stain, Lightweight, Long-Wear Lip Stain For A Sheer Pop Of Color & Subtle Gloss Effect, Berry Queen</p><p>$6.00</p><a href="https://www.amazon.com/dp/B0B4F8FP1V?tag=eloabder-20&linkCode=osi&th=1&psc=1">View Product</a></div><div class="product"><a href="https://www.amazon.com/dp/B0B9YH9PZK?tag=eloabder-20&linkCode=osi&th=1&psc=1"><img src="https://m.media-amazon.com/images/I/31irqkpVbvL._SL500_.jpg" alt="Product Image"></a><p>Wonderskin Wonder Blading Lip Stain Peel Off Masque - Long Lasting, Waterproof and Transfer Proof Pink Lip Tint, Matte Finish Peel Off Lip Stain (First Kiss Masque)</p><p>$22.00</p><a href="https://www.amazon.com/dp/B0B9YH9PZK?tag=eloabder-20&linkCode=osi&th=1&psc=1">View Product</a></div><div class="product"><a href="https://www.amazon.com/dp/B0CLYN8F9L?tag=eloabder-20&linkCode=osi&th=1&psc=1"><img src="https://m.media-amazon.com/images/I/218WFwKw6qL._SL500_.jpg" alt="Product Image"></a><p>COVERGIRL Outlast, 05 All-Star, Lipstain, Smooth Application, Precise Pen-Like Tip, Transfer-Proof, Satin Stained Finish, Vegan Formula, 0.06oz</p><p>$8.98</p><a href="https://www.amazon.com/dp/B0CLYN8F9L?tag=eloabder-20&linkCode=osi&th=1&psc=1">View Product</a></div><div class="product"><a href="https://www.amazon.com/dp/B0CLDDVBF4?tag=eloabder-20&linkCode=osi&th=1&psc=1"><img src="https://m.media-amazon.com/images/I/318rUce3+fL._SL500_.jpg" alt="Product Image"></a><p>Sacheu Lip Liner Stay-N - Peel Off Lip Liner Tattoo, Peel Off Lip Stain, Long Lasting Lip Stain Peel Off, Infused with Hyaluronic Acid & Vitamin E, For All Skin Types, HEY-zel</p><p>$12.00 ($100.00 / Fl Oz)</p><a href="https://www.amazon.com/dp/B0CLDDVBF4?tag=eloabder-20&linkCode=osi&th=1&psc=1">View Product</a></div><div class="product"><a href="https://www.amazon.com/dp/B001CWGFYU?tag=eloabder-20&linkCode=osi&th=1&psc=1"><img src="https://m.media-amazon.com/images/I/41wMMGxFtlL._SL500_.jpg" alt="Product Image"></a><p>Palladio Lip Stain, Hydrating and Waterproof Formula, Matte Color Look, Longlasting All Day Wear Lip Color, Smudge Proof Natural Finish, Precise Chisel Tip Marker, Nude</p><p>$8.99</p><a href="https://www.amazon.com/dp/B001CWGFYU?tag=eloabder-20&linkCode=osi&th=1&psc=1">View Product</a></div><div class="product"><a href="https://www.amazon.com/dp/B0CHJ8YL6G?tag=eloabder-20&linkCode=osi&th=1&psc=1"><img src="https://m.media-amazon.com/images/I/41amIuqcaJL._SL500_.jpg" alt="Product Image"></a><p>Cilrofelr Peel Off Lip Liner Stain, Long Wear Tattoo Lip Liner with Tweezer, Peel Off Lip Stain with Matte Finish, Long Lasting, Waterproof, Transfer-proof, Highly Pigmented Color (Mauve)</p><p>$14.99 ($187.38 / Fl Oz)</p><a href="https://www.amazon.com/dp/B0CHJ8YL6G?tag=eloabder-20&linkCode=osi&th=1&psc=1">View Product</a></div><div class="product"><a href="https://www.amazon.com/dp/B0CNCSLDBB?tag=eloabder-20&linkCode=osi&th=1&psc=1"><img src="https://m.media-amazon.com/images/I/31EPLmbi1eL._SL500_.jpg" alt="Product Image"></a><p>ETUDE Fixing Tint #05 Midnight Mauve (23AD) | Long Lasting High Pigmented Liquid Lipstick | Waterproof Lightweight Matte Finish Lip Stain | Full Coverage</p><p>$12.00</p><a href="https://www.amazon.com/dp/B0CNCSLDBB?tag=eloabder-20&linkCode=osi&th=1&psc=1">View Product</a></div><div class="product"><a href="https://www.amazon.com/dp/B0CKF2WFNQ?tag=eloabder-20&linkCode=osi&th=1&psc=1"><img src="https://m.media-amazon.com/images/I/41GyA+oYguL._SL500_.jpg" alt="Product Image"></a><p>NOONI Korean Lip Oil - Applefig | Lip Stain, Gift, Long-Lasting, Moisturizing, Plumping, Revitalizing for Dry Lips, Waterproof, No Peel Off, Korean Lip Tint, Magenta Purple, 0.12 Fl Oz</p><p>$12.00 ($100.00 / Fl Oz)</p><a href="https://www.amazon.com/dp/B0CKF2WFNQ?tag=eloabder-20&linkCode=osi&th=1&psc=1">View Product</a></div>
<div class="product"><a href="https://www.amazon.com/dp/B01NAI251H?tag=eloabder-20&linkCode=osi&th=1&psc=1"><img src="https://m.media-amazon.com/images/I/51gC3z3vEIL._SL500_.jpg" alt="Product Image"></a><p>Handmade Heroes 100% Natural Lip Scrub, Vegan Conditioning Coconut Exfoliator - Gentle Exfoliant, Sugar Polish and Scrubber for Chapped Dry Lips, 1oz (Coconut Sorbet)</p><p>$6.99</p><a href="https://www.amazon.com/dp/B01NAI251H?tag=eloabder-20&linkCode=osi&th=1&psc=1">View Product</a></div><div class="product"><a href="https://www.amazon.com/dp/B0C7WQ3Z6H?tag=eloabder-20&linkCode=osi&th=1&psc=1"><img src="https://m.media-amazon.com/images/I/318wm99nh1L._SL500_.jpg" alt="Product Image"></a><p>e.l.f. Lip Exfoliator, Moisturizing Scented Lip Scrub For Exfoliating & Smoothing Lips, Infused With Jojoba Oil, Vegan & Cruelty-free, Strawberry</p><p>$5.00 ($50.00 / Ounce)</p><a href="https://www.amazon.com/dp/B0C7WQ3Z6H?tag=eloabder-20&linkCode=osi&th=1&psc=1">View Product</a></div><div class="product"><a href="https://www.amazon.com/dp/B0759HSBQC?tag=eloabder-20&linkCode=osi&th=1&psc=1"><img src="https://m.media-amazon.com/images/I/3165YiRlcNL._SL500_.jpg" alt="Product Image"></a><p>Revlon Lip Scrub Balm, Kiss Sugar Scrub Exfoliator, Lip Makeup with 24 Hour Long Lasting Hydration, Sugar Mint, 0.09 oz</p><p>$5.48</p><a href="https://www.amazon.com/dp/B0759HSBQC?tag=eloabder-20&linkCode=osi&th=1&psc=1">View Product</a></div><div class="product"><a href="https://www.amazon.com/dp/B0B15MRHM4?tag=eloabder-20&linkCode=osi&th=1&psc=1"><img src="https://m.media-amazon.com/images/I/414XRjPg6AL._SL500_.jpg" alt="Product Image"></a><p>Brooklyn Botany Lip Scrub Exfoliator 1 oz – Lip Moisturizer for Dry Lips and Chapped Lips – Gentle Lip Exfoliator for Smooth and Brighter Lips – Vanilla Flavor</p><p>$7.99</p><a href="https://www.amazon.com/dp/B0B15MRHM4?tag=eloabder-20&linkCode=osi&th=1&psc=1">View Product</a></div><div class="product"><a href="https://www.amazon.com/dp/B0CNQ72M6B?tag=eloabder-20&linkCode=osi&th=1&psc=1"><img src="https://m.media-amazon.com/images/I/310xvYvYEkL._SL500_.jpg" alt="Product Image"></a><p>W7 Sweet Dreams Lip Scrub & Overnight Lip Mask Duo - 2Pcs Set - Strawberry Flavour - Exfoliate, Condition, Soothe & Hydrate</p><p>$9.95 ($4.98 / Count)</p><a href="https://www.amazon.com/dp/B0CNQ72M6B?tag=eloabder-20&linkCode=osi&th=1&psc=1">View Product</a></div><div class="product"><a href="https://www.amazon.com/dp/B09FYYRJ4Y?tag=eloabder-20&linkCode=osi&th=1&psc=1"><img src="https://m.media-amazon.com/images/I/41HDVJYOBRL._SL500_.jpg" alt="Product Image"></a><p>Lip Scrub Treatment, Lip Scrubs Exfoliating Moisturizer Sugar Lip Surb Cruelty-Free for Repairing Dry & Chapped & Peeling and Cracked Lips, the Best Gift for Lip Care in Autumn and Winter(Orange)</p><p>$2.99 ($1.04 / Ounce)</p><a href="https://www.amazon.com/dp/B09FYYRJ4Y?tag=eloabder-20&linkCode=osi&th=1&psc=1">View Product</a></div><div class="product"><a href="https://www.amazon.com/dp/B083588MZP?tag=eloabder-20&linkCode=osi&th=1&psc=1"><img src="https://m.media-amazon.com/images/I/31qe+dPu0WL._SL500_.jpg" alt="Product Image"></a><p>Milani Rose Sugar Lip Scrub - Lip Exfoliator to Help With Lip Care and Lip Repair</p><p>$7.04 ($7.04 / Count)</p><a href="https://www.amazon.com/dp/B083588MZP?tag=eloabder-20&linkCode=osi&th=1&psc=1">View Product</a></div><div class="product"><a href="https://www.amazon.com/dp/B085NDWSZW?tag=eloabder-20&linkCode=osi&th=1&psc=1"><img src="https://m.media-amazon.com/images/I/31QVvbj+z9L._SL500_.jpg" alt="Product Image"></a><p>3 Pcs Lip Scrub Brush,Lip Scrubber Exfoliator,Silicone Lip Brush Tool Double-Sided Mini Exfoliating Brush For Men Women Lip Lightening For Dark Lips Exfoliator Scrub Brush</p><p>$3.47 ($1.16 / Count)</p><a href="https://www.amazon.com/dp/B085NDWSZW?tag=eloabder-20&linkCode=osi&th=1&psc=1">View Product</a></div><div class="product"><a href="https://www.amazon.com/dp/B0CMQ6YN87?tag=eloabder-20&linkCode=osi&th=1&psc=1"><img src="https://m.media-amazon.com/images/I/41KZ7zmBA8L._SL500_.jpg" alt="Product Image"></a><p>EJW Nourishing Lip Scrub - Infused with Coconut Oil, Olive Fruit Oil, and Jojoba Seed Oil, 1.05oz - Exfoliate, Hydrate, and Glow for Chapped Dry, Dark Lips</p><p>$7.27</p><a href="https://www.amazon.com/dp/B0CMQ6YN87?tag=eloabder-20&linkCode=osi&th=1&psc=1">View Product</a></div>
<div class="product"><a href="https://www.amazon.com/dp/B01LYWTZT2?tag=eloabder-20&linkCode=osi&th=1&psc=1"><img src="https://m.media-amazon.com/images/I/315xsyPtBfL._SL500_.jpg" alt="Product Image"></a><p>Too Faced Lip Injection Travel Size Extreme Lip Plumper, Original, 0.1 Fl Oz</p><p>$16.00 ($160.00 / Fl Oz)</p><a href="https://www.amazon.com/dp/B01LYWTZT2?tag=eloabder-20&linkCode=osi&th=1&psc=1">View Product</a></div><div class="product"><a href="https://www.amazon.com/dp/B094LT5LM4?tag=eloabder-20&linkCode=osi&th=1&psc=1"><img src="https://m.media-amazon.com/images/I/1174dCa9FqS._SL500_.jpg" alt="Product Image"></a><p>City Beauty City Lips Plumping Lip Gloss - Ultra High-Shine Gloss for Fuller, Healthier, Younger-Looking Lips | Hydrating & Smoothing Lip Treatment Lip Plumper with Hyaluronic Acid & Oligopeptides</p><p>$35.00 ($218.75 / Fl Oz)</p><a href="https://www.amazon.com/dp/B094LT5LM4?tag=eloabder-20&linkCode=osi&th=1&psc=1">View Product</a></div><div class="product"><a href="https://www.amazon.com/dp/B08XZQ4YQ2?tag=eloabder-20&linkCode=osi&th=1&psc=1"><img src="https://m.media-amazon.com/images/I/41cN7l9csUL._SL500_.jpg" alt="Product Image"></a><p>essence | What the Fake! Plumping Lip Filler | Lip Gloss for Full, Voluminous Lips | Translucent Pearly Finish | Vegan & Cruelty Free, Gluten Free, Paraben Free</p><p>$4.99 ($35.64 / Fl Oz )</p><a href="https://www.amazon.com/dp/B08XZQ4YQ2?tag=eloabder-20&linkCode=osi&th=1&psc=1">View Product</a></div><div class="product"><a href="https://www.amazon.com/dp/B0CR7GSPFP?tag=eloabder-20&linkCode=osi&th=1&psc=1"><img src="https://m.media-amazon.com/images/I/41y+VaB2iDL._SL500_.jpg" alt="Product Image"></a><p>NYX PROFESSIONAL MAKEUP Duck Plump High Pigment Plumping Lip Gloss with Spicy Ginger, Vegan Lip Makeup - Cherry Spice (Transparent Red)</p><p>$9.75</p><a href="https://www.amazon.com/dp/B0CR7GSPFP?tag=eloabder-20&linkCode=osi&th=1&psc=1">View Product</a></div><div class="product"><a href="https://www.amazon.com/dp/B0CPYMLVJJ?tag=eloabder-20&linkCode=osi&th=1&psc=1"><img src="https://m.media-amazon.com/images/I/31qGoOFwP7L._SL500_.jpg" alt="Product Image"></a><p>e.l.f. Pout Clout Lip Plumping Pen, Nourishing Lip Balm For Sheer Color & Shine, Plumps & Moisturizes, Vegan & Cruelty-Free, In The Clear</p><p>$8.00</p><a href="https://www.amazon.com/dp/B0CPYMLVJJ?tag=eloabder-20&linkCode=osi&th=1&psc=1">View Product</a></div><div class="product"><a href="https://www.amazon.com/dp/B086QRYHYT?tag=eloabder-20&linkCode=osi&th=1&psc=1"><img src="https://m.media-amazon.com/images/I/41IVWGl-frL._SL500_.jpg" alt="Product Image"></a><p>KISSIO Lip Plumper,Natural Lip Plumper for Day Use,Lip Plumping Gloss Make Lips Fuller and Moisturizing 5.5ml</p><p>$9.89</p><a href="https://www.amazon.com/dp/B086QRYHYT?tag=eloabder-20&linkCode=osi&th=1&psc=1">View Product</a></div><div class="product"><a href="https://www.amazon.com/dp/B074G382ZR?tag=eloabder-20&linkCode=osi&th=1&psc=1"><img src="https://m.media-amazon.com/images/I/31h-Mpx5OOL._SL500_.jpg" alt="Product Image"></a><p>e.l.f. Lip Plumping Gloss, Hydrating, Nourishing, Invigorating, High-Shine, Plumps, Volumizes, Cools, Soothes, Shimmer, Pink Cosmo 8 Ounce 0.09 Fl Oz</p><p>$7.00</p><a href="https://www.amazon.com/dp/B074G382ZR?tag=eloabder-20&linkCode=osi&th=1&psc=1">View Product</a></div><div class="product"><a href="https://www.amazon.com/dp/B08RRY5PF2?tag=eloabder-20&linkCode=osi&th=1&psc=1"><img src="https://m.media-amazon.com/images/I/41HjvvFXBpL._SL500_.jpg" alt="Product Image"></a><p>Physicians Formula Mineral Wear Diamond Lip Plumper Gloss, Dermatologist Tested, Light Pink Princess Cut</p><p>$7.28</p><a href="https://www.amazon.com/dp/B08RRY5PF2?tag=eloabder-20&linkCode=osi&th=1&psc=1">View Product</a></div>
<div class="product"><a href="https://www.amazon.com/dp/B017PCGAXQ?tag=eloabder-20&linkCode=osi&th=1&psc=1"><img src="https://m.media-amazon.com/images/I/31-daQlUgGL._SL500_.jpg" alt="Product Image"></a><p>Garnier Micellar Water For Waterproof Makeup, Hydrating Facial Cleanser & Makeup Remover, Suitable for Sensitive Skin, Vegan, Cruelty Free, 13.5 Fl Oz (400mL), 1 Count</p><p>$8.97 ($0.66 / Fl Oz)</p><a href="https://www.amazon.com/dp/B017PCGAXQ?tag=eloabder-20&linkCode=osi&th=1&psc=1">View Product</a></div><div class="product"><a href="https://www.amazon.com/dp/B017PCGABI?tag=eloabder-20&linkCode=osi&th=1&psc=1"><img src="https://m.media-amazon.com/images/I/3106WC85aAL._SL500_.jpg" alt="Product Image"></a><p>Garnier Micellar Water, Hydrating Facial Cleanser & Makeup Remover, Suitable for Sensitive Skin, Vegan, Cruelty Free, 13.5 Fl Oz (400mL), 1 Count</p><p>$8.97 ($0.66 / Fl Oz)</p><a href="https://www.amazon.com/dp/B017PCGABI?tag=eloabder-20&linkCode=osi&th=1&psc=1">View Product</a></div><div class="product"><a href="https://www.amazon.com/dp/B00U2VQZDS?tag=eloabder-20&linkCode=osi&th=1&psc=1"><img src="https://m.media-amazon.com/images/I/41VzZfHAKpL._SL500_.jpg" alt="Product Image"></a><p>Neutrogena Makeup Remover Wipes, Ultra-Soft Cleansing Facial Towelettes for Waterproof Makeup, Alcohol-Free, Plant-Based, Twin Pack, 25 Count (Pack of 2)</p><p>$8.97 ($0.18 / Count)</p><a href="https://www.amazon.com/dp/B00U2VQZDS?tag=eloabder-20&linkCode=osi&th=1&psc=1">View Product</a></div><div class="product"><a href="https://www.amazon.com/dp/B07T9JV956?tag=eloabder-20&linkCode=osi&th=1&psc=1"><img src="https://m.media-amazon.com/images/I/310x+0QrxsL._SL500_.jpg" alt="Product Image"></a><p>Neutrogena Gentle Oil-Free Eye Makeup Remover & Cleanser for Sensitive Eyes, Non-Greasy Makeup Remover, Removes Waterproof Mascara, Dermatologist & Ophthalmologist Tested, 8.0 fl. oz</p><p>$9.39 ($1.17 / Fl Oz)</p><a href="https://www.amazon.com/dp/B07T9JV956?tag=eloabder-20&linkCode=osi&th=1&psc=1">View Product</a></div><div class="product"><a href="https://www.amazon.com/dp/B01M31HY3S?tag=eloabder-20&linkCode=osi&th=1&psc=1"><img src="https://m.media-amazon.com/images/I/319i79e7f4L._SL500_.jpg" alt="Product Image"></a><p>Cetaphil Gentle Waterproof Makeup Remover, Mother's Day Gifts, Oil-Free Formula Suitable for Sensitive Skin, 6.0 Fluid Ounce</p><p>$9.87 ($1.64 / Fl Oz)</p><a href="https://www.amazon.com/dp/B01M31HY3S?tag=eloabder-20&linkCode=osi&th=1&psc=1">View Product</a></div><div class="product"><a href="https://www.amazon.com/dp/B07SS6LFRG?tag=eloabder-20&linkCode=osi&th=1&psc=1"><img src="https://m.media-amazon.com/images/I/31Mwa89HfCL._SL500_.jpg" alt="Product Image"></a><p>Amazon Basics Eye Makeup Remover, Removes Waterproof Mascara, Dermatologist Tested, Fragrance Free, 5.5 Fl Oz (Pack of 1)</p><p>$5.99 ($1.09 / Fl Oz)</p><a href="https://www.amazon.com/dp/B07SS6LFRG?tag=eloabder-20&linkCode=osi&th=1&psc=1">View Product</a></div><div class="product"><a href="https://www.amazon.com/dp/B08TQTT8LK?tag=eloabder-20&linkCode=osi&th=1&psc=1"><img src="https://m.media-amazon.com/images/I/31R-Y-dhjEL._SL500_.jpg" alt="Product Image"></a><p>e.l.f. Holy Hydration! Makeup Melting Cleansing Balm, Face Cleanser & Makeup Remover, Infused with Hyaluronic Acid to Hydrate Skin, 2 Oz</p><p>$11.00 ($5.50 / Ounce)</p><a href="https://www.amazon.com/dp/B08TQTT8LK?tag=eloabder-20&linkCode=osi&th=1&psc=1">View Product</a></div><div class="product"><a href="https://www.amazon.com/dp/B08Q3CQM7X?tag=eloabder-20&linkCode=osi&th=1&psc=1"><img src="https://m.media-amazon.com/images/I/31edyzkByfL._SL500_.jpg" alt="Product Image"></a><p>JUNO & Co. Clean 10 Cleansing Balm 10 Ingredients Makeup Remover 85g / 3.0oz</p><p>$14.99 ($5.00 / Ounce)</p><a href="https://www.amazon.com/dp/B08Q3CQM7X?tag=eloabder-20&linkCode=osi&th=1&psc=1">View Product</a></div><div class="product"><a href="https://www.amazon.com/dp/B0B1PP1XCM?tag=eloabder-20&linkCode=osi&th=1&psc=1"><img src="https://m.media-amazon.com/images/I/31kOCqV2+BL._SL500_.jpg" alt="Product Image"></a><p>CeraVe Cleansing Balm for Sensitive Skin | Hydrating Makeup Remover with Ceramides and Plant-based Jojoba Oil for Face | Non-Comedogenic Fragrance Free Non-Greasy |1.3 Ounces</p><p>$9.97 ($7.67 / Ounce)</p><a href="https://www.amazon.com/dp/B0B1PP1XCM?tag=eloabder-20&linkCode=osi&th=1&psc=1">View Product</a></div><div class="product"><a href="https://www.amazon.com/dp/B0BX65V1BZ?tag=eloabder-20&linkCode=osi&th=1&psc=1"><img src="https://m.media-amazon.com/images/I/31t6WiWvdDL._SL500_.jpg" alt="Product Image"></a><p>Prime Prometics PrimeSkin Beauty Water – Deeply Hydrating Pro-Age Make-Up Remover for Mature Women – Clean, One Swipe – for All Skin Types – pH balanced, Hypoallergenic</p><p>$27.00 ($5.29 / Fl Oz)</p><a href="https://www.amazon.com/dp/B0BX65V1BZ?tag=eloabder-20&linkCode=osi&th=1&psc=1">View Product</a></div>
<div class="product"><a href="https://www.amazon.com/dp/B0B642XWV8?tag=eloabder-20&linkCode=osi&th=1&psc=1"><img src="https://m.media-amazon.com/images/I/31PQPhUWqyL._SL500_.jpg" alt="Product Image"></a><p>Cetaphil Face and Body Wipes, Gentle Skin Cleansing Cloths, Mother's Day Gifts, 25 Count (Pack of 2), for Dry, Sensitive Skin, Flip Top Closure, Hypoallergenic, Fragrance Free</p><p>$13.69 ($0.27 / Count)</p><a href="https://www.amazon.com/dp/B0B642XWV8?tag=eloabder-20&linkCode=osi&th=1&psc=1">View Product</a></div><div class="product"><a href="https://www.amazon.com/dp/B0B644ZQLV?tag=eloabder-20&linkCode=osi&th=1&psc=1"><img src="https://m.media-amazon.com/images/I/41E5FGVZrnL._SL500_.jpg" alt="Product Image"></a><p>Cetaphil Face and Body Wipes, Gentle Skin Cleansing Cloths, 25 Count (Pack of 3), for Dry, Sensitive Skin, Flip Top Closure, Great for the Gym, Hypoallergenic, Fragrance Free</p><p>$20.91 ($0.28 / Count)</p><a href="https://www.amazon.com/dp/B0B644ZQLV?tag=eloabder-20&linkCode=osi&th=1&psc=1">View Product</a></div><div class="product"><a href="https://www.amazon.com/dp/B0958JYLZN?tag=eloabder-20&linkCode=osi&th=1&psc=1"><img src="https://m.media-amazon.com/images/I/312T32wjaYL._SL500_.jpg" alt="Product Image"></a><p>The Honest Company Hydrate + Cleanse Naturally Scented Wipes | Cleansing Multi-Tasking Wipes | 99% Water, Plant-Based, Hypoallergenic | Aloe + Cucumber, 60 Count</p><p>$5.97 ($9.95 / 100 Count)</p><a href="https://www.amazon.com/dp/B0958JYLZN?tag=eloabder-20&linkCode=osi&th=1&psc=1">View Product</a></div><div class="product"><a href="https://www.amazon.com/dp/B0BR3GVFL4?tag=eloabder-20&linkCode=osi&th=1&psc=1"><img src="https://m.media-amazon.com/images/I/41E2x2jaumL._SL500_.jpg" alt="Product Image"></a><p>Amazon Basics Hydrating Makeup Remover Wipes, 150 wipes (Pack of 6)</p><p>$17.79 ($0.12 / Count)</p><a href="https://www.amazon.com/dp/B0BR3GVFL4?tag=eloabder-20&linkCode=osi&th=1&psc=1">View Product</a></div><div class="product"><a href="https://www.amazon.com/dp/B093T3LQPP?tag=eloabder-20&linkCode=osi&th=1&psc=1"><img src="https://m.media-amazon.com/images/I/51mLU+qr6tL._SL500_.jpg" alt="Product Image"></a><p>Burt's Bees Rose Water Face Wipes, for All Skin Types, Hydrating Micellar Makeup Remover & Facial Cleansing Towelettes, 30 Ct (3-Pack)</p><p>$16.47 ($0.18 / Count)</p><a href="https://www.amazon.com/dp/B093T3LQPP?tag=eloabder-20&linkCode=osi&th=1&psc=1">View Product</a></div><div class="product"><a href="https://www.amazon.com/dp/B09LXWPB1V?tag=eloabder-20&linkCode=osi&th=1&psc=1"><img src="https://m.media-amazon.com/images/I/4117i-jJMKL._SL500_.jpg" alt="Product Image"></a><p>CeraVe Hydrating Facial Cleansing Makeup Remover Wipes| Plant Based Face Biodegradable in Home Compost| Wash Cloth| Suitable for Sensitive Skin| Fragrance-free Non-comedogenic| 25 Count</p><p>$9.97 ($0.40 / Count)</p><a href="https://www.amazon.com/dp/B09LXWPB1V?tag=eloabder-20&linkCode=osi&th=1&psc=1">View Product</a></div><div class="product"><a href="https://www.amazon.com/dp/B00NUJQG7Y?tag=eloabder-20&linkCode=osi&th=1&psc=1"><img src="https://m.media-amazon.com/images/I/51apu8FIluL._SL500_.jpg" alt="Product Image"></a><p>Burt's Bees Aloe Vera Face Wipes, for Sensitive Skin, Soothing Makeup Remover & Facial Cleansing Towelettes, 30 Ct. (3-Pack)</p><p>$16.41 ($0.18 / Count)</p><a href="https://www.amazon.com/dp/B00NUJQG7Y?tag=eloabder-20&linkCode=osi&th=1&psc=1">View Product</a></div>
<div class="product"><a href="https://www.amazon.com/dp/B08KQMXZFB?tag=eloabder-20&linkCode=osi&th=1&psc=1"><img src="https://m.media-amazon.com/images/I/31HvJEoHtwL._SL500_.jpg" alt="Product Image"></a><p>Garnier Micellar Water with Vitamin C, Facial Cleanser & Makeup Remover, Brightening & Hydrating, For All Skin Types, Vegan, Cruelty Free, 13.5 Fl Oz (400mL), 1 Count</p><p>$8.97 ($0.66 / Fl Oz)</p><a href="https://www.amazon.com/dp/B08KQMXZFB?tag=eloabder-20&linkCode=osi&th=1&psc=1">View Product</a></div><div class="product"><a href="https://www.amazon.com/dp/B0036SFTK4?tag=eloabder-20&linkCode=osi&th=1&psc=1"><img src="https://m.media-amazon.com/images/I/31+tj+uVB+L._SL500_.jpg" alt="Product Image"></a><p>Bioderma Sensibio H2O Micellar Water, Makeup Remover, Gentle for Skin, Fragrance-Free & Alcohol-Free, No Rinse Skincare With Micellar Technology for Normal To Sensitive Skin Types</p><p>$12.99 ($1.55 / Fl Oz)</p><a href="https://www.amazon.com/dp/B0036SFTK4?tag=eloabder-20&linkCode=osi&th=1&psc=1">View Product</a></div><div class="product"><a href="https://www.amazon.com/dp/B07TB2MKJJ?tag=eloabder-20&linkCode=osi&th=1&psc=1"><img src="https://m.media-amazon.com/images/I/41SyeAmsnOL._SL500_.jpg" alt="Product Image"></a><p>Garnier Micellar Water with Rose Water and Glycerin, Hydrating Facial Cleanser & Makeup Remover, For All Skin Types, Vegan, Cruelty Free, 13.5 Fl Oz (400mL), 1 Count</p><p>$8.97 ($0.66 / Fl Oz)</p><a href="https://www.amazon.com/dp/B07TB2MKJJ?tag=eloabder-20&linkCode=osi&th=1&psc=1">View Product</a></div><div class="product"><a href="https://www.amazon.com/dp/B01MQ495N0?tag=eloabder-20&linkCode=osi&th=1&psc=1"><img src="https://m.media-amazon.com/images/I/31wWu56DBJL._SL500_.jpg" alt="Product Image"></a><p>Garnier Micellar Water for Oily Skin, Facial Cleanser & Makeup Remover, Mattifying, For All Skin Types, Vegan, Cruelty Free, 13.5 Fl Oz (400mL), 1 Count</p><p>$8.97 ($0.66 / Fl Oz)</p><a href="https://www.amazon.com/dp/B01MQ495N0?tag=eloabder-20&linkCode=osi&th=1&psc=1">View Product</a></div><div class="product"><a href="https://www.amazon.com/dp/B0B59TJN3R?tag=eloabder-20&linkCode=osi&th=1&psc=1"><img src="https://m.media-amazon.com/images/I/410aYbZluvL._SL500_.jpg" alt="Product Image"></a><p>Garnier Micellar Water with Hyaluronic Acid, Facial Cleanser & Makeup Remover, Hydrating and Plumping, For All Skin Types, Vegan, Cruelty Free, 13.5 Fl Oz (400mL), 2 Count</p><p>$17.94 ($0.66 / Fl Oz)</p><a href="https://www.amazon.com/dp/B0B59TJN3R?tag=eloabder-20&linkCode=osi&th=1&psc=1">View Product</a></div><div class="product"><a href="https://www.amazon.com/dp/B07VHZPBZ3?tag=eloabder-20&linkCode=osi&th=1&psc=1"><img src="https://m.media-amazon.com/images/I/41Ow8cEJaFL._SL500_.jpg" alt="Product Image"></a><p>CeraVe Micellar Water | New & Improved Formula | Hydrating Facial Cleanser & Eye Makeup Remover | Fragrance Free & Non-Irritating | 10 Fl. Oz</p><p>$10.74 ($1.07 / Ounce)</p><a href="https://www.amazon.com/dp/B07VHZPBZ3?tag=eloabder-20&linkCode=osi&th=1&psc=1">View Product</a></div><div class="product"><a href="https://www.amazon.com/dp/B005EZSUS0?tag=eloabder-20&linkCode=osi&th=1&psc=1"><img src="https://m.media-amazon.com/images/I/31Cwqaks+tL._SL500_.jpg" alt="Product Image"></a><p>La Roche-Posay Micellar Cleansing Water for Sensitive Skin, Micellar Water Makeup Remover, Cleanses and Hydrates Skin, Gentle Face Toner, Oil Free</p><p>$18.99 ($1.40 / Fl Oz)</p><a href="https://www.amazon.com/dp/B005EZSUS0?tag=eloabder-20&linkCode=osi&th=1&psc=1">View Product</a></div><div class="product"><a href="https://www.amazon.com/dp/B0CY25DD2N?tag=eloabder-20&linkCode=osi&th=1&psc=1"><img src="https://m.media-amazon.com/images/I/41jb6YrZnRL._SL500_.jpg" alt="Product Image"></a><p>ma:nyo Pure Cleansing Water Sensitive (16.9 fl oz/500ml) - Triple+ Micellar Technology, Makeup Removal Cleanser, Gentle Face Cleanser for all skin types, Cleanses and Hydrates Skin</p><p>$18.99 ($1.12 / Fl Oz)</p><a href="https://www.amazon.com/dp/B0CY25DD2N?tag=eloabder-20&linkCode=osi&th=1&psc=1">View Product</a></div>
<div class="product"><a href="https://www.amazon.com/dp/B09LKXR62L?tag=eloabder-20&linkCode=osi&th=1&psc=1"><img src="https://m.media-amazon.com/images/I/31D6ydy59dL._SL500_.jpg" alt="Product Image"></a><p>CeraVe Hydrating Toner for Face Non-Alcoholic with Hyaluronic Acid, Niacinamide, and Ceramides for Sensitive Dry Skin, Fragrance-Free Non Comedogenic, Full Size, 6.8 Fl Oz</p><p>$9.86 ($1.45 / Ounce)</p><a href="https://www.amazon.com/dp/B09LKXR62L?tag=eloabder-20&linkCode=osi&th=1&psc=1">View Product</a></div><div class="product"><a href="https://www.amazon.com/dp/B08CMS8P67?tag=eloabder-20&linkCode=osi&th=1&psc=1"><img src="https://m.media-amazon.com/images/I/31LVyuSsJEL._SL500_.jpg" alt="Product Image"></a><p>Anua Heartleaf 77 Soothing Toner I pH 5.5 Trouble Care, Calming Skin, Refreshing, Hydrating, Purifying, Cruelty Free, Vegan,(250ml / 8.45 fl.oz.)</p><p>$19.69 ($2.33 / Fl Oz)</p><a href="https://www.amazon.com/dp/B08CMS8P67?tag=eloabder-20&linkCode=osi&th=1&psc=1">View Product</a></div><div class="product"><a href="https://www.amazon.com/dp/B001BR97A0?tag=eloabder-20&linkCode=osi&th=1&psc=1"><img src="https://m.media-amazon.com/images/I/41ooiOilk5L._SL500_.jpg" alt="Product Image"></a><p>THAYERS Alcohol-Free, Hydrating Cucumber Witch Hazel Facial Toner with Aloe Vera Formula, Vegan, Dermatologist Tested and Recommended, 12 Oz</p><p>$10.53 ($0.88 / Fl Oz)</p><a href="https://www.amazon.com/dp/B001BR97A0?tag=eloabder-20&linkCode=osi&th=1&psc=1">View Product</a></div><div class="product"><a href="https://www.amazon.com/dp/B0CG1H8YRS?tag=eloabder-20&linkCode=osi&th=1&psc=1"><img src="https://m.media-amazon.com/images/I/31OZES5j9LL._SL500_.jpg" alt="Product Image"></a><p>TIRTIR Milk Skin Rice Toner | Deep Moisturizing, Instant Glow, 2% Niacinamide, Rice Bran Extract, Ceramide, Panthenol, Cruelty-Free, Fungal Acne Friendly, Vegan, 5.07 fl.oz.</p><p>$24.99 ($4.93 / Fl Oz)</p><a href="https://www.amazon.com/dp/B0CG1H8YRS?tag=eloabder-20&linkCode=osi&th=1&psc=1">View Product</a></div><div class="product"><a href="https://www.amazon.com/dp/B008EPPIQ4?tag=eloabder-20&linkCode=osi&th=1&psc=1"><img src="https://m.media-amazon.com/images/I/31-lQL0AkZL._SL500_.jpg" alt="Product Image"></a><p>Paula's Choice Skin Balancing Pore-Reducing Toner for Combination and Oily Skin, Minimizes Large Pores, 6.4 Fluid Ounce Bottle</p><p>$26.00 ($4.06 / Fl Oz)</p><a href="https://www.amazon.com/dp/B008EPPIQ4?tag=eloabder-20&linkCode=osi&th=1&psc=1">View Product</a></div><div class="product"><a href="https://www.amazon.com/dp/B0BNC5ZF3T?tag=eloabder-20&linkCode=osi&th=1&psc=1"><img src="https://m.media-amazon.com/images/I/31ZMbyd3gbL._SL500_.jpg" alt="Product Image"></a><p>Neutrogena Alcohol-Free Gentle Daily Fragrance-Free Face Toner to Tone & Refresh Skin, Toner Gently Removes Impurities & Reconditions Skin, Hypoallergenic, 8 fl. oz</p><p>$6.08 ($0.76 / Fl Oz)</p><a href="https://www.amazon.com/dp/B0BNC5ZF3T?tag=eloabder-20&linkCode=osi&th=1&psc=1">View Product</a></div><div class="product"><a href="https://www.amazon.com/dp/B00LO2RO7K?tag=eloabder-20&linkCode=osi&th=1&psc=1"><img src="https://m.media-amazon.com/images/I/31Wb52+KYzL._SL500_.jpg" alt="Product Image"></a><p>La Roche-Posay Effaclar Clarifying Solution Acne Toner with Salicylic Acid and Glycolic Acid, Pore Refining Oily Skin Toner, Gentle Exfoliant to Unclog Pores and Remove Dead Skin Cells</p><p>$16.99 ($2.51 / Fl Oz)</p><a href="https://www.amazon.com/dp/B00LO2RO7K?tag=eloabder-20&linkCode=osi&th=1&psc=1">View Product</a></div><div class="product"><a href="https://www.amazon.com/dp/B000GCQ04C?tag=eloabder-20&linkCode=osi&th=1&psc=1"><img src="https://m.media-amazon.com/images/I/31Jk+E96wIL._SL500_.jpg" alt="Product Image"></a><p>Dickinson's Original Witch Hazel Pore Perfecting Toner, 100% Natural, 16 Ounce Fragrance free</p><p>$4.94 ($0.31 / Fl Oz)</p><a href="https://www.amazon.com/dp/B000GCQ04C?tag=eloabder-20&linkCode=osi&th=1&psc=1">View Product</a></div><div class="product"><a href="https://www.amazon.com/dp/B073P6BPF5?tag=eloabder-20&linkCode=osi&th=1&psc=1"><img src="https://m.media-amazon.com/images/I/31hqlVDLizL._SL500_.jpg" alt="Product Image"></a><p>COSRX AHA/BHA Clarifying Treatment Toner, 5.07 fl.oz / 150ml | Exfoliating Facial Spray | Korean Skin Care, Hydrating, Mild Exfoliation, Vegan, Animal Testing Free, Paraben Free</p><p>$10.75 ($2.11 / Fl Oz)</p><a href="https://www.amazon.com/dp/B073P6BPF5?tag=eloabder-20&linkCode=osi&th=1&psc=1">View Product</a></div>
<div class="product"><a href="https://www.amazon.com/dp/B01N34XW93?tag=eloabder-20&linkCode=osi&th=1&psc=1"><img src="https://m.media-amazon.com/images/I/31OMOTCxlmL._SL500_.jpg" alt="Product Image"></a><p>La Roche-Posay Toleriane Purifying Foaming Facial Cleanser, Oil Free Face Wash for Oily Skin and for Sensitive Skin with Niacinamide, Pore Cleanser Won’t Dry Out Skin, Unscented</p><p>$17.99 ($1.33 / Fl Oz)</p><a href="https://www.amazon.com/dp/B01N34XW93?tag=eloabder-20&linkCode=osi&th=1&psc=1">View Product</a></div><div class="product"><a href="https://www.amazon.com/dp/B01MSSDEPK?tag=eloabder-20&linkCode=osi&th=1&psc=1"><img src="https://m.media-amazon.com/images/I/41YuSwjJUIL._SL500_.jpg" alt="Product Image"></a><p>CeraVe Hydrating Facial Cleanser | Moisturizing Face Wash For Dry Skin | Hyaluronic Acid + Ceramides + Glycerin | Hydrating Cleanser For Normal To Dry Skin | National Eczema Assosiation Certified</p><p>$15.48 ($0.97 / Fl Oz)</p><a href="https://www.amazon.com/dp/B01MSSDEPK?tag=eloabder-20&linkCode=osi&th=1&psc=1">View Product</a></div><div class="product"><a href="https://www.amazon.com/dp/B01N1LL62W?tag=eloabder-20&linkCode=osi&th=1&psc=1"><img src="https://m.media-amazon.com/images/I/41kwN8dWWzL._SL500_.jpg" alt="Product Image"></a><p>CeraVe Foaming Facial Cleanser | Daily Face Wash for Oily Skin with Hyaluronic Acid, Ceramides, and Niacinamide| Fragrance Free | 16 Fluid Ounce</p><p>$15.19 ($0.95 / Fl Oz)</p><a href="https://www.amazon.com/dp/B01N1LL62W?tag=eloabder-20&linkCode=osi&th=1&psc=1">View Product</a></div><div class="product"><a href="https://www.amazon.com/dp/B01N7T7JKJ?tag=eloabder-20&linkCode=osi&th=1&psc=1"><img src="https://m.media-amazon.com/images/I/31VXK3y1KYL._SL500_.jpg" alt="Product Image"></a><p>La Roche-Posay Toleriane Hydrating Gentle Face Cleanser, Daily Facial Cleanser with Niacinamide and Ceramides for Sensitive Skin, Moisturizing Face Wash for Normal to Dry Skin, Fragrance Free</p><p>$17.99 ($1.33 / Fl Oz)</p><a href="https://www.amazon.com/dp/B01N7T7JKJ?tag=eloabder-20&linkCode=osi&th=1&psc=1">View Product</a></div><div class="product"><a href="https://www.amazon.com/dp/B0719GRD5R?tag=eloabder-20&linkCode=osi&th=1&psc=1"><img src="https://m.media-amazon.com/images/I/41YE7bBHNCL._SL500_.jpg" alt="Product Image"></a><p>Clean & Clear Deep Action Exfoliating Cleanser with Pro-Vitamin B5, Gentle Exfoliating Daily Face Scrub Cleans Deep Down to the Pore for Soft, Smooth, Hydrated Skin, Oil Free Face Wash, 7 FL OZ</p><p>$5.32 ($0.76 / Fl Oz)</p><a href="https://www.amazon.com/dp/B0719GRD5R?tag=eloabder-20&linkCode=osi&th=1&psc=1">View Product</a></div><div class="product"><a href="https://www.amazon.com/dp/B08CQ9T6KN?tag=eloabder-20&linkCode=osi&th=1&psc=1"><img src="https://m.media-amazon.com/images/I/31IpigAgxZL._SL500_.jpg" alt="Product Image"></a><p>CeraVe SA Cleanser | Salicylic Acid Cleanser with Hyaluronic Acid, Niacinamide & Ceramides| BHA Exfoliant for Face | Fragrance Free Non-Comedogenic | 16 Ounce</p><p>$15.48 ($0.97 / Fl Oz)</p><a href="https://www.amazon.com/dp/B08CQ9T6KN?tag=eloabder-20&linkCode=osi&th=1&psc=1">View Product</a></div><div class="product"><a href="https://www.amazon.com/dp/B09Y4HHY1P?tag=eloabder-20&linkCode=osi&th=1&psc=1"><img src="https://m.media-amazon.com/images/I/41Crw80Q3yL._SL500_.jpg" alt="Product Image"></a><p>Cetaphil Face Wash, Daily Facial Cleanser for Sensitive, Combination to Oily Skin, NEW 16 oz, Fragrance Free, Gentle Foaming, Soap Free, Hypoallergenic (Packaging May Vary)</p><p>$11.97 ($0.75 / Fl Oz)</p><a href="https://www.amazon.com/dp/B09Y4HHY1P?tag=eloabder-20&linkCode=osi&th=1&psc=1">View Product</a></div><div class="product"><a href="https://www.amazon.com/dp/B099MSZX25?tag=eloabder-20&linkCode=osi&th=1&psc=1"><img src="https://m.media-amazon.com/images/I/41VHDzUYE6L._SL500_.jpg" alt="Product Image"></a><p>Cetaphil Face Wash, Daily Facial Cleanser for Sensitive, Combination to Oily Skin, Mother's Day Gifts, NEW 20 oz, Gentle Foaming, Soap Free, Hypoallergenic</p><p>$13.97 ($0.70 / Fl Oz)</p><a href="https://www.amazon.com/dp/B099MSZX25?tag=eloabder-20&linkCode=osi&th=1&psc=1">View Product</a></div><div class="product"><a href="https://www.amazon.com/dp/B00LO1DNXU?tag=eloabder-20&linkCode=osi&th=1&psc=1"><img src="https://m.media-amazon.com/images/I/31blEnDdwIL._SL500_.jpg" alt="Product Image"></a><p>La Roche-Posay Effaclar Medicated Gel Cleanser | 2% Salicylic Acid Cleanser + LHA + Glycerin | Foaming Acne Face Wash | Helps Clear & Prevent Acne Breakouts | Oil Free Acne Wash | Targets Excess Oil</p><p>$16.99 ($2.51 / Fl Oz)</p><a href="https://www.amazon.com/dp/B00LO1DNXU?tag=eloabder-20&linkCode=osi&th=1&psc=1">View Product</a></div><div class="product"><a href="https://www.amazon.com/dp/B00FFJ4W0U?tag=eloabder-20&linkCode=osi&th=1&psc=1"><img src="https://m.media-amazon.com/images/I/31NIZChUu9L._SL500_.jpg" alt="Product Image"></a><p>Clean & Clear Morning Burst Hydrating Facial Cleanser with BHA, Cucumber and Aloe Extracts, Oil-Free Face Wash Gently Removes Oil and Pore Clogging Impurities, 8 FL OZ</p><p>$4.97 ($0.62 / Fl Oz)</p><a href="https://www.amazon.com/dp/B00FFJ4W0U?tag=eloabder-20&linkCode=osi&th=1&psc=1">View Product</a></div>
<div class="product"><a href="https://www.amazon.com/dp/B00QY1XZ4W?tag=eloabder-20&linkCode=osi&th=1&psc=1"><img src="https://m.media-amazon.com/images/I/319pG+OQZxL._SL500_.jpg" alt="Product Image"></a><p>Vanicream Gentle Facial Cleanser with Pump Dispenser - 8 fl oz - Formulated Without Common Irritants for Those with Sensitive Skin</p><p>$8.86 ($1.11 / Fl Oz)</p><a href="https://www.amazon.com/dp/B00QY1XZ4W?tag=eloabder-20&linkCode=osi&th=1&psc=1">View Product</a></div><div class="product"><a href="https://www.amazon.com/dp/B00UT47WZ8?tag=eloabder-20&linkCode=osi&th=1&psc=1"><img src="https://m.media-amazon.com/images/I/31LuYFIOBXL._SL500_.jpg" alt="Product Image"></a><p>Neutrogena Deep Clean Daily Facial Cleanser with Beta Hydroxy Acid for Normal to Oily Skin, Alcohol-Free, Oil-Free & Non-Comedogenic, 6.7 fl. oz</p><p>$6.49 ($0.97 / Fl Oz)</p><a href="https://www.amazon.com/dp/B00UT47WZ8?tag=eloabder-20&linkCode=osi&th=1&psc=1">View Product</a></div><div class="product"><a href="https://www.amazon.com/dp/B0BVV8BNYJ?tag=eloabder-20&linkCode=osi&th=1&psc=1"><img src="https://m.media-amazon.com/images/I/31tSZvBReoL._SL500_.jpg" alt="Product Image"></a><p>ANUA Heartleaf Quercetinol Pore Deep Cleansing Foam, Facial Cleanser, for Double Cleansing, BHA, Hyaluronic Acid, Glycerin, Face Wash, Blackhead Remover, Korean Skincare (150ml/5.07 fl.oz.)</p><p>$13.00 ($2.56 / Fl Oz)</p><a href="https://www.amazon.com/dp/B0BVV8BNYJ?tag=eloabder-20&linkCode=osi&th=1&psc=1">View Product</a></div><div class="product"><a href="https://www.amazon.com/dp/B004HLSZYQ?tag=eloabder-20&linkCode=osi&th=1&psc=1"><img src="https://m.media-amazon.com/images/I/31KXj2UGrOL._SL500_.jpg" alt="Product Image"></a><p>EltaMD Foaming Facial Cleanser, Gentle Foaming Face Wash and Makeup Remover, Oil Free Face Wash, 7 oz Pump</p><p>$35.00 ($5.00 / Fl Oz)</p><a href="https://www.amazon.com/dp/B004HLSZYQ?tag=eloabder-20&linkCode=osi&th=1&psc=1">View Product</a></div>
<div class="product"><a href="https://www.amazon.com/dp/B07C5SS6YD?tag=eloabder-20&linkCode=osi&th=1&psc=1"><img src="https://m.media-amazon.com/images/I/31tzIszvgAL._SL500_.jpg" alt="Product Image"></a><p>Paula's Choice Skin Perfecting 2% BHA Liquid Salicylic Acid Exfoliant, Gentle Facial Exfoliator for Blackheads, Large Pores, Wrinkles & Fine Lines, Travel Size, 1 Fluid Ounce</p><p>$14.00</p><a href="https://www.amazon.com/dp/B07C5SS6YD?tag=eloabder-20&linkCode=osi&th=1&psc=1">View Product</a></div><div class="product"><a href="https://www.amazon.com/dp/B07VW3YSWH?tag=eloabder-20&linkCode=osi&th=1&psc=1"><img src="https://m.media-amazon.com/images/I/410j9ZFktHL._SL500_.jpg" alt="Product Image"></a><p>Tree Hut Vitamin C Shea Sugar Scrub, 18 oz, Ultra Hydrating and Exfoliating Scrub for Nourishing Essential Body Care</p><p>$8.94 ($0.50 / Ounce)</p><a href="https://www.amazon.com/dp/B07VW3YSWH?tag=eloabder-20&linkCode=osi&th=1&psc=1">View Product</a></div><div class="product"><a href="https://www.amazon.com/dp/B08YN28CS4?tag=eloabder-20&linkCode=osi&th=1&psc=1"><img src="https://m.media-amazon.com/images/I/41WIWNeKrxL._SL500_.jpg" alt="Product Image"></a><p>Seraphic Skincare (Original) Premium Exfoliating Mitt for Body (1pc) – 100% Vegan Viscose Traditional Body Scrub Glove Kessa Korean Washcloth – Body Exfoliator for Self-Tan Removal & Keratosis Pilaris</p><p>$8.99 ($8.99 / Count)</p><a href="https://www.amazon.com/dp/B08YN28CS4?tag=eloabder-20&linkCode=osi&th=1&psc=1">View Product</a></div><div class="product"><a href="https://www.amazon.com/dp/B001VMJSCW?tag=eloabder-20&linkCode=osi&th=1&psc=1"><img src="https://m.media-amazon.com/images/I/31N7x4-aJAL._SL500_.jpg" alt="Product Image"></a><p>Dermalogica Daily Microfoliant, Face Exfoliator Scrub Powder with Salicylic Acid and Papaya Enzyme, Achieve Brighter, Smoother Skin Daily, 0.45 Oz</p><p>$19.00 ($42.22 / Ounce)</p><a href="https://www.amazon.com/dp/B001VMJSCW?tag=eloabder-20&linkCode=osi&th=1&psc=1">View Product</a></div><div class="product"><a href="https://www.amazon.com/dp/B076KYPY23?tag=eloabder-20&linkCode=osi&th=1&psc=1"><img src="https://m.media-amazon.com/images/I/31F7Ozgy+WL._SL500_.jpg" alt="Product Image"></a><p>DRMTLGY Microdermabrasion Facial Scrub and Face Mask. Non-Abrasive Face Exfoliator Improves Acne Scars, Blackheads, Pore Size, and Skin Texture. 2 oz</p><p>$20.00 ($10.00 / Ounce)</p><a href="https://www.amazon.com/dp/B076KYPY23?tag=eloabder-20&linkCode=osi&th=1&psc=1">View Product</a></div><div class="product"><a href="https://www.amazon.com/dp/B018H32LHQ?tag=eloabder-20&linkCode=osi&th=1&psc=1"><img src="https://m.media-amazon.com/images/I/41NfDFms3KL._SL500_.jpg" alt="Product Image"></a><p>Era Organics Microdermabrasion Facial Scrub & Face Exfoliator - Spa Quality Exfoliating Mask with Manuka Honey Walnut Moisturizing Exfoliant for Dry Skin, Blackheads Wrinkles (2 oz)</p><p>$16.99 ($8.50 / Ounce)</p><a href="https://www.amazon.com/dp/B018H32LHQ?tag=eloabder-20&linkCode=osi&th=1&psc=1">View Product</a></div><div class="product"><a href="https://www.amazon.com/dp/B0BNWXFH3P?tag=eloabder-20&linkCode=osi&th=1&psc=1"><img src="https://m.media-amazon.com/images/I/51HkdST1FCL._SL500_.jpg" alt="Product Image"></a><p>Dermasuri Deep Exfoliating Glove for Shower - Exfoliating Mitt Body Scrubber - Skin Exfoliator & Dead Skin Remover - Keratosis Pilaris Scrub - Spray Tan Remover - Korean Skincare for Body (2 Pack)</p><p>$19.99 ($10.00 / Count)</p><a href="https://www.amazon.com/dp/B0BNWXFH3P?tag=eloabder-20&linkCode=osi&th=1&psc=1">View Product</a></div><div class="product"><a href="https://www.amazon.com/dp/B09Q88TVGJ?tag=eloabder-20&linkCode=osi&th=1&psc=1"><img src="https://m.media-amazon.com/images/I/31jQFJt0t7L._SL500_.jpg" alt="Product Image"></a><p>tingl Face and Body Exfoliator Pads - Anti Aging Acne Treatment with Glycolic Acid, Lactic Acid, and Salicylic Acid - Pore Minimizer, Oil Cleanser, Blackhead Remover and Skin Exfoliator in One</p><p>$38.00 ($38.00 / Count)</p><a href="https://www.amazon.com/dp/B09Q88TVGJ?tag=eloabder-20&linkCode=osi&th=1&psc=1">View Product</a></div><div class="product"><a href="https://www.amazon.com/dp/B08T4FLJQZ?tag=eloabder-20&linkCode=osi&th=1&psc=1"><img src="https://m.media-amazon.com/images/I/317LIpGPZiL._SL500_.jpg" alt="Product Image"></a><p>Dove Scrub Brown Sugar & Coconut Butter For Silky Smooth Skin Body Scrub Exfoliates & Restores Skin's Natural Nutrients 10.5 oz</p><p>$6.97 ($0.66 / Ounce)</p><a href="https://www.amazon.com/dp/B08T4FLJQZ?tag=eloabder-20&linkCode=osi&th=1&psc=1">View Product</a></div>
<div class="product"><a href="https://www.amazon.com/dp/B07XG6BKCV?tag=eloabder-20&linkCode=osi&th=1&psc=1"><img src="https://m.media-amazon.com/images/I/31gg8aKaOeL._SL500_.jpg" alt="Product Image"></a><p>First Aid Beauty KP Bump Eraser Body Scrub Exfoliant for Keratosis Pilaris with 10% AHA – 8 oz</p><p>$30.00 ($3.75 / Ounce)</p><a href="https://www.amazon.com/dp/B07XG6BKCV?tag=eloabder-20&linkCode=osi&th=1&psc=1">View Product</a></div><div class="product"><a href="https://www.amazon.com/dp/B08Y5X8GJ9?tag=eloabder-20&linkCode=osi&th=1&psc=1"><img src="https://m.media-amazon.com/images/I/51MmIF4H+2L._SL500_.jpg" alt="Product Image"></a><p>Tree Hut Watermelon Shea Sugar Exfoliating & Hydrating Body Scrub, 18oz</p><p>$8.49 ($0.47 / Ounce)</p><a href="https://www.amazon.com/dp/B08Y5X8GJ9?tag=eloabder-20&linkCode=osi&th=1&psc=1">View Product</a></div><div class="product"><a href="https://www.amazon.com/dp/B003Z4OD24?tag=eloabder-20&linkCode=osi&th=1&psc=1"><img src="https://m.media-amazon.com/images/I/31C3rfE0XfL._SL500_.jpg" alt="Product Image"></a><p>Acure Brightening Facial Scrub for a Youthful, Brighter, Radiant Complexion | With Sea Kelp & French Green Clay, 4 Fl Oz</p><p>$11.83 ($2.96 / Fl Oz)</p><a href="https://www.amazon.com/dp/B003Z4OD24?tag=eloabder-20&linkCode=osi&th=1&psc=1">View Product</a></div><div class="product"><a href="https://www.amazon.com/dp/B07TH9YNL7?tag=eloabder-20&linkCode=osi&th=1&psc=1"><img src="https://m.media-amazon.com/images/I/4152M3OTu9L._SL500_.jpg" alt="Product Image"></a><p>Brooklyn Botany Dead Sea Salt and Coconut Milk Body Scrub - Moisturizing and Exfoliating Body, Face, Hand, Foot Scrub - Fights Stretch Marks, Fine Lines, Wrinkles - Great Gifts for Women & Men - 10 oz</p><p>$8.99 ($0.86 / Ounce)</p><a href="https://www.amazon.com/dp/B07TH9YNL7?tag=eloabder-20&linkCode=osi&th=1&psc=1">View Product</a></div><div class="product"><a href="https://www.amazon.com/dp/B07Q9C3YTQ?tag=eloabder-20&linkCode=osi&th=1&psc=1"><img src="https://m.media-amazon.com/images/I/31L0XCMqHoL._SL500_.jpg" alt="Product Image"></a><p>SheaMoisture Body Scrub for Dull Skin Illuminating Coconut and Hibiscus Cruelty-Free Skin Care 12 oz</p><p>$8.94 ($0.74 / Ounce)</p><a href="https://www.amazon.com/dp/B07Q9C3YTQ?tag=eloabder-20&linkCode=osi&th=1&psc=1">View Product</a></div><div class="product"><a href="https://www.amazon.com/dp/B09X6CVS53?tag=eloabder-20&linkCode=osi&th=1&psc=1"><img src="https://m.media-amazon.com/images/I/51a7ibTDAQL._SL500_.jpg" alt="Product Image"></a><p>Exfoliating Body Scrub Turmeric Body Scrub and Skin Exfoliator with Collagen and Coconut Oil Gently Exfoliate Face Body Hand and Foot Scrub Moisturizing Body SkinCare products by M3 Naturals</p><p>$25.81 ($2.15 / Ounce)</p><a href="https://www.amazon.com/dp/B09X6CVS53?tag=eloabder-20&linkCode=osi&th=1&psc=1">View Product</a></div><div class="product"><a href="https://www.amazon.com/dp/B08TM4QBDT?tag=eloabder-20&linkCode=osi&th=1&psc=1"><img src="https://m.media-amazon.com/images/I/51ToKkQ3fMS._SL500_.jpg" alt="Product Image"></a><p>First Botany, Himalayan Salt Body Scrub with Collagen & Stem Cells, Natural Exfoliating Salt Scrub Body & Face Souffle helps with Moisturizing Skin, Acne, Cellulite, Dead Skin Scars, Wrinkles, 11 oz</p><p>$13.89 ($1.26 / Ounce)</p><a href="https://www.amazon.com/dp/B08TM4QBDT?tag=eloabder-20&linkCode=osi&th=1&psc=1">View Product</a></div>
<div class="product"><a href="https://www.amazon.com/dp/B0B2RM68G2?tag=eloabder-20&linkCode=osi&th=1&psc=1"><img src="https://m.media-amazon.com/images/I/41VafG53fjL._SL500_.jpg" alt="Product Image"></a><p>BIODANCE Bio-Collagen Real Deep Mask, Hydrating Overnight Hydrogel Mask, Pore Minimizing, Elasticity Improvement, 34g x4ea</p><p>$19.00 ($4.75 / Count)</p><a href="https://www.amazon.com/dp/B0B2RM68G2?tag=eloabder-20&linkCode=osi&th=1&psc=1">View Product</a></div><div class="product"><a href="https://www.amazon.com/dp/B0722LVW3B?tag=eloabder-20&linkCode=osi&th=1&psc=1"><img src="https://m.media-amazon.com/images/I/51Vm0lozSIL._SL500_.jpg" alt="Product Image"></a><p>DERMAL 24 Combo Pack A Collagen Essence Korean Face Mask - Hydrating & Soothing Facial Mask with Panthenol - Hypoallergenic Self Care Sheet Mask for All Skin Types - Natural Home Spa Treatment Mask</p><p>$16.99 ($0.71 / Count)</p><a href="https://www.amazon.com/dp/B0722LVW3B?tag=eloabder-20&linkCode=osi&th=1&psc=1">View Product</a></div><div class="product"><a href="https://www.amazon.com/dp/B08YRD11VS?tag=eloabder-20&linkCode=osi&th=1&psc=1"><img src="https://m.media-amazon.com/images/I/41QL8zBoz0S._SL500_.jpg" alt="Product Image"></a><p>Vitamin C Face Mask with Kaolin Clay and Turmeric for Dark Spots, Dull Skin, Skincare Facial Mask for Controlling Oil and Refining Pores 5.29 Oz</p><p>$14.99 ($2.83 / Ounce)</p><a href="https://www.amazon.com/dp/B08YRD11VS?tag=eloabder-20&linkCode=osi&th=1&psc=1">View Product</a></div><div class="product"><a href="https://www.amazon.com/dp/B06VV8FBDQ?tag=eloabder-20&linkCode=osi&th=1&psc=1"><img src="https://m.media-amazon.com/images/I/41GEI9zFceL._SL500_.jpg" alt="Product Image"></a><p>LA PURE Korean Face Mask - 10ct Snail Mucin Hydrating Face Masks Anti Wrinkle Anti Aging Deep Moisturizing Natural Snail Mucin Mask Sheet Mask Paraben Free Facial Skin Care Products Korean Skin Care</p><p>$24.95 ($2.50 / Count)</p><a href="https://www.amazon.com/dp/B06VV8FBDQ?tag=eloabder-20&linkCode=osi&th=1&psc=1">View Product</a></div><div class="product"><a href="https://www.amazon.com/dp/B09XWVH7XX?tag=eloabder-20&linkCode=osi&th=1&psc=1"><img src="https://m.media-amazon.com/images/I/413x5TISr1L._SL500_.jpg" alt="Product Image"></a><p>Mediheal Best Korean Watermide Essential Face Mask - 10 Hydrating and Moisturizing Sheet Masks With Water 3x Complex For All Skin Types</p><p>$19.90 ($1.99 / Count)</p><a href="https://www.amazon.com/dp/B09XWVH7XX?tag=eloabder-20&linkCode=osi&th=1&psc=1">View Product</a></div><div class="product"><a href="https://www.amazon.com/dp/B07K6V8P2R?tag=eloabder-20&linkCode=osi&th=1&psc=1"><img src="https://m.media-amazon.com/images/I/41FtxFr0Z-L._SL500_.jpg" alt="Product Image"></a><p>Ebanel 15 Pack Collagen Peptide Hydrating Face Masks, Instant Brightening Firming Anti Aging Face Sheet Masks, Moisturizing Spa Face Masks Skincare with Hyaluronic Acid, Vitamin C, Chamomile, Aloe</p><p>$18.99 ($1.81 / Ounce)</p><a href="https://www.amazon.com/dp/B07K6V8P2R?tag=eloabder-20&linkCode=osi&th=1&psc=1">View Product</a></div><div class="product"><a href="https://www.amazon.com/dp/B0CYGT3CR4?tag=eloabder-20&linkCode=osi&th=1&psc=1"><img src="https://m.media-amazon.com/images/I/51LbfzrqiUL._SL500_.jpg" alt="Product Image"></a><p>KONEUK 14 Pack Sheet Face Masks Skincare for All Skin Types, Hydrating Face Masks Suitable for Sensitive Skin, Bulk Facial Mask Set for Women Skin Care, Face Mask Gifts Set for Face Spa</p><p>$8.99 ($0.64 / Count)</p><a href="https://www.amazon.com/dp/B0CYGT3CR4?tag=eloabder-20&linkCode=osi&th=1&psc=1">View Product</a></div><div class="product"><a href="https://www.amazon.com/dp/B07L8XY5B7?tag=eloabder-20&linkCode=osi&th=1&psc=1"><img src="https://m.media-amazon.com/images/I/41v5eqhBSIL._SL500_.jpg" alt="Product Image"></a><p>BRO MASK: Korean Face Mask for Men | 2 Pc. Hydrating Anti Aging Sheet Masks Contains Vitamin C, Vitamin E, Hyaluronic Acid, Hydrolyzed Collagen for Face Care & Acne Treatment by Jaxon Lane (4 Pack)</p><p>$28.00 ($7.00 / Count)</p><a href="https://www.amazon.com/dp/B07L8XY5B7?tag=eloabder-20&linkCode=osi&th=1&psc=1">View Product</a></div><div class="product"><a href="https://www.amazon.com/dp/B01KSIO76G?tag=eloabder-20&linkCode=osi&th=1&psc=1"><img src="https://m.media-amazon.com/images/I/21n0DJ3XOiL._SL500_.jpg" alt="Product Image"></a><p>Kiehl's Rare Earth Deep Pore Cleansing Mask, Pore-Minimizing Face Mask for Clogged Pores, Detoxifies & Refines Skin, Absorbs Excess Oil, with Amazonian White Clay & Aloe Vera - 0.95 fl oz</p><p>$26.00 ($27.37 / Ounce)</p><a href="https://www.amazon.com/dp/B01KSIO76G?tag=eloabder-20&linkCode=osi&th=1&psc=1">View Product</a></div>
<div class="product"><a href="https://www.amazon.com/dp/B08JSL9W6K?tag=eloabder-20&linkCode=osi&th=1&psc=1"><img src="https://m.media-amazon.com/images/I/410lOOpCRwL._SL500_.jpg" alt="Product Image"></a><p>COSRX Snail Mucin Sheet Mask 10 EA, Snail Essence Leave-on Face Masks for Dry, Sensitive Skin, Snail Secretion Filtrate, Not Tested on Animals, No Parabens, No Sulfates, Korean Skincare</p><p>$18.75 ($1.88 / Count)</p><a href="https://www.amazon.com/dp/B08JSL9W6K?tag=eloabder-20&linkCode=osi&th=1&psc=1">View Product</a></div><div class="product"><a href="https://www.amazon.com/dp/B07FPJHPX1?tag=eloabder-20&linkCode=osi&th=1&psc=1"><img src="https://m.media-amazon.com/images/I/51uNOnTpxTL._SL500_.jpg" alt="Product Image"></a><p>Celavi Essence Facial Sheet Face Mask Variety Set Classic Authentic Korean Moisturizing Skincare (12-Packs)</p><p>$9.40 ($0.78 / Count)</p><a href="https://www.amazon.com/dp/B07FPJHPX1?tag=eloabder-20&linkCode=osi&th=1&psc=1">View Product</a></div><div class="product"><a href="https://www.amazon.com/dp/B083X5R6VR?tag=eloabder-20&linkCode=osi&th=1&psc=1"><img src="https://m.media-amazon.com/images/I/31NleokJYmL._SL500_.jpg" alt="Product Image"></a><p>VT COSMETICS Daily Soothing Mask 30ea, Facial Sheet Mask for Moist & Hydrating, 30 Day Supply, Cica Face Mask</p><p>$18.50 ($0.62 / Count)</p><a href="https://www.amazon.com/dp/B083X5R6VR?tag=eloabder-20&linkCode=osi&th=1&psc=1">View Product</a></div><div class="product"><a href="https://www.amazon.com/dp/B0B57TX64F?tag=eloabder-20&linkCode=osi&th=1&psc=1"><img src="https://m.media-amazon.com/images/I/41+ywvmpRoL._SL500_.jpg" alt="Product Image"></a><p>Mediheal Best Korean Sheet Mask - Watermide Essential Face Mask 4 Sheets For All Skin Types Korean Best Sheet Mask Hydrating Moisturizing with Water 3x Complex</p><p>$7.90 ($1.98 / Count)</p><a href="https://www.amazon.com/dp/B0B57TX64F?tag=eloabder-20&linkCode=osi&th=1&psc=1">View Product</a></div><div class="product"><a href="https://www.amazon.com/dp/B0BPLLXT7Y?tag=eloabder-20&linkCode=osi&th=1&psc=1"><img src="https://m.media-amazon.com/images/I/41vG52wcgaL._SL500_.jpg" alt="Product Image"></a><p>NEXTBEAU [PACK OF 10] Solution Sheet Mask Pack 5types x 2pc Aloe, Niacinamide, Collagen, Hemp seed, Hyaluronic Acid</p><p>$8.99 ($0.90 / Count)</p><a href="https://www.amazon.com/dp/B0BPLLXT7Y?tag=eloabder-20&linkCode=osi&th=1&psc=1">View Product</a></div><div class="product"><a href="https://www.amazon.com/dp/B00BAM7F8C?tag=eloabder-20&linkCode=osi&th=1&psc=1"><img src="https://m.media-amazon.com/images/I/51jsS9SDHeL._SL500_.jpg" alt="Product Image"></a><p>DERMAL 16 Combo Pack A Collagen Essencce Korean Face Mask - Hydrating & Soothing Facial Mask with Panthenol - Hypoallergenic Self Care Sheet Mask for All Skin Types - Natural Home Spa Treatment Masks</p><p>$11.99</p><a href="https://www.amazon.com/dp/B00BAM7F8C?tag=eloabder-20&linkCode=osi&th=1&psc=1">View Product</a></div><div class="product"><a href="https://www.amazon.com/dp/B076H45H68?tag=eloabder-20&linkCode=osi&th=1&psc=1"><img src="https://m.media-amazon.com/images/I/41JP+9JeO5L._SL500_.jpg" alt="Product Image"></a><p>Neutrogena Hydro Boost Moisturizing & Hydrating 100% Hydrogel Sheet Face Mask for Dry Skin with Hyaluronic Acid, Gentle & Non-Comedogenic, 1 Ounce (Pack of 12)</p><p>$34.44 ($2.87 / Ounce)</p><a href="https://www.amazon.com/dp/B076H45H68?tag=eloabder-20&linkCode=osi&th=1&psc=1">View Product</a></div><div class="product"><a href="https://www.amazon.com/dp/B078YB11V4?tag=eloabder-20&linkCode=osi&th=1&psc=1"><img src="https://m.media-amazon.com/images/I/51shUi8PVmL._SL500_.jpg" alt="Product Image"></a><p>TONYMOLY I'm Real Radiance Sheet Mask 5 Count, Hydrates and Moisturizes Face</p><p>$12.00 ($2.40 / Count)</p><a href="https://www.amazon.com/dp/B078YB11V4?tag=eloabder-20&linkCode=osi&th=1&psc=1">View Product</a></div>
<div class="product"><a href="https://www.amazon.com/dp/B081FK6L1G?tag=eloabder-20&linkCode=osi&th=1&psc=1"><img src="https://m.media-amazon.com/images/I/51gWAvQb9aL._SL500_.jpg" alt="Product Image"></a><p>Aztec Secret– Indian Healing Clay 1 lb – Deep Pore Cleansing Facial & Body Mask – The Original 100% Natural Calcium Bentonite Clay – New Version 2</p><p>$14.95 ($0.93 / Ounce)</p><a href="https://www.amazon.com/dp/B081FK6L1G?tag=eloabder-20&linkCode=osi&th=1&psc=1">View Product</a></div><div class="product"><a href="https://www.amazon.com/dp/B0CQZ3W88P?tag=eloabder-20&linkCode=osi&th=1&psc=1"><img src="https://m.media-amazon.com/images/I/41I90W9bHuL._SL500_.jpg" alt="Product Image"></a><p>innisfree Super Volcanic Pore Clay Mask, Korean Pore Clearing Clay Mask with Volcanic Clusters and AHA</p><p>$16.00 ($4.73 / Ounce)</p><a href="https://www.amazon.com/dp/B0CQZ3W88P?tag=eloabder-20&linkCode=osi&th=1&psc=1">View Product</a></div><div class="product"><a href="https://www.amazon.com/dp/B07SDQDMZ4?tag=eloabder-20&linkCode=osi&th=1&psc=1"><img src="https://m.media-amazon.com/images/I/41vC+ro0S-L._SL500_.jpg" alt="Product Image"></a><p>Cetaphil Clay Mask Pro, Dermacontrol Purifying Clay Exfoliating Face Mask For Nourishment with Bentonite Clay for Blackheads and Pores, Designed for Oily, Sensitive Skin, 3 oz</p><p>$15.99 ($5.33 / Ounce)</p><a href="https://www.amazon.com/dp/B07SDQDMZ4?tag=eloabder-20&linkCode=osi&th=1&psc=1">View Product</a></div><div class="product"><a href="https://www.amazon.com/dp/B0CHN72MCJ?tag=eloabder-20&linkCode=osi&th=1&psc=1"><img src="https://m.media-amazon.com/images/I/41OPjUXZYlL._SL500_.jpg" alt="Product Image"></a><p>Aztec Secret Essential Indian Clay Mask Kit by Etana – 100% Natural Calcium Bentonite for Deep Pore Cleansing - Facial, Hair & Body Detox Set Wtih Accessories</p><p>$21.95 ($1.37 / Ounce)</p><a href="https://www.amazon.com/dp/B0CHN72MCJ?tag=eloabder-20&linkCode=osi&th=1&psc=1">View Product</a></div><div class="product"><a href="https://www.amazon.com/dp/B0CPDBW579?tag=eloabder-20&linkCode=osi&th=1&psc=1"><img src="https://m.media-amazon.com/images/I/31tDriIWYmL._SL500_.jpg" alt="Product Image"></a><p>FULLY Green Tomato Clay Mask Cleanser, Pore Purifying with 49% Green Tomato Extract, Sebum & Clogged Pore Care, Exfoliation, Fragrance-Free, Vegan & Dermatologically Tested, 4.05 fl.oz</p><p>$20.00 ($4.94 / Fl Oz)</p><a href="https://www.amazon.com/dp/B0CPDBW579?tag=eloabder-20&linkCode=osi&th=1&psc=1">View Product</a></div><div class="product"><a href="https://www.amazon.com/dp/B007CY2C76?tag=eloabder-20&linkCode=osi&th=1&psc=1"><img src="https://m.media-amazon.com/images/I/31-131ZWvEL._SL500_.jpg" alt="Product Image"></a><p>Freeman Dead Sea Minerals Anti-Stress Clay Facial Mask, Hydrating & Clarifying, Clears Pores, Face Mask With Lavender & Bergamot For Radiant Skin, For All Skin Types, 6 fl. oz./175 mL Tube, 1 Count</p><p>$3.86 ($0.64 / Ounce)</p><a href="https://www.amazon.com/dp/B007CY2C76?tag=eloabder-20&linkCode=osi&th=1&psc=1">View Product</a></div><div class="product"><a href="https://www.amazon.com/dp/B08HCVWG7B?tag=eloabder-20&linkCode=osi&th=1&psc=1"><img src="https://m.media-amazon.com/images/I/51nz+uBxoSL._SL500_.jpg" alt="Product Image"></a><p>Gleamin Vitamin C Clay Mask - 10-Minutes for Dark Spots, Turmeric Face Mask Skin Care, Deep Cleansing Pores - Facial Improves Uneven Tone, Post-Blemish, Visibly Brighten, Scarring and Texture - 2.5 Oz</p><p>$41.00 ($16.40 / Ounce)</p><a href="https://www.amazon.com/dp/B08HCVWG7B?tag=eloabder-20&linkCode=osi&th=1&psc=1">View Product</a></div>
<div class="product"><a href="https://www.amazon.com/dp/B000ZEA6WS?tag=eloabder-20&linkCode=osi&th=1&psc=1"><img src="https://m.media-amazon.com/images/I/31rFp2ip1IL._SL500_.jpg" alt="Product Image"></a><p>Freeman Renewing Cucumber Peel-Off Gel Facial Mask, Face Mask Refreshes Skin, Aloe Soothes & Moisturizes, Get Rejuvenated Skin, For Normal & Combination Skin, 6 fl. oz./175 mL Tube, 1 Count</p><p>$3.86 ($0.64 / Fl Oz)</p><a href="https://www.amazon.com/dp/B000ZEA6WS?tag=eloabder-20&linkCode=osi&th=1&psc=1">View Product</a></div><div class="product"><a href="https://www.amazon.com/dp/B08RYC42CZ?tag=eloabder-20&linkCode=osi&th=1&psc=1"><img src="https://m.media-amazon.com/images/I/31ApUlGl6zL._SL500_.jpg" alt="Product Image"></a><p>Aprilskin Calendula Peel Off Pore Minimizing Facial Mask | Vegan | Blackhead Remover, Exfoliating, Deep Cleansing | PHA BHA | Korean Skin Care | K Beauty | 3.52 oz</p><p>$16.90 ($4.80 / Fl Oz)</p><a href="https://www.amazon.com/dp/B08RYC42CZ?tag=eloabder-20&linkCode=osi&th=1&psc=1">View Product</a></div><div class="product"><a href="https://www.amazon.com/dp/B07DLDKCS1?tag=eloabder-20&linkCode=osi&th=1&psc=1"><img src="https://m.media-amazon.com/images/I/41Mx5AMIGyL._SL500_.jpg" alt="Product Image"></a><p>AZURE 24K Gold Firming Peel Off Face Mask- Anti Aging, Lifting, Illuminating & Revitalizing - Removes Blackheads, Dirt & Oils - With Hyaluronic Acid and Collagen - Skin Care Made in Korea - 150mL</p><p>$9.99 ($1.96 / Fl Oz)</p><a href="https://www.amazon.com/dp/B07DLDKCS1?tag=eloabder-20&linkCode=osi&th=1&psc=1">View Product</a></div><div class="product"><a href="https://www.amazon.com/dp/B07R16LBDL?tag=eloabder-20&linkCode=osi&th=1&psc=1"><img src="https://m.media-amazon.com/images/I/41yu6tuykaL._SL500_.jpg" alt="Product Image"></a><p>SUNATORIA Blackhead Remover Mask - Activated Charcoal Peel Off Face Mask - for All Skin Types - Deep Pore Cleaner Nose Blackhead Remover Pore Release - Black Head Remover for Face</p><p>$9.95 ($4.88 / Fl Oz)</p><a href="https://www.amazon.com/dp/B07R16LBDL?tag=eloabder-20&linkCode=osi&th=1&psc=1">View Product</a></div><div class="product"><a href="https://www.amazon.com/dp/B071KRTXX8?tag=eloabder-20&linkCode=osi&th=1&psc=1"><img src="https://m.media-amazon.com/images/I/51GSgsJO94L._SL500_.jpg" alt="Product Image"></a><p>SHILLS Charcoal Face Mask, Peel Off Mask, Charcoal Mask, Peel Off Mask, Deep Cleansing, Purifying, Activated Charcoal Mask with Brush</p><p>$9.94</p><a href="https://www.amazon.com/dp/B071KRTXX8?tag=eloabder-20&linkCode=osi&th=1&psc=1">View Product</a></div><div class="product"><a href="https://www.amazon.com/dp/B00E5NALCK?tag=eloabder-20&linkCode=osi&th=1&psc=1"><img src="https://m.media-amazon.com/images/I/31Is3s5+U7L._SL500_.jpg" alt="Product Image"></a><p>Freeman Cleansing Pomegranate Peel-Off Gel Facial Mask, Shrinks Pores, Purifies Skin, Made With 8 Different Antioxidants, Protects Skin, Cruelty-Free Skincare, 6 fl. oz./175 mL Tubes, 1 Count</p><p>$4.29 ($0.72 / Fl Oz)</p><a href="https://www.amazon.com/dp/B00E5NALCK?tag=eloabder-20&linkCode=osi&th=1&psc=1">View Product</a></div><div class="product"><a href="https://www.amazon.com/dp/B0CRTPJ5N3?tag=eloabder-20&linkCode=osi&th=1&psc=1"><img src="https://m.media-amazon.com/images/I/51zTZyHPVWL._SL500_.jpg" alt="Product Image"></a><p>Rednow Gold Foil Peel-Off Mask,Gold Peel Off Face Mask Anti-Wrinkle,98.4% Golden Peel Off Mask,Anti-Aging Gold Face Mask for Moisturizing,Removes Blackheads,Reduces Fine Lines,Cleans Pores(2PCS)</p><p>$14.99 ($7.50 / Fl Oz)</p><a href="https://www.amazon.com/dp/B0CRTPJ5N3?tag=eloabder-20&linkCode=osi&th=1&psc=1">View Product</a></div>
<div class="product"><a href="https://www.amazon.com/dp/B01NCM25K7?tag=eloabder-20&linkCode=osi&th=1&psc=1"><img src="https://m.media-amazon.com/images/I/416P4kSw1VL._SL500_.jpg" alt="Product Image"></a><p>New York Biology Dead Sea Mud Mask for Face and Body - Spa Quality Pore Reducer for Acne, Blackheads & Oily Skin, Natural Skincare for Women, Men - Tightens Skin for A Healthier Complexion - 8.8 oz</p><p>$16.95 ($1.93 / Ounce)</p><a href="https://www.amazon.com/dp/B01NCM25K7?tag=eloabder-20&linkCode=osi&th=1&psc=1">View Product</a></div><div class="product"><a href="https://www.amazon.com/dp/B00UREAGU8?tag=eloabder-20&linkCode=osi&th=1&psc=1"><img src="https://m.media-amazon.com/images/I/510FCuOHsNL._SL500_.jpg" alt="Product Image"></a><p>MAJESTIC PURE Dead Sea Mud Mask for Face and Body - Natural Skin Care for Women and Men - Best Facial Cleansing Clay for Blackhead, Whitehead, Acne and Pores - 8.8 fl. Oz</p><p>$9.99 ($1.14 / Fl Oz)</p><a href="https://www.amazon.com/dp/B00UREAGU8?tag=eloabder-20&linkCode=osi&th=1&psc=1">View Product</a></div><div class="product"><a href="https://www.amazon.com/dp/B0BNP68BMG?tag=eloabder-20&linkCode=osi&th=1&psc=1"><img src="https://m.media-amazon.com/images/I/41WoBVjFkyL._SL500_.jpg" alt="Product Image"></a><p>Aromasong 100% Pure Dead Sea Mud Mask for Face - Cleansing Natural Skin Care for Women and Men to Help Reduce Acne and Pores</p><p>$9.97 ($1.25 / Ounce)</p><a href="https://www.amazon.com/dp/B0BNP68BMG?tag=eloabder-20&linkCode=osi&th=1&psc=1">View Product</a></div><div class="product"><a href="https://www.amazon.com/dp/B08XY82146?tag=eloabder-20&linkCode=osi&th=1&psc=1"><img src="https://m.media-amazon.com/images/I/41Fcc-QZoiL._SL500_.jpg" alt="Product Image"></a><p>Borghese Advanced Fango Active Purifying Mud Mask, Detoxify & Clarify with Natural Minerals, For Face and Body, 7.5 Oz</p><p>$53.00 ($7.07 / Fl Oz)</p><a href="https://www.amazon.com/dp/B08XY82146?tag=eloabder-20&linkCode=osi&th=1&psc=1">View Product</a></div><div class="product"><a href="https://www.amazon.com/dp/B086V843R8?tag=eloabder-20&linkCode=osi&th=1&psc=1"><img src="https://m.media-amazon.com/images/I/410evC+SQHL._SL500_.jpg" alt="Product Image"></a><p>ANAI RUI Turmeric Clay Mask - Green Tea Clay Mask - Dead Sea Minerals Mud Mask, Spa Facial Mask Set, Face Mask Gift Set 2.5 oz each</p><p>$22.99</p><a href="https://www.amazon.com/dp/B086V843R8?tag=eloabder-20&linkCode=osi&th=1&psc=1">View Product</a></div><div class="product"><a href="https://www.amazon.com/dp/B0BZVQJMN2?tag=eloabder-20&linkCode=osi&th=1&psc=1"><img src="https://m.media-amazon.com/images/I/414evHf2H+L._SL500_.jpg" alt="Product Image"></a><p>20 Pods Clay Mask Set, Face Mask Skin Care，Green Tea, Turmeric, Dead Sea Mud, Rose, 24K Gold, Eggplant, Avocado, Mud Mask Deep Pore Cleansing Acne Blackhead Removal, Men & Women Facial Mask .</p><p>$17.97</p><a href="https://www.amazon.com/dp/B0BZVQJMN2?tag=eloabder-20&linkCode=osi&th=1&psc=1">View Product</a></div><div class="product"><a href="https://www.amazon.com/dp/B0D1G7XF9X?tag=eloabder-20&linkCode=osi&th=1&psc=1"><img src="https://m.media-amazon.com/images/I/31KAhEPTT2L._SL500_.jpg" alt="Product Image"></a><p>Medicube Zero Pore Blackhead Mud Facial Mask - Skin Cooling & Pore Tightening - 3 Minute Quick Dry Formula with AHA, BHA, PHA, and Pore-Purifying Clay - Korean Face Mask 3.52 oz</p><p>$17.90 ($5.09 / Ounce)</p><a href="https://www.amazon.com/dp/B0D1G7XF9X?tag=eloabder-20&linkCode=osi&th=1&psc=1">View Product</a></div><div class="product"><a href="https://www.amazon.com/dp/B0B538QDNY?tag=eloabder-20&linkCode=osi&th=1&psc=1"><img src="https://m.media-amazon.com/images/I/51MTBYPFdwL._SL500_.jpg" alt="Product Image"></a><p>4 Pcs Clay Facial Mask Set - Turmeric, Vitamin C, Green Tea, Dead Sea Mud, and Rose Clay for Deep Cleansing, Moisturizing, and Refining Pores - 240g</p><p>$19.99 ($2.36 / Ounce)</p><a href="https://www.amazon.com/dp/B0B538QDNY?tag=eloabder-20&linkCode=osi&th=1&psc=1">View Product</a></div><div class="product"><a href="https://www.amazon.com/dp/B09MN94BZW?tag=eloabder-20&linkCode=osi&th=1&psc=1"><img src="https://m.media-amazon.com/images/I/41dNAUrUGKL._SL500_.jpg" alt="Product Image"></a><p>Pure Clay Mud Mask, Clay Mask Pores for Face and Skin, Detox Clay Face Masks Skincare, Exfoliating Facial Treatment, Cleans & Purify Pores For Clear & Glowing Skin, Face Mask for Oily Skin & Normal</p><p>$5.99 ($0.70 / Ounce)</p><a href="https://www.amazon.com/dp/B09MN94BZW?tag=eloabder-20&linkCode=osi&th=1&psc=1">View Product</a></div>
<div class="product"><a href="https://www.amazon.com/dp/B08SHHLS4H?tag=eloabder-20&linkCode=osi&th=1&psc=1"><img src="https://m.media-amazon.com/images/I/51mcEX1fQQL._SL500_.jpg" alt="Product Image"></a><p>2PCS Gel Eye Mask Reusable Hot Cold Therapy Gel Bead Eye Mask for Puffiness/Dark Circles/Eye Bags/Dry Eyes/Headaches/Migraines/Stress Relief, Cooling Eye Mask Hot/Cold Compress Eye Mask (Blue)</p><p>$11.99 ($11.99 / Count)</p><a href="https://www.amazon.com/dp/B08SHHLS4H?tag=eloabder-20&linkCode=osi&th=1&psc=1">View Product</a></div><div class="product"><a href="https://www.amazon.com/dp/B0C8NR3Q5M?tag=eloabder-20&linkCode=osi&th=1&psc=1"><img src="https://m.media-amazon.com/images/I/51A6iv-SfEL._SL500_.jpg" alt="Product Image"></a><p>BeeVines Gel Eye Mask, 2 Pack Cooling Ice Masks for Puffy Eyes for Men & Women, Cold & Warm Compress for Post Surgery, Puffiness, Allergies, Sinuses & Migraines Treatment</p><p>$9.99 ($5.00 / Count)</p><a href="https://www.amazon.com/dp/B0C8NR3Q5M?tag=eloabder-20&linkCode=osi&th=1&psc=1">View Product</a></div><div class="product"><a href="https://www.amazon.com/dp/B07HD61PYN?tag=eloabder-20&linkCode=osi&th=1&psc=1"><img src="https://m.media-amazon.com/images/I/51NrypqKlOL._SL500_.jpg" alt="Product Image"></a><p>Cold Face Eye Mask Ice Pack Reduce Face Puff, Dark Circles, Gel Beads Hot Heat Cold Compress Pack, Face SPA for Woman Sleeping, Pressure, Headaches, Skin Care, Post Laser Care[Blue]</p><p>$9.99 ($9.99 / Count)</p><a href="https://www.amazon.com/dp/B07HD61PYN?tag=eloabder-20&linkCode=osi&th=1&psc=1">View Product</a></div><div class="product"><a href="https://www.amazon.com/dp/B075M9ZLB2?tag=eloabder-20&linkCode=osi&th=1&psc=1"><img src="https://m.media-amazon.com/images/I/51keceyL42L._SL500_.jpg" alt="Product Image"></a><p>Cooling Eye Mask - Reusable Gel Eye Mask Cold Pack - Our Ice Eye Mask Soothes Puffy Eyes & Dark Circles - Relieve Your Headaches & Sinus Pain with Cold Eye Mask & Eye Gel Mask Therapy - Halos</p><p>$9.99</p><a href="https://www.amazon.com/dp/B075M9ZLB2?tag=eloabder-20&linkCode=osi&th=1&psc=1">View Product</a></div><div class="product"><a href="https://www.amazon.com/dp/B0B9YLR2D6?tag=eloabder-20&linkCode=osi&th=1&psc=1"><img src="https://m.media-amazon.com/images/I/41byYk5cDeL._SL500_.jpg" alt="Product Image"></a><p>Lancity Jelly Mask Peel Off Face Masks SkinCare, Natural Gel Powder for Facial Mask, Professional hydrojelly Mask, Moisturizing & Hydrating 23 Fl Oz (Hyaluronic Acid)</p><p>$21.99 ($0.73 / Ounce)</p><a href="https://www.amazon.com/dp/B0B9YLR2D6?tag=eloabder-20&linkCode=osi&th=1&psc=1">View Product</a></div><div class="product"><a href="https://www.amazon.com/dp/B06XG249X4?tag=eloabder-20&linkCode=osi&th=1&psc=1"><img src="https://m.media-amazon.com/images/I/51YWeyoyTxL._SL500_.jpg" alt="Product Image"></a><p>Advanced Clinicals Hyaluronic Acid Gel Facial Mask Skin Care Treatment, Brightening, Hydrating Anti Aging Face Mask & Moisturizer Helps Transform Dry Skin W/Collagen, Chamomile, & Aloe Vera, 5 Fl Oz</p><p>$13.99 ($2.80 / Fl Oz)</p><a href="https://www.amazon.com/dp/B06XG249X4?tag=eloabder-20&linkCode=osi&th=1&psc=1">View Product</a></div><div class="product"><a href="https://www.amazon.com/dp/B0080FIRGQ?tag=eloabder-20&linkCode=osi&th=1&psc=1"><img src="https://m.media-amazon.com/images/I/41nFEw5jATS._SL500_.jpg" alt="Product Image"></a><p>Peter Thomas Roth | Cucumber Gel Mask | Extreme De-Tox Hydrator, Cooling and Hydrating Facial Mask, Helps Soothe the Look of Dry and Irritated Skin, 5 fl oz (Pack of 1)</p><p>$44.29 ($8.86 / Fl Oz)</p><a href="https://www.amazon.com/dp/B0080FIRGQ?tag=eloabder-20&linkCode=osi&th=1&psc=1">View Product</a></div>
<div class="product"><a href="https://www.amazon.com/dp/B014E2D6BY?tag=eloabder-20&linkCode=osi&th=1&psc=1"><img src="https://m.media-amazon.com/images/I/51V2D2PS2tL._SL500_.jpg" alt="Product Image"></a><p>grace & stella Under Eye Mask (Gold, 24 Pairs) Reduce Dark Circles, Puffy Eyes, Undereye Bags, Wrinkles - Gel Under Eye Patches - Gifts for Women - Birthday Gifts for Women - Vegan Cruelty Free</p><p>$21.95 ($0.91 / Count)</p><a href="https://www.amazon.com/dp/B014E2D6BY?tag=eloabder-20&linkCode=osi&th=1&psc=1">View Product</a></div><div class="product"><a href="https://www.amazon.com/dp/B0CPT8W3RV?tag=eloabder-20&linkCode=osi&th=1&psc=1"><img src="https://m.media-amazon.com/images/I/4184Q3-F9HL._SL500_.jpg" alt="Product Image"></a><p>grace & stella Purple Eye Treatment Gels - Dermatologist Tested - Under Eye Masks With Retinol - Restoring Under Eye Patches for Puffy Eyes and Dark Circles - Vegan, Cruelty-Free, 24 Pairs</p><p>$23.95 ($1.00 / Count)</p><a href="https://www.amazon.com/dp/B0CPT8W3RV?tag=eloabder-20&linkCode=osi&th=1&psc=1">View Product</a></div><div class="product"><a href="https://www.amazon.com/dp/B08DG3C22G?tag=eloabder-20&linkCode=osi&th=1&psc=1"><img src="https://m.media-amazon.com/images/I/51NCnFVfYTL._SL500_.jpg" alt="Product Image"></a><p>Celor Under Eye Patches for Puffy Eyes and Dark Circles - Eye Masks with Amino Acids & Collagen, Eye Care for Wrinkles - Birthday Gift for Women - Skincare Self Care - USA Tested (20 Pairs)</p><p>$9.99 ($0.50 / Count)</p><a href="https://www.amazon.com/dp/B08DG3C22G?tag=eloabder-20&linkCode=osi&th=1&psc=1">View Product</a></div><div class="product"><a href="https://www.amazon.com/dp/B0CQ2VBK8M?tag=eloabder-20&linkCode=osi&th=1&psc=1"><img src="https://m.media-amazon.com/images/I/61yjNxVwmgL._SL500_.jpg" alt="Product Image"></a><p>Under Eye Patches for Dark Circles and Puffy Eyes (30 Pairs), Marine Collagen Eye Gel Pads for Puffiness with Vitamin C, Hyaluronic Acid, and Pearl Extract, Eye Mask for Dark Circles and Puffiness</p><p>$19.95 ($0.66 / Count)</p><a href="https://www.amazon.com/dp/B0CQ2VBK8M?tag=eloabder-20&linkCode=osi&th=1&psc=1">View Product</a></div><div class="product"><a href="https://www.amazon.com/dp/B0CJJZYR9Y?tag=eloabder-20&linkCode=osi&th=1&psc=1"><img src="https://m.media-amazon.com/images/I/41Wxw8DLNVL._SL500_.jpg" alt="Product Image"></a><p>DRMTLGY Brightening Eye Masks (30 Pairs) - Caffeine Eye Masks for Dark Circles and Puffiness with Hyaluronic Acid, Eye Patches for Puffy Eyes</p><p>$44.00 ($0.73 / Count)</p><a href="https://www.amazon.com/dp/B0CJJZYR9Y?tag=eloabder-20&linkCode=osi&th=1&psc=1">View Product</a></div><div class="product"><a href="https://www.amazon.com/dp/B0CZ8JBDHQ?tag=eloabder-20&linkCode=osi&th=1&psc=1"><img src="https://m.media-amazon.com/images/I/41jK7RZj1NL._SL500_.jpg" alt="Product Image"></a><p>YOYORY Under Eye Patches Masks - for Dark Circles, Puffy Eyes, Fine Lines, Wrinkles, Eye Bags Treatment with Collagen and Hyaluronic Acid, Moisturizing and Hydrating (60 Pcs)…</p><p>$19.99 ($0.33 / Fl Oz)</p><a href="https://www.amazon.com/dp/B0CZ8JBDHQ?tag=eloabder-20&linkCode=osi&th=1&psc=1">View Product</a></div><div class="product"><a href="https://www.amazon.com/dp/B0C4NWGVTF?tag=eloabder-20&linkCode=osi&th=1&psc=1"><img src="https://m.media-amazon.com/images/I/51lAmpjfDsL._SL500_.jpg" alt="Product Image"></a><p>Taimand Under Eye Patches (30 Pairs), 24K Gold Under Eye Mask for Puffy Eyes, Dark Circles,Bags and Wrinkles with Collagen,Relieves Pressure and Reduces Wrinkles,Revitalises and Refreshes Your Skin</p><p>$7.99 ($0.27 / Count)</p><a href="https://www.amazon.com/dp/B0C4NWGVTF?tag=eloabder-20&linkCode=osi&th=1&psc=1">View Product</a></div><div class="product"><a href="https://www.amazon.com/dp/B0BDD7D34M?tag=eloabder-20&linkCode=osi&th=1&psc=1"><img src="https://m.media-amazon.com/images/I/51O5AVRXcUL._SL500_.jpg" alt="Product Image"></a><p>Maskiss 24k Gold Under Eye Patches (25 Pairs), eye mask, Collagen Skin Care Products, Eye Patches for Puffy Eyes, eye masks for dark circles and puffiness</p><p>$14.99 ($0.60 / Count)</p><a href="https://www.amazon.com/dp/B0BDD7D34M?tag=eloabder-20&linkCode=osi&th=1&psc=1">View Product</a></div><div class="product"><a href="https://www.amazon.com/dp/B0B1MFMS7W?tag=eloabder-20&linkCode=osi&th=1&psc=1"><img src="https://m.media-amazon.com/images/I/41BGKrFfFxL._SL500_.jpg" alt="Product Image"></a><p>CorneaCare Rest: Self Heating Warm Compress for Eyes | Heated Eye Mask for Fast Relief of Dry Eyes | No Microwave Needed | Eye Treatment Products for Dry Eye Relief | 30 Count | FSA & HSA Eligible</p><p>$35.00 ($1.17 / Count)</p><a href="https://www.amazon.com/dp/B0B1MFMS7W?tag=eloabder-20&linkCode=osi&th=1&psc=1">View Product</a></div><div class="product"><a href="https://www.amazon.com/dp/B0CTF8XSFX?tag=eloabder-20&linkCode=osi&th=1&psc=1"><img src="https://m.media-amazon.com/images/I/519z+NIvFHL._SL500_.jpg" alt="Product Image"></a><p>Under Eye Patches for Puffy Eyes Treatment 30 Pairs, 24K Gold Under Eye Masks for Dark Circles and Puffiness, Eye Gel Pads w/Collagen, Sodium Hyaluronate, Rose Essence for Eye Bags Treatment</p><p>$6.99 ($0.23 / Count)</p><a href="https://www.amazon.com/dp/B0CTF8XSFX?tag=eloabder-20&linkCode=osi&th=1&psc=1">View Product</a></div>
<div class="product"><a href="https://www.amazon.com/dp/B00JJPMXDO?tag=eloabder-20&linkCode=osi&th=1&psc=1"><img src="https://m.media-amazon.com/images/I/41xUbY21ojL._SL500_.jpg" alt="Product Image"></a><p>CeraVe Eye Repair Cream | Under Eye Cream For Puffiness And Bags Under Eyes | Hyaluronic Acid + Niacinamide + Marine Botanical Complex | Hydrating Eye Cream | Oil Free & Opthalmologist Tested</p><p>$10.70 ($21.40 / Ounce)</p><a href="https://www.amazon.com/dp/B00JJPMXDO?tag=eloabder-20&linkCode=osi&th=1&psc=1">View Product</a></div><div class="product"><a href="https://www.amazon.com/dp/B0B3GCCRVH?tag=eloabder-20&linkCode=osi&th=1&psc=1"><img src="https://m.media-amazon.com/images/I/41EdCdrw-AL._SL500_.jpg" alt="Product Image"></a><p>CeraVe Skin Renewing Eye Cream For Wrinkles | Under Eye Cream With Peptides + Caffeine + Niacinamide | Anti Aging Eye Cream For Wrinkles & Crows Feet | Paraben Free & Opthalmologist Tested</p><p>$18.49 ($36.98 / Ounce)</p><a href="https://www.amazon.com/dp/B0B3GCCRVH?tag=eloabder-20&linkCode=osi&th=1&psc=1">View Product</a></div><div class="product"><a href="https://www.amazon.com/dp/B00005333I?tag=eloabder-20&linkCode=osi&th=1&psc=1"><img src="https://m.media-amazon.com/images/I/31webfO63dL._SL500_.jpg" alt="Product Image"></a><p>L'Oreal Paris Dermo-Expertise Eye Defense Eye Cream with Caffeine and Hyaluronic Acid 0.5 oz</p><p>$12.27 ($24.54 / Ounce)</p><a href="https://www.amazon.com/dp/B00005333I?tag=eloabder-20&linkCode=osi&th=1&psc=1">View Product</a></div><div class="product"><a href="https://www.amazon.com/dp/B0CZJ8N83D?tag=eloabder-20&linkCode=osi&th=1&psc=1"><img src="https://m.media-amazon.com/images/I/31fQO3OHiML._SL500_.jpg" alt="Product Image"></a><p>PRIME PROMETICS PrimeEyes Hydrate Under Eye Cream for Mature Women – Hydrating Eye Cream for Dark Circles and Wrinkle Repair – Soft, Glowing & Healthy Under Eyes</p><p>$62.00</p><a href="https://www.amazon.com/dp/B0CZJ8N83D?tag=eloabder-20&linkCode=osi&th=1&psc=1">View Product</a></div><div class="product"><a href="https://www.amazon.com/dp/B0009RFB76?tag=eloabder-20&linkCode=osi&th=1&psc=1"><img src="https://m.media-amazon.com/images/I/31M2iQDNDOL._SL500_.jpg" alt="Product Image"></a><p>RoC Retinol Correxion Under Eye Cream for Dark Circles & Puffiness, Daily Wrinkle Cream, Anti Aging Line Smoothing Skin Care Treatment for Women and Men, 0.5 oz (Packaging May Vary)</p><p>$19.02 ($38.04 / Fl Oz)</p><a href="https://www.amazon.com/dp/B0009RFB76?tag=eloabder-20&linkCode=osi&th=1&psc=1">View Product</a></div><div class="product"><a href="https://www.amazon.com/dp/B0D3TG6MN3?tag=eloabder-20&linkCode=osi&th=1&psc=1"><img src="https://m.media-amazon.com/images/I/21-DQIJf5xL._SL500_.jpg" alt="Product Image"></a><p>Dr.Melaxin Eyephalt Eyebag Cream for Puffiness, Dark Circles & Fine Lines, Wrinkle, EGF Anti-Aging Under Eye Moisturizer with Niacinamide&Ceramide 0.33 fl.oz.</p><p>$59.00 ($178.79 / Fl Oz)</p><a href="https://www.amazon.com/dp/B0D3TG6MN3?tag=eloabder-20&linkCode=osi&th=1&psc=1">View Product</a></div><div class="product"><a href="https://www.amazon.com/dp/B07CKJRJXB?tag=eloabder-20&linkCode=osi&th=1&psc=1"><img src="https://m.media-amazon.com/images/I/31pJCzbhXrL._SL500_.jpg" alt="Product Image"></a><p>No7 Lift & Luminate Triple Action Eye Cream - Anti-Aging Under Eye Cream for Dark Circles, Puffiness & Wrinkles - Formulated with Vitamin C to Brighten and Refresh Tired Eyes (0.5 Fl Oz)</p><p>$15.93</p><a href="https://www.amazon.com/dp/B07CKJRJXB?tag=eloabder-20&linkCode=osi&th=1&psc=1">View Product</a></div><div class="product"><a href="https://www.amazon.com/dp/B07ZRF416W?tag=eloabder-20&linkCode=osi&th=1&psc=1"><img src="https://m.media-amazon.com/images/I/31cH7vzfBxL._SL500_.jpg" alt="Product Image"></a><p>COSRX Snail Peptide Eye Cream with 73.7% Snail Mucin and Niacinamide - Brightening Korean Night Cream for Fine Lines and Dark Circles</p><p>$13.89 ($16.34 / Fl Oz)</p><a href="https://www.amazon.com/dp/B07ZRF416W?tag=eloabder-20&linkCode=osi&th=1&psc=1">View Product</a></div>
<div class="product"><a href="https://www.amazon.com/dp/B01N9SPQHQ?tag=eloabder-20&linkCode=osi&th=1&psc=1"><img src="https://m.media-amazon.com/images/I/41NHgWAaYAL._SL500_.jpg" alt="Product Image"></a><p>La Roche-Posay Toleriane Double Repair Face Moisturizer, Daily Moisturizer Face Cream with Ceramide and Niacinamide for All Skin Types, Oil Free, Fragrance Free</p><p>$23.99 ($7.10 / Fl Oz)</p><a href="https://www.amazon.com/dp/B01N9SPQHQ?tag=eloabder-20&linkCode=osi&th=1&psc=1">View Product</a></div><div class="product"><a href="https://www.amazon.com/dp/B08BW46XXK?tag=eloabder-20&linkCode=osi&th=1&psc=1"><img src="https://m.media-amazon.com/images/I/41oCJ4BF8oL._SL500_.jpg" alt="Product Image"></a><p>Vanicream Daily Facial Moisturizer With Ceramides and Hyaluronic Acid - Formulated Without Common Irritants for Those with Sensitive Skin, 3 fl oz (Pack of 1)</p><p>$12.97 ($4.32 / Fl Oz)</p><a href="https://www.amazon.com/dp/B08BW46XXK?tag=eloabder-20&linkCode=osi&th=1&psc=1">View Product</a></div><div class="product"><a href="https://www.amazon.com/dp/B00TTD9BRC?tag=eloabder-20&linkCode=osi&th=1&psc=1"><img src="https://m.media-amazon.com/images/I/41Kc6H7fboL._SL500_.jpg" alt="Product Image"></a><p>CeraVe Moisturizing Cream | Body and Face Moisturizer for Dry Skin | Body Cream with Hyaluronic Acid and Ceramides | Daily Moisturizer | Oil-Free | Fragrance Free | Non-Comedogenic | 19 Ounce</p><p>$17.78 ($0.94 / Ounce)</p><a href="https://www.amazon.com/dp/B00TTD9BRC?tag=eloabder-20&linkCode=osi&th=1&psc=1">View Product</a></div><div class="product"><a href="https://www.amazon.com/dp/B000YJ2SLG?tag=eloabder-20&linkCode=osi&th=1&psc=1"><img src="https://m.media-amazon.com/images/I/31J9bWXnQ+L._SL500_.jpg" alt="Product Image"></a><p>CeraVe Daily Moisturizing Lotion for Dry Skin | Body Lotion & Face Moisturizer with Hyaluronic Acid and Ceramides | Daily Moisturizer | Fragrance Free | Oil-Free | 12 Ounce</p><p>$13.68 ($1.14 / Fl Oz)</p><a href="https://www.amazon.com/dp/B000YJ2SLG?tag=eloabder-20&linkCode=osi&th=1&psc=1">View Product</a></div><div class="product"><a href="https://www.amazon.com/dp/B01LEJ5MSK?tag=eloabder-20&linkCode=osi&th=1&psc=1"><img src="https://m.media-amazon.com/images/I/418xEMrk6LL._SL500_.jpg" alt="Product Image"></a><p>COSRX Snail Mucin 92% Repair Cream, Daily Face Gel Moisturizer for Dry Skin, Acne-prone, Sensitive Skin, Not Tested on Animals, No Parabens, Korean Skincare (3.52 Fl Oz (Pack of 1))</p><p>$13.99 ($3.97 / Fl Oz)</p><a href="https://www.amazon.com/dp/B01LEJ5MSK?tag=eloabder-20&linkCode=osi&th=1&psc=1">View Product</a></div><div class="product"><a href="https://www.amazon.com/dp/B0BBSP2JNQ?tag=eloabder-20&linkCode=osi&th=1&psc=1"><img src="https://m.media-amazon.com/images/I/51qb7tiAJgL._SL500_.jpg" alt="Product Image"></a><p>SimplyVital Face Moisturizer Collagen Cream - Anti Aging Neck and Décolleté - Made in USA Day & Night Face Cream - Moisturizing, Lifting & Recovery – 1.7oz</p><p>$22.89 ($13.46 / Fl Oz)</p><a href="https://www.amazon.com/dp/B0BBSP2JNQ?tag=eloabder-20&linkCode=osi&th=1&psc=1">View Product</a></div><div class="product"><a href="https://www.amazon.com/dp/B01NCWV3KM?tag=eloabder-20&linkCode=osi&th=1&psc=1"><img src="https://m.media-amazon.com/images/I/41Q1ESUhSeL._SL500_.jpg" alt="Product Image"></a><p>La Roche-Posay Toleriane Double Repair UV SPF Moisturizer for Face, Daily Facial Moisturizer with Sunscreen SPF 30, Niacinamide and Glycerin, Oil Free, Moisturizing Sun Protection</p><p>$24.99 ($10.00 / Fl Oz)</p><a href="https://www.amazon.com/dp/B01NCWV3KM?tag=eloabder-20&linkCode=osi&th=1&psc=1">View Product</a></div><div class="product"><a href="https://www.amazon.com/dp/B00F97FHAW?tag=eloabder-20&linkCode=osi&th=1&psc=1"><img src="https://m.media-amazon.com/images/I/41K+11aLxaL._SL500_.jpg" alt="Product Image"></a><p>CeraVe AM Facial Moisturizing Lotion with SPF 30 | Oil-Free Face Moisturizer with SPF | Formulated with Hyaluronic Acid, Niacinamide & Ceramides | Non-Comedogenic | Broad Spectrum Sunscreen | 3 Ounce</p><p>$14.99 ($5.00 / Fl Oz)</p><a href="https://www.amazon.com/dp/B00F97FHAW?tag=eloabder-20&linkCode=osi&th=1&psc=1">View Product</a></div><div class="product"><a href="https://www.amazon.com/dp/B00NR1YQHM?tag=eloabder-20&linkCode=osi&th=1&psc=1"><img src="https://m.media-amazon.com/images/I/41yzZFTW63L._SL500_.jpg" alt="Product Image"></a><p>Neutrogena Hydro Boost Face Moisturizer with Hyaluronic Acid for Dry Skin, Oil-Free and Non-Comedogenic Water Gel Face Lotion, 1.7 oz</p><p>$13.00 ($7.65 / Ounce)</p><a href="https://www.amazon.com/dp/B00NR1YQHM?tag=eloabder-20&linkCode=osi&th=1&psc=1">View Product</a></div><div class="product"><a href="https://www.amazon.com/dp/B08127SC4G?tag=eloabder-20&linkCode=osi&th=1&psc=1"><img src="https://m.media-amazon.com/images/I/31lAajvgToL._SL500_.jpg" alt="Product Image"></a><p>e.l.f. SKIN Holy Hydration! Face Cream, Moisturizer For Nourishing & Plumping Skin, Infused With Hyaluronic Acid, Vegan & Cruelty-Free, 1.8 Oz</p><p>$13.00 ($7.39 / Ounce)</p><a href="https://www.amazon.com/dp/B08127SC4G?tag=eloabder-20&linkCode=osi&th=1&psc=1">View Product</a></div>
<div class="product"><a href="https://www.amazon.com/dp/B00SNPCSUY?tag=eloabder-20&linkCode=osi&th=1&psc=1"><img src="https://m.media-amazon.com/images/I/411crd4ECqL._SL500_.jpg" alt="Product Image"></a><p>CeraVe Skin Renewing Night Cream | Niacinamide, Peptide Complex, and Hyaluronic Acid Moisturizer for Face | 1.7 Ounce, Packaging may Vary</p><p>$17.44 ($10.26 / Ounce)</p><a href="https://www.amazon.com/dp/B00SNPCSUY?tag=eloabder-20&linkCode=osi&th=1&psc=1">View Product</a></div><div class="product"><a href="https://www.amazon.com/dp/B00HNSSPDG?tag=eloabder-20&linkCode=osi&th=1&psc=1"><img src="https://m.media-amazon.com/images/I/41zARcUorbL._SL500_.jpg" alt="Product Image"></a><p>Neutrogena Triple Age Repair Anti-Aging Night Cream with Vitamin C; Fights Wrinkles & Evens Tone, Firming Anti-Wrinkle Face & Neck Cream; Glycerin & Shea Butter, 1.7 oz</p><p>$20.44 ($12.02 / Ounce)</p><a href="https://www.amazon.com/dp/B00HNSSPDG?tag=eloabder-20&linkCode=osi&th=1&psc=1">View Product</a></div><div class="product"><a href="https://www.amazon.com/dp/B01M4R7CC5?tag=eloabder-20&linkCode=osi&th=1&psc=1"><img src="https://m.media-amazon.com/images/I/414vBUMc1QL._SL500_.jpg" alt="Product Image"></a><p>Night Cream by Olay Regenerist Night Recovery Anti-Aging Face Moisturizer 1.7 oz</p><p>$21.34 ($12.55 / Ounce)</p><a href="https://www.amazon.com/dp/B01M4R7CC5?tag=eloabder-20&linkCode=osi&th=1&psc=1">View Product</a></div><div class="product"><a href="https://www.amazon.com/dp/B00365DABC?tag=eloabder-20&linkCode=osi&th=1&psc=1"><img src="https://m.media-amazon.com/images/I/41rqUy3OtML._SL500_.jpg" alt="Product Image"></a><p>CeraVe PM Facial Moisturizing Lotion | Night Cream with Hyaluronic Acid and Niacinamide | Ultra-Lightweight, Oil-Free Moisturizer for Face | 3 Ounce</p><p>$15.99 ($5.33 / Ounce)</p><a href="https://www.amazon.com/dp/B00365DABC?tag=eloabder-20&linkCode=osi&th=1&psc=1">View Product</a></div><div class="product"><a href="https://www.amazon.com/dp/B0877PX27D?tag=eloabder-20&linkCode=osi&th=1&psc=1"><img src="https://m.media-amazon.com/images/I/41UsZNavFeL._SL500_.jpg" alt="Product Image"></a><p>Eucerin Q10 Anti-Wrinkle Night Cream + Pro-Retinol, Facial Cream for Sensitive Skin, 1.7 Oz Jar</p><p>$12.49 ($7.35 / Ounce)</p><a href="https://www.amazon.com/dp/B0877PX27D?tag=eloabder-20&linkCode=osi&th=1&psc=1">View Product</a></div><div class="product"><a href="https://www.amazon.com/dp/B09843F4WG?tag=eloabder-20&linkCode=osi&th=1&psc=1"><img src="https://m.media-amazon.com/images/I/41rbHY+4UCL._SL500_.jpg" alt="Product Image"></a><p>L'Oreal Paris Age Perfect Collagen Expert Anti-Aging, Anti-Wrinkle Night Moisturizer 2.5 oz</p><p>$14.06 ($5.62 / Ounce)</p><a href="https://www.amazon.com/dp/B09843F4WG?tag=eloabder-20&linkCode=osi&th=1&psc=1">View Product</a></div><div class="product"><a href="https://www.amazon.com/dp/B00D440TZU?tag=eloabder-20&linkCode=osi&th=1&psc=1"><img src="https://m.media-amazon.com/images/I/41th+Ofm0oL._SL500_.jpg" alt="Product Image"></a><p>RoC Multi Correxion 5 in 1 Restoring/Anti Aging Facial Night Cream with Hexinol, 1.7 Ounces (Packaging May Vary)</p><p>$24.47 ($14.39 / Ounce)</p><a href="https://www.amazon.com/dp/B00D440TZU?tag=eloabder-20&linkCode=osi&th=1&psc=1">View Product</a></div><div class="product"><a href="https://www.amazon.com/dp/B0C15N3473?tag=eloabder-20&linkCode=osi&th=1&psc=1"><img src="https://m.media-amazon.com/images/I/415J39xM8eL._SL500_.jpg" alt="Product Image"></a><p>Cetaphil Healthy Renew Skin Tightening Night Cream 1.7 Oz, Wrinkle Repair Cream for Face with Peptides, Retinol Alternative Cream For Sensitive Skin, Fragrance Free</p><p>$16.64 ($9.79 / Fl Oz)</p><a href="https://www.amazon.com/dp/B0C15N3473?tag=eloabder-20&linkCode=osi&th=1&psc=1">View Product</a></div><div class="product"><a href="https://www.amazon.com/dp/B09W4TZVPZ?tag=eloabder-20&linkCode=osi&th=1&psc=1"><img src="https://m.media-amazon.com/images/I/411CiT2MjTL._SL500_.jpg" alt="Product Image"></a><p>Eight Saints Skin Care Up the Anti Night Cream Face Moisturizer to Reduce Fine Lines and Wrinkles, Natural and Organic Anti Aging Cream For Face & Neck with Niacinamide and Hyaluronic Acid, 2 Ounces</p><p>$34.00 ($17.00 / Ounce)</p><a href="https://www.amazon.com/dp/B09W4TZVPZ?tag=eloabder-20&linkCode=osi&th=1&psc=1">View Product</a></div><div class="product"><a href="https://www.amazon.com/dp/B0B64GY9MC?tag=eloabder-20&linkCode=osi&th=1&psc=1"><img src="https://m.media-amazon.com/images/I/416zsLeSx8L._SL500_.jpg" alt="Product Image"></a><p>L'Oreal Paris Age Perfect Anti-Aging Midnight Cream, Reduce Wrinkles & Firm 1.7oz + Serum Sample</p><p>$27.77 ($16.34 / Ounce)</p><a href="https://www.amazon.com/dp/B0B64GY9MC?tag=eloabder-20&linkCode=osi&th=1&psc=1">View Product</a></div>
<div class="product"><a href="https://www.amazon.com/dp/B002JDUMFO?tag=eloabder-20&linkCode=osi&th=1&psc=1"><img src="https://m.media-amazon.com/images/I/41h3+tOcptL._SL500_.jpg" alt="Product Image"></a><p>L’Oréal Paris Collagen Daily Face Moisturizer, Reduce Wrinkles, Face Cream 1.7 oz</p><p>$7.14 ($4.20 / Ounce)</p><a href="https://www.amazon.com/dp/B002JDUMFO?tag=eloabder-20&linkCode=osi&th=1&psc=1">View Product</a></div><div class="product"><a href="https://www.amazon.com/dp/B07D61XRFT?tag=eloabder-20&linkCode=osi&th=1&psc=1"><img src="https://m.media-amazon.com/images/I/41jMcJ9ZkDL._SL500_.jpg" alt="Product Image"></a><p>L'Oreal Paris Skincare Age Perfect Hydra-Nutrition Anti-Aging Day Cream with Manuka Honey Extract, 1.7 Ounce</p><p>$14.99 ($8.82 / Ounce)</p><a href="https://www.amazon.com/dp/B07D61XRFT?tag=eloabder-20&linkCode=osi&th=1&psc=1">View Product</a></div><div class="product"><a href="https://www.amazon.com/dp/B00OYBAMKY?tag=eloabder-20&linkCode=osi&th=1&psc=1"><img src="https://m.media-amazon.com/images/I/31F5FUo3BnL._SL500_.jpg" alt="Product Image"></a><p>Grown Alchemist Hydra-Repair Day Cream. Face Moisturizer that Primes and Hydrates Skin (100ml).</p><p>$65.00 ($19.23 / Fl Oz)</p><a href="https://www.amazon.com/dp/B00OYBAMKY?tag=eloabder-20&linkCode=osi&th=1&psc=1">View Product</a></div><div class="product"><a href="https://www.amazon.com/dp/B0C9VXS6VY?tag=eloabder-20&linkCode=osi&th=1&psc=1"><img src="https://m.media-amazon.com/images/I/41jZJbsswdL._SL500_.jpg" alt="Product Image"></a><p>La Vie Protective Anti-Aging Face Cream – Day Cream with Hyaluronic Acid, Shea Butter & Vitamins – Firming Face Cream with SPF & Aloe Vera – 1.7Fl Oz</p><p>$21.50 ($12.65 / Fl Oz)</p><a href="https://www.amazon.com/dp/B0C9VXS6VY?tag=eloabder-20&linkCode=osi&th=1&psc=1">View Product</a></div><div class="product"><a href="https://www.amazon.com/dp/B0CWVN2PKH?tag=eloabder-20&linkCode=osi&th=1&psc=1"><img src="https://m.media-amazon.com/images/I/41qIK3gKbEL._SL500_.jpg" alt="Product Image"></a><p>EnaSkin Retinol Cream for Wrinkles: Face Collagen Cream for Tightening Skin - Anti Aging Facial Moisturizer Day and Night for Women and Men 1.7 Fl OZ</p><p>$19.89 ($11.70 / Fl Oz)</p><a href="https://www.amazon.com/dp/B0CWVN2PKH?tag=eloabder-20&linkCode=osi&th=1&psc=1">View Product</a></div>
<div class="product"><a href="https://www.amazon.com/dp/B0CKPQJ13T?tag=eloabder-20&linkCode=osi&th=1&psc=1"><img src="https://m.media-amazon.com/images/I/31h2CQ5KWBL._SL500_.jpg" alt="Product Image"></a><p>Niacinamide Serum for Face, Anti Aging Serum, Hydrating Serum for Moisturize Skin, Oil Control, Pores Reducer, Reduces Skin Dullness and Delay Aging, Niacinamide Face Serum for all Skin Type</p><p>$9.99 ($9.99 / Fl Oz)</p><a href="https://www.amazon.com/dp/B0CKPQJ13T?tag=eloabder-20&linkCode=osi&th=1&psc=1">View Product</a></div><div class="product"><a href="https://www.amazon.com/dp/B072K1LNNY?tag=eloabder-20&linkCode=osi&th=1&psc=1"><img src="https://m.media-amazon.com/images/I/51frH2pII1L._SL500_.jpg" alt="Product Image"></a><p>SeoulCeuticals Korean Skin Care 20% Vitamin C Hyaluronic Acid Serum + CE Ferulic Acid - Potent Anti Aging, Anti Wrinkle Korean Beauty 1oz</p><p>$19.98</p><a href="https://www.amazon.com/dp/B072K1LNNY?tag=eloabder-20&linkCode=osi&th=1&psc=1">View Product</a></div><div class="product"><a href="https://www.amazon.com/dp/B01M4MCUAF?tag=eloabder-20&linkCode=osi&th=1&psc=1"><img src="https://m.media-amazon.com/images/I/41aQhk7cn+L._SL500_.jpg" alt="Product Image"></a><p>TruSkin Vitamin C Serum – Anti Aging Facial Serum with Vitamin C, Hyaluronic Acid, Vitamin E & More – Brightening Serum for Dark Spots, Even Skin Tone, Eye Area, Fine Lines & Wrinkles, 1 Fl Oz</p><p>$21.97</p><a href="https://www.amazon.com/dp/B01M4MCUAF?tag=eloabder-20&linkCode=osi&th=1&psc=1">View Product</a></div><div class="product"><a href="https://www.amazon.com/dp/B08L8B5JR2?tag=eloabder-20&linkCode=osi&th=1&psc=1"><img src="https://m.media-amazon.com/images/I/51Ee0RzYONL._SL500_.jpg" alt="Product Image"></a><p>Vibriance Super C Serum for Mature Skin, Made in USA, All-In-One Formula Hydrates, Firms, Lifts, Smooths, Targets Age Spots, Wrinkles, Vitamin C Serum; 1 fl oz</p><p>$32.90</p><a href="https://www.amazon.com/dp/B08L8B5JR2?tag=eloabder-20&linkCode=osi&th=1&psc=1">View Product</a></div><div class="product"><a href="https://www.amazon.com/dp/B07P5TMHD9?tag=eloabder-20&linkCode=osi&th=1&psc=1"><img src="https://m.media-amazon.com/images/I/51xr2lw0Y7L._SL500_.jpg" alt="Product Image"></a><p>Vitamin C Face Serum - Dark Spot Remover Facial Serum, Vit C Serum with Hyaluronic Acid, Ferulic Acid, & Vit E - Anti Aging and Skin Brightening Serum, Pure Vitamin C Serum Skin Care</p><p>$9.98</p><a href="https://www.amazon.com/dp/B07P5TMHD9?tag=eloabder-20&linkCode=osi&th=1&psc=1">View Product</a></div><div class="product"><a href="https://www.amazon.com/dp/B09TPXJP8R?tag=eloabder-20&linkCode=osi&th=1&psc=1"><img src="https://m.media-amazon.com/images/I/41wFAnopZkL._SL500_.jpg" alt="Product Image"></a><p>Vichy LiftActiv Vitamin C Serum, Brightening and Anti Aging Serum for Face with 15% Pure Vitamin C, Skin Firming and Antioxidant Facial Serum for Brightness and Moisturizing</p><p>$34.99 ($52.22 / Fl Oz)</p><a href="https://www.amazon.com/dp/B09TPXJP8R?tag=eloabder-20&linkCode=osi&th=1&psc=1">View Product</a></div><div class="product"><a href="https://www.amazon.com/dp/B075VX4QVM?tag=eloabder-20&linkCode=osi&th=1&psc=1"><img src="https://m.media-amazon.com/images/I/31uFKKKGUhL._SL500_.jpg" alt="Product Image"></a><p>La Roche-Posay Hyalu B5 Pure Hyaluronic Acid Serum for Face | Vitamin B5 + Hyaluronic Acid + Madecassoside | Hydrating Serum Visibly Plumps Skin | Sensitive Skin Safe | Anti Aging Serum | Oil-Free</p><p>$39.99</p><a href="https://www.amazon.com/dp/B075VX4QVM?tag=eloabder-20&linkCode=osi&th=1&psc=1">View Product</a></div><div class="product"><a href="https://www.amazon.com/dp/B0CLLV2T1P?tag=eloabder-20&linkCode=osi&th=1&psc=1"><img src="https://m.media-amazon.com/images/I/31ZBa-zgbjL._SL500_.jpg" alt="Product Image"></a><p>Anua 10% Niacinamide+ 4% Tranexamic Acid Serum, Ceramide, Hyaluronic Acid, Vitamin B12 natural color, for Sensitive skin, Korean Glass Skin, Fragrance-Free (30ml /1.01 fl.oz.)</p><p>$19.00 ($18.81 / Fl Oz)</p><a href="https://www.amazon.com/dp/B0CLLV2T1P?tag=eloabder-20&linkCode=osi&th=1&psc=1">View Product</a></div><div class="product"><a href="https://www.amazon.com/dp/B07VWSN95S?tag=eloabder-20&linkCode=osi&th=1&psc=1"><img src="https://m.media-amazon.com/images/I/411Y0nzh9zL._SL500_.jpg" alt="Product Image"></a><p>CeraVe Retinol Serum for Post-Acne Marks and Skin Texture | Pore Refining, Resurfacing, Brightening Facial Serum with Retinol and Niacinamide | Fragrance Free, Paraben Free & Non-Comedogenic| 1 Oz</p><p>$18.68</p><a href="https://www.amazon.com/dp/B07VWSN95S?tag=eloabder-20&linkCode=osi&th=1&psc=1">View Product</a></div>
<div class="product"><a href="https://www.amazon.com/dp/B00J1FNW28?tag=eloabder-20&linkCode=osi&th=1&psc=1"><img src="https://m.media-amazon.com/images/I/414w8iNQRqL._SL500_.jpg" alt="Product Image"></a><p>Palmer's Cocoa Butter Formula Moisturizing Skin Therapy Oil for Face with Vitamin E, C & 10 Pure Facial Oil Blend, Rosehip Fragrance, 1 Ounce</p><p>$10.97 ($10.97 / Fl Oz)</p><a href="https://www.amazon.com/dp/B00J1FNW28?tag=eloabder-20&linkCode=osi&th=1&psc=1">View Product</a></div><div class="product"><a href="https://www.amazon.com/dp/B01N3340K7?tag=eloabder-20&linkCode=osi&th=1&psc=1"><img src="https://m.media-amazon.com/images/I/41QYm09uWiL._SL500_.jpg" alt="Product Image"></a><p>Kate Blanc Cosmetics Rosehip Oil for Face & Skin. Rosehip Seed Face Oil for Facial & Gua Sha Massage (1oz, Organic, Pure, Cold Pressed)</p><p>$8.99</p><a href="https://www.amazon.com/dp/B01N3340K7?tag=eloabder-20&linkCode=osi&th=1&psc=1">View Product</a></div><div class="product"><a href="https://www.amazon.com/dp/B01GYHLW4U?tag=eloabder-20&linkCode=osi&th=1&psc=1"><img src="https://m.media-amazon.com/images/I/31oeUKDfrOL._SL500_.jpg" alt="Product Image"></a><p>KORA Organics Noni Glow Hydrating Face Oil with Antioxidants, Nourish & Illuminate, Certified Organic, Cruelty Free, 0.34 fl oz</p><p>$29.00 ($85.29 / Fl Oz)</p><a href="https://www.amazon.com/dp/B01GYHLW4U?tag=eloabder-20&linkCode=osi&th=1&psc=1">View Product</a></div><div class="product"><a href="https://www.amazon.com/dp/B09Q2XYMLM?tag=eloabder-20&linkCode=osi&th=1&psc=1"><img src="https://m.media-amazon.com/images/I/41LM+-HnjiL._SL500_.jpg" alt="Product Image"></a><p>Good Molecules Squalane Oil - Moisturizer for Face, Skin, and Hair, Plumping, Firming, Anti-Aging - Skincare for Face to Hydrate and Calm the Skin</p><p>$8.00 ($18.18 / Fl Oz)</p><a href="https://www.amazon.com/dp/B09Q2XYMLM?tag=eloabder-20&linkCode=osi&th=1&psc=1">View Product</a></div><div class="product"><a href="https://www.amazon.com/dp/B0CNG6YPB8?tag=eloabder-20&linkCode=osi&th=1&psc=1"><img src="https://m.media-amazon.com/images/I/41gbDKoodrL._SL500_.jpg" alt="Product Image"></a><p>Black Seed Oil, Rosehip Oil, Castor Oil Organic Cold Pressed for Face Anti-Aging Miracle Facial Moisturizer Serum Natural Skincare Fortifying Hydrates Skin Moisturizing Beauty Glow Oil 1 Fl Oz/30mL</p><p>$16.99 ($16.99 / Fl Oz)</p><a href="https://www.amazon.com/dp/B0CNG6YPB8?tag=eloabder-20&linkCode=osi&th=1&psc=1">View Product</a></div><div class="product"><a href="https://www.amazon.com/dp/B000VPPUEA?tag=eloabder-20&linkCode=osi&th=1&psc=1"><img src="https://m.media-amazon.com/images/I/31e4JzjWhkL._SL500_.jpg" alt="Product Image"></a><p>Bio-Oil Skincare Body Oil, Vitamin E, Serum for Scars & Stretchmarks, Face & Body Moisturizer, 2 oz, All Skin Types</p><p>$11.04 ($5.52 / Fl Oz)</p><a href="https://www.amazon.com/dp/B000VPPUEA?tag=eloabder-20&linkCode=osi&th=1&psc=1">View Product</a></div><div class="product"><a href="https://www.amazon.com/dp/B001UE60E0?tag=eloabder-20&linkCode=osi&th=1&psc=1"><img src="https://m.media-amazon.com/images/I/31cFL31-1pL._SL500_.jpg" alt="Product Image"></a><p>DHC Deep Cleansing Oil, Facial Cleansing Oil, Makeup Remover, Cleanses without Clogging Pores, Residue-Free, Fragrance and Colorant Free, All Skin Types, 6.7 fl. oz.</p><p>$21.99 ($3.28 / Fl Oz)</p><a href="https://www.amazon.com/dp/B001UE60E0?tag=eloabder-20&linkCode=osi&th=1&psc=1">View Product</a></div><div class="product"><a href="https://www.amazon.com/dp/B0BN2PX8V3?tag=eloabder-20&linkCode=osi&th=1&psc=1"><img src="https://m.media-amazon.com/images/I/31vN6RNetML._SL500_.jpg" alt="Product Image"></a><p>ANUA Heartleaf Pore Control Cleansing Oil, Oil Cleanser for Face, Makeup Blackhead Remover, Korean Skin Care 6.76 fl oz(200ml) (original)</p><p>$17.69 ($2.64 / Fl Oz)</p><a href="https://www.amazon.com/dp/B0BN2PX8V3?tag=eloabder-20&linkCode=osi&th=1&psc=1">View Product</a></div><div class="product"><a href="https://www.amazon.com/dp/B07H2GP6VX?tag=eloabder-20&linkCode=osi&th=1&psc=1"><img src="https://m.media-amazon.com/images/I/41OxX+xF61L._SL500_.jpg" alt="Product Image"></a><p>Skin Glow Serum for Face Care - Gua Sha Oil for Glowing Skin with Turmeric Oil for Face Dark Spots Fine Lines & Wrinkles - Hydrating Face Oil for Women's Vegan Organic Skin Care (30mL)</p><p>$29.70 ($29.70 / Fl Oz)</p><a href="https://www.amazon.com/dp/B07H2GP6VX?tag=eloabder-20&linkCode=osi&th=1&psc=1">View Product</a></div><div class="product"><a href="https://www.amazon.com/dp/B098553XRB?tag=eloabder-20&linkCode=osi&th=1&psc=1"><img src="https://m.media-amazon.com/images/I/31jJT07RSqL._SL500_.jpg" alt="Product Image"></a><p>Derma E Vitamin C Glow Face Oil, Facial Oil Nourishes, Brightens and Illuminates for a Radiant Glow, Moisturizing Face Oil with Turmeric, Seabuckthorn and Red Raspberry, 1 Fl Oz</p><p>$13.05</p><a href="https://www.amazon.com/dp/B098553XRB?tag=eloabder-20&linkCode=osi&th=1&psc=1">View Product</a></div>
<div class="product"><a href="https://www.amazon.com/dp/B005IHT94S?tag=eloabder-20&linkCode=osi&th=1&psc=1"><img src="https://m.media-amazon.com/images/I/31YAXVCRMAL._SL500_.jpg" alt="Product Image"></a><p>Neutrogena Ultra Sheer Dry-Touch Water Resistant and Non-Greasy Sunscreen Lotion with Broad Spectrum SPF 70, 3 Fl Oz (Pack of 1)</p><p>$9.88 ($3.29 / Fl Oz)</p><a href="https://www.amazon.com/dp/B005IHT94S?tag=eloabder-20&linkCode=osi&th=1&psc=1">View Product</a></div><div class="product"><a href="https://www.amazon.com/dp/B078BC1NJ6?tag=eloabder-20&linkCode=osi&th=1&psc=1"><img src="https://m.media-amazon.com/images/I/51V4LMN2zEL._SL500_.jpg" alt="Product Image"></a><p>Coppertone Sport Sunscreen Spray SPF 50, Water Resistant Spray Sunscreen, Broad Spectrum SPF 50 Sunscreen, Bulk Sunscreen Pack, 5.5 Oz Bottle, Pack of 3</p><p>$20.63 ($1.25 / Ounce)</p><a href="https://www.amazon.com/dp/B078BC1NJ6?tag=eloabder-20&linkCode=osi&th=1&psc=1">View Product</a></div><div class="product"><a href="https://www.amazon.com/dp/B01MQXX9US?tag=eloabder-20&linkCode=osi&th=1&psc=1"><img src="https://m.media-amazon.com/images/I/41Zi7BP15NL._SL500_.jpg" alt="Product Image"></a><p>Banana Boat Sport Ultra SPF 50 Sunscreen Spray Twin Pack | Banana Boat Sunscreen Spray SPF 50, Spray On Sunscreen, Water Resistant Sunscreen, Oxybenzone Free Sunscreen Pack, 6oz each</p><p>$13.97 ($1.16 / Ounce)</p><a href="https://www.amazon.com/dp/B01MQXX9US?tag=eloabder-20&linkCode=osi&th=1&psc=1">View Product</a></div><div class="product"><a href="https://www.amazon.com/dp/B002MSN3QQ?tag=eloabder-20&linkCode=osi&th=1&psc=1"><img src="https://m.media-amazon.com/images/I/3100avaA74L._SL500_.jpg" alt="Product Image"></a><p>EltaMD UV Clear Face Sunscreen, Oil Free Sunscreen with Zinc Oxide, Dermatologist Recommended Sunscreen, 1.7 oz Pump</p><p>$43.00 ($25.29 / Ounce)</p><a href="https://www.amazon.com/dp/B002MSN3QQ?tag=eloabder-20&linkCode=osi&th=1&psc=1">View Product</a></div><div class="product"><a href="https://www.amazon.com/dp/B00AEN4QZ8?tag=eloabder-20&linkCode=osi&th=1&psc=1"><img src="https://m.media-amazon.com/images/I/31QMrCJPoeL._SL500_.jpg" alt="Product Image"></a><p>Neutrogena Beach Defense Water-Resistant Face & Body SPF 70 Sunscreen Lotion with Broad Spectrum UVA/UVB Protection, Oil-Free Fast-Absorbing Sunscreen Lotion, Oxybenzone-Free, 6.7 oz</p><p>$9.60 ($1.43 / Fl Oz)</p><a href="https://www.amazon.com/dp/B00AEN4QZ8?tag=eloabder-20&linkCode=osi&th=1&psc=1">View Product</a></div><div class="product"><a href="https://www.amazon.com/dp/B076GZX3KL?tag=eloabder-20&linkCode=osi&th=1&psc=1"><img src="https://m.media-amazon.com/images/I/41BQoEZMuTL._SL500_.jpg" alt="Product Image"></a><p>Neutrogena Sunscreen Spray, Ultra Sheer ® Body Mist, Broad Spectrum SPF 70, Non-Greasy Water Resistant Body Sunscreen Mist, Non-Comedogenic, 5 oz (Pack of 3)</p><p>$22.60 ($1.51 / Ounce)</p><a href="https://www.amazon.com/dp/B076GZX3KL?tag=eloabder-20&linkCode=osi&th=1&psc=1">View Product</a></div><div class="product"><a href="https://www.amazon.com/dp/B004D2DR0Q?tag=eloabder-20&linkCode=osi&th=1&psc=1"><img src="https://m.media-amazon.com/images/I/41QwzCWNnFL._SL500_.jpg" alt="Product Image"></a><p>Neutrogena Ultra Sheer Dry-Touch Water Resistant and Non-Greasy Sunscreen Lotion with Broad Spectrum SPF 45, TSA-Compliant travel Size, 3 Fl Oz, Pack of 2, 6 Fl Oz</p><p>$13.99 ($2.33 / Fl Oz)</p><a href="https://www.amazon.com/dp/B004D2DR0Q?tag=eloabder-20&linkCode=osi&th=1&psc=1">View Product</a></div><div class="product"><a href="https://www.amazon.com/dp/B07YGVSGMW?tag=eloabder-20&linkCode=osi&th=1&psc=1"><img src="https://m.media-amazon.com/images/I/416T611PGUL._SL500_.jpg" alt="Product Image"></a><p>La Roche-Posay Anthelios Melt-In Milk Sunscreen SPF 100 | Sunscreen For Body & Face | Broad Spectrum SPF + Antioxidants | Oil Free Sunscreen Lotion | For Sun Sensitive Skin | Oxybenzone Free</p><p>$26.99 ($9.00 / Fl Oz)</p><a href="https://www.amazon.com/dp/B07YGVSGMW?tag=eloabder-20&linkCode=osi&th=1&psc=1">View Product</a></div><div class="product"><a href="https://www.amazon.com/dp/B002CML1VG?tag=eloabder-20&linkCode=osi&th=1&psc=1"><img src="https://m.media-amazon.com/images/I/41ufC4L5QQL._SL500_.jpg" alt="Product Image"></a><p>La Roche-Posay Anthelios Melt-In Milk Sunscreen SPF 60 | Sunscreen For Body & Face | Broad Spectrum SPF + Antioxidants | Oil Free Sunscreen Lotion | Lightweight & Fast Absorbing | Oxybenzone Free</p><p>$37.99 ($7.60 / Fl Oz)</p><a href="https://www.amazon.com/dp/B002CML1VG?tag=eloabder-20&linkCode=osi&th=1&psc=1">View Product</a></div>
<div class="product"><a href="https://www.amazon.com/dp/B004CDV7EY?tag=eloabder-20&linkCode=osi&th=1&psc=1"><img src="https://m.media-amazon.com/images/I/41tTwTi8GdL._SL500_.jpg" alt="Product Image"></a><p>Banana Boat Sport Ultra SPF 50 Sunscreen Lotion, 12oz | Banana Boat Sunscreen SPF 50 Lotion, Oxybenzone Free Sunscreen, Sunblock Lotion Sunscreen, Family Size Sunscreen, 12oz</p><p>$10.97 ($0.91 / Fl Oz)</p><a href="https://www.amazon.com/dp/B004CDV7EY?tag=eloabder-20&linkCode=osi&th=1&psc=1">View Product</a></div><div class="product"><a href="https://www.amazon.com/dp/B001P92FMG?tag=eloabder-20&linkCode=osi&th=1&psc=1"><img src="https://m.media-amazon.com/images/I/41G20SiwQqL._SL500_.jpg" alt="Product Image"></a><p>Neutrogena Sport Face Sunscreen, Broad Spectrum Sunblock SPF 70+, Water Resistant Sunscreen For Face, Sweat Resistant Oil Free Sunscreen Lotion, 2.5 FL OZ</p><p>$10.30 ($4.12 / Fl Oz)</p><a href="https://www.amazon.com/dp/B001P92FMG?tag=eloabder-20&linkCode=osi&th=1&psc=1">View Product</a></div><div class="product"><a href="https://www.amazon.com/dp/B01MY051NZ?tag=eloabder-20&linkCode=osi&th=1&psc=1"><img src="https://m.media-amazon.com/images/I/316sFsnyZ6L._SL500_.jpg" alt="Product Image"></a><p>Hawaiian Tropic Everyday Active Lotion Sunscreen SPF 50, 8oz | Hawaiian Tropic Sunscreen SPF 50, Sunblock, Broad Spectrum Sunscreen, Oxybenzone Free Sunscreen, Water Resistant Sunscreen, 8oz</p><p>$10.97 ($1.37 / Fl Oz)</p><a href="https://www.amazon.com/dp/B01MY051NZ?tag=eloabder-20&linkCode=osi&th=1&psc=1">View Product</a></div><div class="product"><a href="https://www.amazon.com/dp/B074WBHHYY?tag=eloabder-20&linkCode=osi&th=1&psc=1"><img src="https://m.media-amazon.com/images/I/41uIcq6eNrL._SL500_.jpg" alt="Product Image"></a><p>Coppertone Sport Sunscreen Spray SPF 50, Water Resistant Spray Sunscreen, Broad Spectrum SPF 50 Sunscreen, Bulk Sunscreen Pack, 5.5 Oz Bottle, Pack of 2</p><p>$14.49 ($1.32 / Ounce)</p><a href="https://www.amazon.com/dp/B074WBHHYY?tag=eloabder-20&linkCode=osi&th=1&psc=1">View Product</a></div><div class="product"><a href="https://www.amazon.com/dp/B077D7L95C?tag=eloabder-20&linkCode=osi&th=1&psc=1"><img src="https://m.media-amazon.com/images/I/4124cUh+pGL._SL500_.jpg" alt="Product Image"></a><p>Banana Boat Kids Sport Sunscreen Spray SPF 50, Twin Pack | Kids Sunscreen Spray, Kids Sunblock Spray, Oxybenzone Free Sunscreen for Kids, Spray Sunscreen SPF 50, 6oz each</p><p>$13.97 ($1.16 / Ounce)</p><a href="https://www.amazon.com/dp/B077D7L95C?tag=eloabder-20&linkCode=osi&th=1&psc=1">View Product</a></div>
<div class="product"><a href="https://www.amazon.com/dp/B08Q2R18HH?tag=eloabder-20&linkCode=osi&th=1&psc=1"><img src="https://m.media-amazon.com/images/I/51uR35zoH+L._SL500_.jpg" alt="Product Image"></a><p>Hawaiian Tropic Lime Coolada After Sun Lotion, 16oz | After Sun Care, Daily Moisturizing Lotion, After Sun Aloe, Cocoa Butter Lotion, Shea Butter Lotion, After Sun Skin Care, 16oz each Twin Pack</p><p>$14.99 ($0.47 / Fl Oz)</p><a href="https://www.amazon.com/dp/B08Q2R18HH?tag=eloabder-20&linkCode=osi&th=1&psc=1">View Product</a></div><div class="product"><a href="https://www.amazon.com/dp/B08Q2QK7F1?tag=eloabder-20&linkCode=osi&th=1&psc=1"><img src="https://m.media-amazon.com/images/I/41I370DTitL._SL500_.jpg" alt="Product Image"></a><p>Hawaiian Tropic Silk Hydration After Sun Lotion 6 Fl Oz (Pack of 2)</p><p>$19.98 ($1.66 / Fl Oz)</p><a href="https://www.amazon.com/dp/B08Q2QK7F1?tag=eloabder-20&linkCode=osi&th=1&psc=1">View Product</a></div><div class="product"><a href="https://www.amazon.com/dp/B004YAUZKM?tag=eloabder-20&linkCode=osi&th=1&psc=1"><img src="https://m.media-amazon.com/images/I/31QrLmSRyrL._SL500_.jpg" alt="Product Image"></a><p>Sun Bum Cool Down Aloe Vera Lotion - Vegan After Sun Care with Cocoa Butter to Soothe and Hydrate Sunburn- 8 oz</p><p>$12.99 ($1.62 / Fl Oz)</p><a href="https://www.amazon.com/dp/B004YAUZKM?tag=eloabder-20&linkCode=osi&th=1&psc=1">View Product</a></div><div class="product"><a href="https://www.amazon.com/dp/B07BH4DD2M?tag=eloabder-20&linkCode=osi&th=1&psc=1"><img src="https://m.media-amazon.com/images/I/41+JG2VHifL._SL500_.jpg" alt="Product Image"></a><p>Hawaiian Tropic After Sun Body Butter with Coconut Oil, 8oz | After Sun Lotion, Moisturizing Body Lotion, After Sun Moisturizer, Coconut Body Butter, After Sun Care, After Sun Skin Care, 8oz</p><p>$12.49 ($1.56 / Fl Oz)</p><a href="https://www.amazon.com/dp/B07BH4DD2M?tag=eloabder-20&linkCode=osi&th=1&psc=1">View Product</a></div><div class="product"><a href="https://www.amazon.com/dp/B091YZ5L12?tag=eloabder-20&linkCode=osi&th=1&psc=1"><img src="https://m.media-amazon.com/images/I/31otykDIBaL._SL500_.jpg" alt="Product Image"></a><p>B.TAN After Sun Lotion | Ooooh Aftersun Delight - Aloe Vera & Hyaluronic Acid, Sun Burn Skin Relief, Moisturizing Body Cream, 16 Fl oz</p><p>$12.99 ($0.81 / Fl Oz)</p><a href="https://www.amazon.com/dp/B091YZ5L12?tag=eloabder-20&linkCode=osi&th=1&psc=1">View Product</a></div><div class="product"><a href="https://www.amazon.com/dp/B0013L55U0?tag=eloabder-20&linkCode=osi&th=1&psc=1"><img src="https://m.media-amazon.com/images/I/41BErPueiSL._SL500_.jpg" alt="Product Image"></a><p>Burt's Bees After Sun Lotion with Hydrating Aloe Vera & Coconut Oil - Summer Essentials, Sunburn Relief, Natural After Sun Soother, 6 oz</p><p>$12.96 ($2.16 / Fl Oz)</p><a href="https://www.amazon.com/dp/B0013L55U0?tag=eloabder-20&linkCode=osi&th=1&psc=1">View Product</a></div><div class="product"><a href="https://www.amazon.com/dp/B01N6SVTBN?tag=eloabder-20&linkCode=osi&th=1&psc=1"><img src="https://m.media-amazon.com/images/I/51sE2A31qgL._SL500_.jpg" alt="Product Image"></a><p>Sunburnt Advanced After-Sun Lotion, 6 Ounce</p><p>$9.79 ($1.63 / Ounce)</p><a href="https://www.amazon.com/dp/B01N6SVTBN?tag=eloabder-20&linkCode=osi&th=1&psc=1">View Product</a></div><div class="product"><a href="https://www.amazon.com/dp/B098CTZYJX?tag=eloabder-20&linkCode=osi&th=1&psc=1"><img src="https://m.media-amazon.com/images/I/31hNQRVEp2L._SL500_.jpg" alt="Product Image"></a><p>Coola Organic Radical Recovery After Sun Body Lotion, Includes Aloe Vera, Agave and Lavender Oil for Sunburn Relief, 5 Fl Oz</p><p>$32.00 ($6.40 / Fl Oz)</p><a href="https://www.amazon.com/dp/B098CTZYJX?tag=eloabder-20&linkCode=osi&th=1&psc=1">View Product</a></div>
<div class="product"><a href="https://www.amazon.com/dp/B0CTBF3WLS?tag=eloabder-20&linkCode=osi&th=1&psc=1"><img src="https://m.media-amazon.com/images/I/41nFaIDnL9L._SL500_.jpg" alt="Product Image"></a><p>b.tan UV Tanning Bed Lotion | I Want The Darkest Tan Possible - x4000 Tan Intensifiers, Indoor & Outdoor Tan Accelerator, Best Browning Lotion, 12 Fl Oz</p><p>$14.99 ($1.25 / Fl Oz)</p><a href="https://www.amazon.com/dp/B0CTBF3WLS?tag=eloabder-20&linkCode=osi&th=1&psc=1">View Product</a></div><div class="product"><a href="https://www.amazon.com/dp/B001UTK76C?tag=eloabder-20&linkCode=osi&th=1&psc=1"><img src="https://m.media-amazon.com/images/I/31JM3ZgxMjL._SL500_.jpg" alt="Product Image"></a><p>Jergens Natural Glow +FIRMING Self Tanner, Sunless Tanning Lotion for Fair to Medium Skin Tone, Anti Cellulite Firming Body Lotion for Natural-Looking Tan, 7.5 Ounce</p><p>$10.47 ($1.40 / Fl Oz)</p><a href="https://www.amazon.com/dp/B001UTK76C?tag=eloabder-20&linkCode=osi&th=1&psc=1">View Product</a></div><div class="product"><a href="https://www.amazon.com/dp/B07XGS1NW9?tag=eloabder-20&linkCode=osi&th=1&psc=1"><img src="https://m.media-amazon.com/images/I/411h-bfoKfL._SL500_.jpg" alt="Product Image"></a><p>European Gold Flash Black 4000X Indoor Tanning Lotion with Time-Release DHA Bronzers, 12 oz</p><p>$13.99 ($1.17 / Fl Oz)</p><a href="https://www.amazon.com/dp/B07XGS1NW9?tag=eloabder-20&linkCode=osi&th=1&psc=1">View Product</a></div><div class="product"><a href="https://www.amazon.com/dp/B0058E3XJI?tag=eloabder-20&linkCode=osi&th=1&psc=1"><img src="https://m.media-amazon.com/images/I/41KNj0nprcL._SL500_.jpg" alt="Product Image"></a><p>Millennium Tanning Solid Black 100X Indoor Tanning Lotion for Tanning Beds (13.5 Fluid Ounces)</p><p>$29.99 ($2.22 / Fl Oz)</p><a href="https://www.amazon.com/dp/B0058E3XJI?tag=eloabder-20&linkCode=osi&th=1&psc=1">View Product</a></div><div class="product"><a href="https://www.amazon.com/dp/B003GX5SSC?tag=eloabder-20&linkCode=osi&th=1&psc=1"><img src="https://m.media-amazon.com/images/I/314WWYZVTGL._SL500_.jpg" alt="Product Image"></a><p>Australian Gold Dark Tanning Accelerator Lotion With Bronzer, 8 Ounce, New Package Same Formula, B003GX5SSC</p><p>$8.99 ($1.12 / Fl Oz)</p><a href="https://www.amazon.com/dp/B003GX5SSC?tag=eloabder-20&linkCode=osi&th=1&psc=1">View Product</a></div><div class="product"><a href="https://www.amazon.com/dp/B009YKK78C?tag=eloabder-20&linkCode=osi&th=1&psc=1"><img src="https://m.media-amazon.com/images/I/51VhZauUFYS._SL500_.jpg" alt="Product Image"></a><p>Ed Hardy Coconut Kisses Golden Tanning Lotion Cruelty Free, Gluten Free, Mineral Oil Free, DHA Free for All skin type,13.5 oz</p><p>$25.95 ($1.92 / Fl Oz)</p><a href="https://www.amazon.com/dp/B009YKK78C?tag=eloabder-20&linkCode=osi&th=1&psc=1">View Product</a></div><div class="product"><a href="https://www.amazon.com/dp/B09J1LZCWH?tag=eloabder-20&linkCode=osi&th=1&psc=1"><img src="https://m.media-amazon.com/images/I/41RzUs3u55L._SL500_.jpg" alt="Product Image"></a><p>Tanning Lotion Self Tanner - With Natural and Organic Ingredients Non Toxic Sunless Browning Lotion - Best Gradual Tan Lotion for Men and Women, Fair to Medium</p><p>$35.99 ($4.80 / Fl Oz)</p><a href="https://www.amazon.com/dp/B09J1LZCWH?tag=eloabder-20&linkCode=osi&th=1&psc=1">View Product</a></div><div class="product"><a href="https://www.amazon.com/dp/B00T7MZQ3S?tag=eloabder-20&linkCode=osi&th=1&psc=1"><img src="https://m.media-amazon.com/images/I/41yGeo8I0IL._SL500_.jpg" alt="Product Image"></a><p>Australian Gold Rapid Tanning Intensifier Lotion, 8.5 Fl Oz | With Tea Tree Oil and Aloe Vera | Vitamin E</p><p>$7.37 ($0.87 / Fl Oz)</p><a href="https://www.amazon.com/dp/B00T7MZQ3S?tag=eloabder-20&linkCode=osi&th=1&psc=1">View Product</a></div><div class="product"><a href="https://www.amazon.com/dp/B08MVJ5Y8Y?tag=eloabder-20&linkCode=osi&th=1&psc=1"><img src="https://m.media-amazon.com/images/I/51Mugq3kI+L._SL500_.jpg" alt="Product Image"></a><p>Tanning Paradise Black Coconut Love Tanning Lotion | Coconut Oil | Age-Defying | Tattoo Protecting Formula | Ultra Hydrating Dark Tanning Lotion, 13.5oz</p><p>$27.99 ($2.07 / Fl Oz)</p><a href="https://www.amazon.com/dp/B08MVJ5Y8Y?tag=eloabder-20&linkCode=osi&th=1&psc=1">View Product</a></div>
<div class="product"><a href="https://www.amazon.com/dp/B08FZZ4HPM?tag=eloabder-20&linkCode=osi&th=1&psc=1"><img src="https://m.media-amazon.com/images/I/31mReI9Wc6L._SL500_.jpg" alt="Product Image"></a><p>b.tan Ultra Dark Self Tanner | Too Tan - Fast, 1 Hour Express Sunless Tanning Mousse, No Gimmicks, No Fake Tan Smell, No Added Nasties, Vegan, Cruelty & Paraben Free, 6.7 Fl Oz</p><p>$9.97 ($1.49 / Fl Oz)</p><a href="https://www.amazon.com/dp/B08FZZ4HPM?tag=eloabder-20&linkCode=osi&th=1&psc=1">View Product</a></div><div class="product"><a href="https://www.amazon.com/dp/B0888B6TBN?tag=eloabder-20&linkCode=osi&th=1&psc=1"><img src="https://m.media-amazon.com/images/I/41K4-e3Kj9L._SL500_.jpg" alt="Product Image"></a><p>b.tan Darker Self Tanner Kit | Fall In Love at First Tan Bundle - Darker Self Tan Mousse with Self Tanning Mitt Applicator, Violet Base, 1 Hour Sunless Fast Tanner, No Fake Tan Smell, No Added Nasties, Vegan, Cruelty Free, 6.7 Fl Oz</p><p>$14.99 ($2.24 / Fl Oz)</p><a href="https://www.amazon.com/dp/B0888B6TBN?tag=eloabder-20&linkCode=osi&th=1&psc=1">View Product</a></div><div class="product"><a href="https://www.amazon.com/dp/B013WVAHJ2?tag=eloabder-20&linkCode=osi&th=1&psc=1"><img src="https://m.media-amazon.com/images/I/21yYdk2vOnL._SL500_.jpg" alt="Product Image"></a><p>Bondi Sands Self Tanning Foam | Lightweight, Self-Tanner Foam Enriched with Aloe Vera and Coconut Provides an Even, Streak-Free Tan | 6.76 oz/200 mL</p><p>$24.00 ($3.55 / Fl Oz )</p><a href="https://www.amazon.com/dp/B013WVAHJ2?tag=eloabder-20&linkCode=osi&th=1&psc=1">View Product</a></div><div class="product"><a href="https://www.amazon.com/dp/B09551QSJ3?tag=eloabder-20&linkCode=osi&th=1&psc=1"><img src="https://m.media-amazon.com/images/I/41tFLINqKrL._SL500_.jpg" alt="Product Image"></a><p>Self Tanner Mousse - USA Made with Natural & Organic Ingredients, Self Tanning Mousse for Dark Fake Tan, Sunless Tanner, Clear & Non Toxic Tanning Foam for Streak Free Finish, No Nasty Smell</p><p>$34.99 ($4.67 / Fl Oz)</p><a href="https://www.amazon.com/dp/B09551QSJ3?tag=eloabder-20&linkCode=osi&th=1&psc=1">View Product</a></div><div class="product"><a href="https://www.amazon.com/dp/B07Z53DKH3?tag=eloabder-20&linkCode=osi&th=1&psc=1"><img src="https://m.media-amazon.com/images/I/31WXxRTQ9rL._SL500_.jpg" alt="Product Image"></a><p>Coco & Eve Sunny Honey Bali Bronzing Foam (Ultra Dark). Natural Sunless Self Tanner Mousse. Anti Cellulite, Anti Aging, Organic Sunless Self Tanning Lotion</p><p>$38.00 ($5.59 / Fl Oz)</p><a href="https://www.amazon.com/dp/B07Z53DKH3?tag=eloabder-20&linkCode=osi&th=1&psc=1">View Product</a></div><div class="product"><a href="https://www.amazon.com/dp/B00GLS5DHU?tag=eloabder-20&linkCode=osi&th=1&psc=1"><img src="https://m.media-amazon.com/images/I/31EOp3BgHcL._SL500_.jpg" alt="Product Image"></a><p>Jergens Natural Glow 3-Day Self Tanner for Fair to Medium Skin Tone, Sunless Tanning Daily Moisturizer, for Streak-free and Natural-Looking Color, 10 Ounce</p><p>$14.49 ($1.45 / Fl Oz)</p><a href="https://www.amazon.com/dp/B00GLS5DHU?tag=eloabder-20&linkCode=osi&th=1&psc=1">View Product</a></div><div class="product"><a href="https://www.amazon.com/dp/B08G1LQGLN?tag=eloabder-20&linkCode=osi&th=1&psc=1"><img src="https://m.media-amazon.com/images/I/411EXWnc3cS._SL500_.jpg" alt="Product Image"></a><p>Coco & Eve Self Tanner Mousse Kit - All Natural Sunless Tanning (Dark) | Instant Lotion with Bronzer Mitt Applicator Sunny Honey Bali Bronzing</p><p>$41.00 ($6.12 / Fl Oz)</p><a href="https://www.amazon.com/dp/B08G1LQGLN?tag=eloabder-20&linkCode=osi&th=1&psc=1">View Product</a></div><div class="product"><a href="https://www.amazon.com/dp/B00KSS3MJ0?tag=eloabder-20&linkCode=osi&th=1&psc=1"><img src="https://m.media-amazon.com/images/I/31pZi3ANSfL._SL500_.jpg" alt="Product Image"></a><p>St.Tropez Self Tan Express Mousse, Fast Acting Fake Tan, Develops in 1-3 Hours, Streak-Free Finish, Vegan, Natural & Cruelty Free, 6.7 Fl Oz</p><p>$46.00 ($6.87 / Fl Oz)</p><a href="https://www.amazon.com/dp/B00KSS3MJ0?tag=eloabder-20&linkCode=osi&th=1&psc=1">View Product</a></div>
<div class="product"><a href="https://www.amazon.com/dp/B08KT2Z93D?tag=eloabder-20&linkCode=osi&th=1&psc=1"><img src="https://m.media-amazon.com/images/I/31IObY4C0xL._SL500_.jpg" alt="Product Image"></a><p>eos Shea Better Body Lotion- Vanilla Cashmere, 24-Hour Moisture Skin Care, Lightweight & Non-Greasy, Made with Natural Shea, Vegan, 16 fl oz</p><p>$8.98 ($0.56 / Fl Oz)</p><a href="https://www.amazon.com/dp/B08KT2Z93D?tag=eloabder-20&linkCode=osi&th=1&psc=1">View Product</a></div><div class="product"><a href="https://www.amazon.com/dp/B076G2XGY3?tag=eloabder-20&linkCode=osi&th=1&psc=1"><img src="https://m.media-amazon.com/images/I/41jIXvha20L._SL500_.jpg" alt="Product Image"></a><p>NIVEA Essentially Enriched Body Lotion for Dry Skin, Pack of 2, 16.9 Fl Oz Pump Bottles</p><p>$10.98 ($0.32 / Fl Oz)</p><a href="https://www.amazon.com/dp/B076G2XGY3?tag=eloabder-20&linkCode=osi&th=1&psc=1">View Product</a></div><div class="product"><a href="https://www.amazon.com/dp/B00DG8EZKO?tag=eloabder-20&linkCode=osi&th=1&psc=1"><img src="https://m.media-amazon.com/images/I/31DT3ghuyXL._SL500_.jpg" alt="Product Image"></a><p>NIVEA Intense Healing Body Lotion for Dry Skin, 72-Hour Moisturizing Lotion with Deep Nourishing Serum and Provitamin B5, 16.9 Fl Oz Pump Bottle</p><p>$6.24 ($0.37 / Fl Oz)</p><a href="https://www.amazon.com/dp/B00DG8EZKO?tag=eloabder-20&linkCode=osi&th=1&psc=1">View Product</a></div><div class="product"><a href="https://www.amazon.com/dp/B07RK4HST7?tag=eloabder-20&linkCode=osi&th=1&psc=1"><img src="https://m.media-amazon.com/images/I/412DGoW35mL._SL500_.jpg" alt="Product Image"></a><p>CeraVe Daily Moisturizing Lotion for Dry Skin | Body Lotion & Face Moisturizer with Hyaluronic Acid and Ceramides | Daily Moisturizer | Fragrance Free | Oil-Free | 19 Ounce</p><p>$18.50 ($0.97 / Fl Oz)</p><a href="https://www.amazon.com/dp/B07RK4HST7?tag=eloabder-20&linkCode=osi&th=1&psc=1">View Product</a></div><div class="product"><a href="https://www.amazon.com/dp/B0034F9K36?tag=eloabder-20&linkCode=osi&th=1&psc=1"><img src="https://m.media-amazon.com/images/I/319i3EFVPvL._SL500_.jpg" alt="Product Image"></a><p>Jergens Ultra Healing Dry Skin Moisturizer, Body and Hand Lotion for Dry Skin, for Quick Absorption into Extra Dry Skin, with HYDRALUCENCE blend, Vitamins C, E, and B5, 32 Ounce</p><p>$10.47 ($0.33 / Fl Oz)</p><a href="https://www.amazon.com/dp/B0034F9K36?tag=eloabder-20&linkCode=osi&th=1&psc=1">View Product</a></div><div class="product"><a href="https://www.amazon.com/dp/B003JT8PKQ?tag=eloabder-20&linkCode=osi&th=1&psc=1"><img src="https://m.media-amazon.com/images/I/31TFisQDpKL._SL500_.jpg" alt="Product Image"></a><p>Lubriderm Daily Moisture Lotion + Pro-Ceramide with Shea Butter & Glycerin Helps Moisturize Dry Skin, Hydrating Face, Hand & Body Lotion is Lightly Scented & Non-Greasy, 24 fl. oz</p><p>$10.12 ($0.42 / Fl Oz)</p><a href="https://www.amazon.com/dp/B003JT8PKQ?tag=eloabder-20&linkCode=osi&th=1&psc=1">View Product</a></div><div class="product"><a href="https://www.amazon.com/dp/B0D484X4RL?tag=eloabder-20&linkCode=osi&th=1&psc=1"><img src="https://m.media-amazon.com/images/I/31rZLOx+KEL._SL500_.jpg" alt="Product Image"></a><p>Native Body Lotion Contains Naturally Derived Plant-Based Moisturizers for Women and Men | Restores Dry Skin, Coconut & Vanilla, 16.5 fl oz</p><p>$13.97 ($0.85 / Fl Oz)</p><a href="https://www.amazon.com/dp/B0D484X4RL?tag=eloabder-20&linkCode=osi&th=1&psc=1">View Product</a></div><div class="product"><a href="https://www.amazon.com/dp/B073CXZ8KR?tag=eloabder-20&linkCode=osi&th=1&psc=1"><img src="https://m.media-amazon.com/images/I/31r1ImnqoOL._SL500_.jpg" alt="Product Image"></a><p>Nivea Oil Infused Cherry Blossom and Jojoba Oil Body Lotion, Non-Greasy Cherry Blossom Scented Lotion Moisturizes for 24+ Hours, 16.9 Fl Oz Pump Bottle</p><p>$6.29 ($0.37 / Fl Oz)</p><a href="https://www.amazon.com/dp/B073CXZ8KR?tag=eloabder-20&linkCode=osi&th=1&psc=1">View Product</a></div><div class="product"><a href="https://www.amazon.com/dp/B00W4TWD7I?tag=eloabder-20&linkCode=osi&th=1&psc=1"><img src="https://m.media-amazon.com/images/I/31hhrMRSQBL._SL500_.jpg" alt="Product Image"></a><p>Jergens Skin Firming Body Lotion for Dry to Extra Dry Skin, Skin Tightening Cream with Collagen and Elastin, Hydralucence Blend Formula, 16.8 oz</p><p>$7.47 ($0.44 / Fl Oz)</p><a href="https://www.amazon.com/dp/B00W4TWD7I?tag=eloabder-20&linkCode=osi&th=1&psc=1">View Product</a></div>
<div class="product"><a href="https://www.amazon.com/dp/B07C23RCR8?tag=eloabder-20&linkCode=osi&th=1&psc=1"><img src="https://m.media-amazon.com/images/I/41RZuPGWrcL._SL500_.jpg" alt="Product Image"></a><p>Petal Fresh Restoring Body Butter with Honey, Coconut Oil and Shea - Intense Hydration, Cruelty Free</p><p>$7.67 ($7.67 / Count)</p><a href="https://www.amazon.com/dp/B07C23RCR8?tag=eloabder-20&linkCode=osi&th=1&psc=1">View Product</a></div><div class="product"><a href="https://www.amazon.com/dp/B0BKCN9WRX?tag=eloabder-20&linkCode=osi&th=1&psc=1"><img src="https://m.media-amazon.com/images/I/41Jk3XD9gtL._SL500_.jpg" alt="Product Image"></a><p>Tree Hut Moroccan Rose Whipped Shea Body Butter, 8.4oz, Lightweight, Long-lasting, Hydrating Moisturizer with Natural Shea Butter for Nourishing Essential Body Care</p><p>$8.49 ($1.01 / Ounce)</p><a href="https://www.amazon.com/dp/B0BKCN9WRX?tag=eloabder-20&linkCode=osi&th=1&psc=1">View Product</a></div><div class="product"><a href="https://www.amazon.com/dp/B01H6OYPU8?tag=eloabder-20&linkCode=osi&th=1&psc=1"><img src="https://m.media-amazon.com/images/I/41Vkhay5SBL._SL500_.jpg" alt="Product Image"></a><p>NIVEA Cocoa Butter Body Cream with Deep Nourishing Serum, 15.5 Ounce</p><p>$7.05 ($0.45 / Ounce)</p><a href="https://www.amazon.com/dp/B01H6OYPU8?tag=eloabder-20&linkCode=osi&th=1&psc=1">View Product</a></div><div class="product"><a href="https://www.amazon.com/dp/B089N6B4ST?tag=eloabder-20&linkCode=osi&th=1&psc=1"><img src="https://m.media-amazon.com/images/I/41ropAOpQNL._SL500_.jpg" alt="Product Image"></a><p>Vaseline Illuminate Me Shea Butter Whipped Body Butter for Melanin Rich Skin Provides 24 Hour Moisturization for Dry Skin 11 oz</p><p>$12.80 ($1.16 / Fl Oz)</p><a href="https://www.amazon.com/dp/B089N6B4ST?tag=eloabder-20&linkCode=osi&th=1&psc=1">View Product</a></div><div class="product"><a href="https://www.amazon.com/dp/B09QMT3CVT?tag=eloabder-20&linkCode=osi&th=1&psc=1"><img src="https://m.media-amazon.com/images/I/41eMy8c3dcL._SL500_.jpg" alt="Product Image"></a><p>MAJESTIC PURE Whipped Argan Oil Body Butter for Women & Men - With Ceramides, Vitamin E & A & Vegan Collagen - For Skin, Face, & Appearance of Wrinkles & Fine Lines - 8oz</p><p>$9.99 ($1.25 / Ounce)</p><a href="https://www.amazon.com/dp/B09QMT3CVT?tag=eloabder-20&linkCode=osi&th=1&psc=1">View Product</a></div><div class="product"><a href="https://www.amazon.com/dp/B00GBH8TBS?tag=eloabder-20&linkCode=osi&th=1&psc=1"><img src="https://m.media-amazon.com/images/I/31L5XHEF9qL._SL500_.jpg" alt="Product Image"></a><p>Bliss Lemon and Sage Body Butter - Maximum Moisture Cream - 6.7 Fl Oz Lotion for Dry Skin - Long-Lasting Moisturizer for Women & Men - Vegan and Cruelty-Free</p><p>$11.99 ($1.79 / Fl Oz)</p><a href="https://www.amazon.com/dp/B00GBH8TBS?tag=eloabder-20&linkCode=osi&th=1&psc=1">View Product</a></div><div class="product"><a href="https://www.amazon.com/dp/B0013UQQAE?tag=eloabder-20&linkCode=osi&th=1&psc=1"><img src="https://m.media-amazon.com/images/I/411EPzhuAHL._SL500_.jpg" alt="Product Image"></a><p>Palmer’s Shea Butter Formula Raw African Shea Butter Balm, Nourishing Body Moisturizer for Rough, Dry Skin, 7.25 Ounces</p><p>$7.68 ($1.06 / Ounce)</p><a href="https://www.amazon.com/dp/B0013UQQAE?tag=eloabder-20&linkCode=osi&th=1&psc=1">View Product</a></div><div class="product"><a href="https://www.amazon.com/dp/B09SRGSNZR?tag=eloabder-20&linkCode=osi&th=1&psc=1"><img src="https://m.media-amazon.com/images/I/31knGR24zJL._SL500_.jpg" alt="Product Image"></a><p>Kopari Ultra Restore Body Butter with Hyaluronic Acid and Vitamin B5 - Vegan Moisturizing Lotion for Dry Skin, 7.7 oz</p><p>$36.00 ($4.68 / Fl Oz)</p><a href="https://www.amazon.com/dp/B09SRGSNZR?tag=eloabder-20&linkCode=osi&th=1&psc=1">View Product</a></div><div class="product"><a href="https://www.amazon.com/dp/B0C4Q95W1T?tag=eloabder-20&linkCode=osi&th=1&psc=1"><img src="https://m.media-amazon.com/images/I/417J+mMnNXL._SL500_.jpg" alt="Product Image"></a><p>Vaseline Illuminate Me Body Butter & Body Oil - Shimmering Body Bronzer, Hydrating Whipped Organic Shea Butter with 24-Hour Moisture for Melanin-Rich Skin, Radiant Body Glow Oil (2 Piece Set)</p><p>$22.99 ($1.61 / Fl Oz)</p><a href="https://www.amazon.com/dp/B0C4Q95W1T?tag=eloabder-20&linkCode=osi&th=1&psc=1">View Product</a></div>
<div class="product"><a href="https://www.amazon.com/dp/B004L17FKC?tag=eloabder-20&linkCode=osi&th=1&psc=1"><img src="https://m.media-amazon.com/images/I/31nbXT8PueL._SL500_.jpg" alt="Product Image"></a><p>OSEA Undaria Algae Body Oil 5 oz - After Shower Body Oil - Non-Greasy Body Serum & Fast Absorbing Skincare - Clean Beauty & Vegan Seaweed Body Moisturizer for Dry Skin</p><p>$51.95 ($10.39 / Fl Oz)</p><a href="https://www.amazon.com/dp/B004L17FKC?tag=eloabder-20&linkCode=osi&th=1&psc=1">View Product</a></div><div class="product"><a href="https://www.amazon.com/dp/B00008BK7H?tag=eloabder-20&linkCode=osi&th=1&psc=1"><img src="https://m.media-amazon.com/images/I/31NaIvcVrtL._SL500_.jpg" alt="Product Image"></a><p>Neutrogena Body Oil Light Sesame Formula, Dry Skin Moisturizer and Hydrating Body Massage Oil for Radiant and Healthy Looking Glow, Nourishing Bath Oil for Sheer Moisture, 16 FL OZ</p><p>$23.41 ($1.46 / Fl Oz)</p><a href="https://www.amazon.com/dp/B00008BK7H?tag=eloabder-20&linkCode=osi&th=1&psc=1">View Product</a></div><div class="product"><a href="https://www.amazon.com/dp/B08D43LHYP?tag=eloabder-20&linkCode=osi&th=1&psc=1"><img src="https://m.media-amazon.com/images/I/315zlZLfRWL._SL500_.jpg" alt="Product Image"></a><p>Aveeno Daily Moisturizing Dry Body Oil Mist with Oat and Jojoba Oil for Dry, Rough Sensitive Skin, Nourishing & Hypoallergenic Body Spray, Paraben-, Silicone- & Phthalate-Free, 6.7 fl. oz</p><p>$9.58 ($1.43 / Fl Oz)</p><a href="https://www.amazon.com/dp/B08D43LHYP?tag=eloabder-20&linkCode=osi&th=1&psc=1">View Product</a></div><div class="product"><a href="https://www.amazon.com/dp/B00AREGVUM?tag=eloabder-20&linkCode=osi&th=1&psc=1"><img src="https://m.media-amazon.com/images/I/41qfuNZmKRL._SL500_.jpg" alt="Product Image"></a><p>Bio-Oil Skincare Body Oil, Vitamin E Serum for Scars & Stretchmarks, Dermatologist Recommended, All Skin Types, 6.7 oz</p><p>$28.99 ($4.33 / Fl Oz)</p><a href="https://www.amazon.com/dp/B00AREGVUM?tag=eloabder-20&linkCode=osi&th=1&psc=1">View Product</a></div><div class="product"><a href="https://www.amazon.com/dp/B000056W74?tag=eloabder-20&linkCode=osi&th=1&psc=1"><img src="https://m.media-amazon.com/images/I/51iuZeO24dL._SL500_.jpg" alt="Product Image"></a><p>Palmer's Cocoa Butter Moisturizing Body Oil with Vitamin E, Radiant Looking Glow and Skin Hydration, Instant Absorption, Bath, Body and Shower, 8.5 Ounces</p><p>$7.49 ($0.88 / Fl Oz)</p><a href="https://www.amazon.com/dp/B000056W74?tag=eloabder-20&linkCode=osi&th=1&psc=1">View Product</a></div><div class="product"><a href="https://www.amazon.com/dp/B001B0ZZFS?tag=eloabder-20&linkCode=osi&th=1&psc=1"><img src="https://m.media-amazon.com/images/I/31CraOP2i5L._SL500_.jpg" alt="Product Image"></a><p>Neutrogena Fragrance-Free Body Oil Light Sesame Formula, Dry Skin Moisturizer & Hydrating Body Massage Oil, for Radiant & Healthy Glow, Nourishing After Shower & Bath Oil, 8.5 fl. oz</p><p>$8.86 ($1.04 / Fl Oz)</p><a href="https://www.amazon.com/dp/B001B0ZZFS?tag=eloabder-20&linkCode=osi&th=1&psc=1">View Product</a></div><div class="product"><a href="https://www.amazon.com/dp/B0CFSVH4L7?tag=eloabder-20&linkCode=osi&th=1&psc=1"><img src="https://m.media-amazon.com/images/I/31VtRL8qSpL._SL500_.jpg" alt="Product Image"></a><p>Saltair - Santal Bloom Body Oil - Nourishing Body Moisturizer</p><p>$22.00 ($5.50 / Fl Oz)</p><a href="https://www.amazon.com/dp/B0CFSVH4L7?tag=eloabder-20&linkCode=osi&th=1&psc=1">View Product</a></div><div class="product"><a href="https://www.amazon.com/dp/B089NCFBQZ?tag=eloabder-20&linkCode=osi&th=1&psc=1"><img src="https://m.media-amazon.com/images/I/41WGBM4YipL._SL500_.jpg" alt="Product Image"></a><p>Vaseline Illuminate Me Shimmering Body Oil Created for Melanin Rich Skin, Illuminates Skin with Finishing Touch of Shimmer for Glowing Skin 3.3 oz</p><p>$8.75 ($2.65 / Fl Oz)</p><a href="https://www.amazon.com/dp/B089NCFBQZ?tag=eloabder-20&linkCode=osi&th=1&psc=1">View Product</a></div><div class="product"><a href="https://www.amazon.com/dp/B076MGQ5SW?tag=eloabder-20&linkCode=osi&th=1&psc=1"><img src="https://m.media-amazon.com/images/I/31i7GSTXsoL._SL500_.jpg" alt="Product Image"></a><p>SheaMoisture Daily Hydration Body Oil Virgin Coconut Oil For Dry Skin Paraben Free 8 oz</p><p>$8.93 ($1.12 / Fl Oz)</p><a href="https://www.amazon.com/dp/B076MGQ5SW?tag=eloabder-20&linkCode=osi&th=1&psc=1">View Product</a></div>
<div class="product"><a href="https://www.amazon.com/dp/B07GJR4KXM?tag=eloabder-20&linkCode=osi&th=1&psc=1"><img src="https://m.media-amazon.com/images/I/41Zl1DjrGpL._SL500_.jpg" alt="Product Image"></a><p>Brooklyn Botany Brown Sugar Body Scrub - Moisturizing and Exfoliating Body, Face, Hand, Foot Scrub - Fights Acne, Fine Lines & Wrinkles, Great Gifts For Women & Men - 10 oz</p><p>$9.99 ($1.00 / Ounce)</p><a href="https://www.amazon.com/dp/B07GJR4KXM?tag=eloabder-20&linkCode=osi&th=1&psc=1">View Product</a></div><div class="product"><a href="https://www.amazon.com/dp/B095Z7HQP3?tag=eloabder-20&linkCode=osi&th=1&psc=1"><img src="https://m.media-amazon.com/images/I/31oWHQkNovL._SL500_.jpg" alt="Product Image"></a><p>First Aid Beauty KP Bump Eraser Body Scrub Exfoliant for Keratosis Pilaris with 10% AHA 4 oz.</p><p>$20.00 ($5.00 / Ounce)</p><a href="https://www.amazon.com/dp/B095Z7HQP3?tag=eloabder-20&linkCode=osi&th=1&psc=1">View Product</a></div><div class="product"><a href="https://www.amazon.com/dp/B0CQLTP6JM?tag=eloabder-20&linkCode=osi&th=1&psc=1"><img src="https://m.media-amazon.com/images/I/41oU0wGhtHL._SL500_.jpg" alt="Product Image"></a><p>Elvira KP Bump Eraser Body Scrub, Exfoliating Body Scrub for Keratosis Pilaris, Smooth Skin with 10% AHA/BHA & Niacinamide, Moisturizing and Brightening, Body Skin Care Products, Deep Cleansing - 7 oz</p><p>$16.99 ($2.43 / Fl Oz)</p><a href="https://www.amazon.com/dp/B0CQLTP6JM?tag=eloabder-20&linkCode=osi&th=1&psc=1">View Product</a></div><div class="product"><a href="https://www.amazon.com/dp/B09VH79Z17?tag=eloabder-20&linkCode=osi&th=1&psc=1"><img src="https://m.media-amazon.com/images/I/41VgTZ12TwL._SL500_.jpg" alt="Product Image"></a><p>Dr Teal's Shea Sugar Body Scrub, Shea Butter with Almond Oil & Essential Oils, 19 oz (Pack of 3) (Packaging May Vary)</p><p>$20.94 ($0.37 / Ounce)</p><a href="https://www.amazon.com/dp/B09VH79Z17?tag=eloabder-20&linkCode=osi&th=1&psc=1">View Product</a></div>
<div class="product"><a href="https://www.amazon.com/dp/B0BVBZPX9B?tag=eloabder-20&linkCode=osi&th=1&psc=1"><img src="https://m.media-amazon.com/images/I/61Y09jlKZkL._SL500_.jpg" alt="Product Image"></a><p>Dove Deep Moisture Body Wash 30.6 Fl Oz Pack of 3 with Pump, Luxurious Hydration for Dry Skin, Cleanser with 24hr Renewing MicroMoisture</p><p>$23.22 ($0.25 / Fl Oz)</p><a href="https://www.amazon.com/dp/B0BVBZPX9B?tag=eloabder-20&linkCode=osi&th=1&psc=1">View Product</a></div><div class="product"><a href="https://www.amazon.com/dp/B0BT1VXDGD?tag=eloabder-20&linkCode=osi&th=1&psc=1"><img src="https://m.media-amazon.com/images/I/217eAv7yKyL._SL500_.jpg" alt="Product Image"></a><p>Method Body Wash, Pure Peace, Paraben and Phthalate Free, Biodegradable Formula, 28 oz (Pack of 1)</p><p>$11.48 ($0.41 / Fl Oz)</p><a href="https://www.amazon.com/dp/B0BT1VXDGD?tag=eloabder-20&linkCode=osi&th=1&psc=1">View Product</a></div><div class="product"><a href="https://www.amazon.com/dp/B0BVBYQGTW?tag=eloabder-20&linkCode=osi&th=1&psc=1"><img src="https://m.media-amazon.com/images/I/61En44WjwPL._SL500_.jpg" alt="Product Image"></a><p>Dove Body Wash with Pump Sensitive Skin 3 Count Hypoallergenic, Paraben-Free, Sulfate-Free, Cruelty-Free, Moisturizing Skin Cleanser Effectively Washes Away Bacteria While Nourishing Skin 30.6 oz</p><p>$23.22 ($0.25 / Fl Oz)</p><a href="https://www.amazon.com/dp/B0BVBYQGTW?tag=eloabder-20&linkCode=osi&th=1&psc=1">View Product</a></div><div class="product"><a href="https://www.amazon.com/dp/B0CGY5BLBW?tag=eloabder-20&linkCode=osi&th=1&psc=1"><img src="https://m.media-amazon.com/images/I/61X7MjVU6uL._SL500_.jpg" alt="Product Image"></a><p>Dove Exfoliating Body Wash Glow Recharge Energizes & illuminates skin 3% brightening serum with vitamin C 18.5 oz</p><p>$9.79 ($0.53 / Fl Oz)</p><a href="https://www.amazon.com/dp/B0CGY5BLBW?tag=eloabder-20&linkCode=osi&th=1&psc=1">View Product</a></div><div class="product"><a href="https://www.amazon.com/dp/B082QB23YG?tag=eloabder-20&linkCode=osi&th=1&psc=1"><img src="https://m.media-amazon.com/images/I/31QPAuuaLwL._SL500_.jpg" alt="Product Image"></a><p>NIVEA Refreshing White Peach and Jasmine Body Wash, Scented Body Wash with Nourishing Serum, Plant-Derived Oils, Essential Skin Lipids and Vitamins, 20 Fl Oz Bottle</p><p>$4.89 ($0.24 / Fl Oz)</p><a href="https://www.amazon.com/dp/B082QB23YG?tag=eloabder-20&linkCode=osi&th=1&psc=1">View Product</a></div><div class="product"><a href="https://www.amazon.com/dp/B0BHH1LBX2?tag=eloabder-20&linkCode=osi&th=1&psc=1"><img src="https://m.media-amazon.com/images/I/41aG-jLyOqL._SL500_.jpg" alt="Product Image"></a><p>Olay Ultra Rich Moisture Body Wash for Women, Deeply Nourishes, Vitamin B3 Complex, Clinically Proven, Shea Butter Scent, 22 fl oz (Pack of 4)</p><p>$26.95 ($0.31 / Fl Oz)</p><a href="https://www.amazon.com/dp/B0BHH1LBX2?tag=eloabder-20&linkCode=osi&th=1&psc=1">View Product</a></div><div class="product"><a href="https://www.amazon.com/dp/B0BVBYDTZ6?tag=eloabder-20&linkCode=osi&th=1&psc=1"><img src="https://m.media-amazon.com/images/I/61UbJzK8yIL._SL500_.jpg" alt="Product Image"></a><p>Dove Body Wash with Pump Refreshing Cucumber and Green Tea 3 Count Refreshes Skin Cleanser That Effectively Washes Away Bacteria While Nourishing Your Skin 30.6 oz</p><p>$29.91 ($0.33 / Fl Oz)</p><a href="https://www.amazon.com/dp/B0BVBYDTZ6?tag=eloabder-20&linkCode=osi&th=1&psc=1">View Product</a></div><div class="product"><a href="https://www.amazon.com/dp/B082QC2MCX?tag=eloabder-20&linkCode=osi&th=1&psc=1"><img src="https://m.media-amazon.com/images/I/31ohT5XH1TS._SL500_.jpg" alt="Product Image"></a><p>NIVEA Shea Butter Nourishing Body Wash, Moisturizing Body Wash with Nourishing Serum, Plant-Derived Oils, Essential Skin Lipids and Vitamins, 20 Fl Oz Bottle</p><p>$5.29 ($0.26 / Fl Oz)</p><a href="https://www.amazon.com/dp/B082QC2MCX?tag=eloabder-20&linkCode=osi&th=1&psc=1">View Product</a></div><div class="product"><a href="https://www.amazon.com/dp/B07FD24RTR?tag=eloabder-20&linkCode=osi&th=1&psc=1"><img src="https://m.media-amazon.com/images/I/31klAgInvXL._SL500_.jpg" alt="Product Image"></a><p>Aveeno Stress Relief Body Wash with Soothing Oat for Sensitive Skin, Lavender Body Wash to help you feel Calm and Relaxed, Sulfate-Free, 33 FL OZ</p><p>$13.48 ($0.41 / Fl Oz)</p><a href="https://www.amazon.com/dp/B07FD24RTR?tag=eloabder-20&linkCode=osi&th=1&psc=1">View Product</a></div><div class="product"><a href="https://www.amazon.com/dp/B082QBPDJC?tag=eloabder-20&linkCode=osi&th=1&psc=1"><img src="https://m.media-amazon.com/images/I/31tC4JDwHQL._SL500_.jpg" alt="Product Image"></a><p>NIVEA Coconut and Almond Milk Pampering Body Wash, Moisturizing Body Wash with Nourishing Serum, Plant-Derived Oils, Essential Skin Lipids and Vitamins, 20 Fl Oz Bottle</p><p>$4.99 ($0.25 / Fl Oz)</p><a href="https://www.amazon.com/dp/B082QBPDJC?tag=eloabder-20&linkCode=osi&th=1&psc=1">View Product</a></div>
<div class="product"><a href="https://www.amazon.com/dp/B0BNQWFWLF?tag=eloabder-20&linkCode=osi&th=1&psc=1"><img src="https://m.media-amazon.com/images/I/41trFLlJ04L._SL500_.jpg" alt="Product Image"></a><p>Neutrogena Rainbath Body Wash, Refreshing, Moisturizing Daily Body Cleanser and Shaving Gel with Clean Rinsing Lather, Original Scent, 32 fl. Oz</p><p>$15.98 ($0.50 / Fl Oz)</p><a href="https://www.amazon.com/dp/B0BNQWFWLF?tag=eloabder-20&linkCode=osi&th=1&psc=1">View Product</a></div><div class="product"><a href="https://www.amazon.com/dp/B0BT1WN3ZD?tag=eloabder-20&linkCode=osi&th=1&psc=1"><img src="https://m.media-amazon.com/images/I/21GMn0pFzCL._SL500_.jpg" alt="Product Image"></a><p>Method Body Wash, Sea + Surf, Paraben and Phthalate Free, Biodegradable Formula, 28 oz, (Pack of 1)</p><p>$11.48 ($0.41 / Fl Oz)</p><a href="https://www.amazon.com/dp/B0BT1WN3ZD?tag=eloabder-20&linkCode=osi&th=1&psc=1">View Product</a></div><div class="product"><a href="https://www.amazon.com/dp/B09M7SPFSJ?tag=eloabder-20&linkCode=osi&th=1&psc=1"><img src="https://m.media-amazon.com/images/I/31bOOl+IL6L._SL500_.jpg" alt="Product Image"></a><p>Ivory Mild & Gentle Body Wash, Original Scent, 35oz</p><p>$5.97 ($0.17 / Ounce)</p><a href="https://www.amazon.com/dp/B09M7SPFSJ?tag=eloabder-20&linkCode=osi&th=1&psc=1">View Product</a></div><div class="product"><a href="https://www.amazon.com/dp/B0CK4YS1SV?tag=eloabder-20&linkCode=osi&th=1&psc=1"><img src="https://m.media-amazon.com/images/I/518js3kBNfL._SL500_.jpg" alt="Product Image"></a><p>Dr Teal's Body Wash with Pure Epsom Salt, Relax & Relief with Eucalyptus & Spearmint, 24 fl oz (Pack of 2) (Packaging May Vary)</p><p>$11.74 ($0.24 / Fl Oz)</p><a href="https://www.amazon.com/dp/B0CK4YS1SV?tag=eloabder-20&linkCode=osi&th=1&psc=1">View Product</a></div><div class="product"><a href="https://www.amazon.com/dp/B0CNL19TQG?tag=eloabder-20&linkCode=osi&th=1&psc=1"><img src="https://m.media-amazon.com/images/I/61kqkkFXOkL._SL500_.jpg" alt="Product Image"></a><p>Dove Men+Care Body Wash Eucalyptus + Cedar Oil to Rebuild Skin in the Shower with Plant-Based Cleansers and Moisturizers 26 oz</p><p>$9.99 ($0.38 / Fl Oz)</p><a href="https://www.amazon.com/dp/B0CNL19TQG?tag=eloabder-20&linkCode=osi&th=1&psc=1">View Product</a></div><div class="product"><a href="https://www.amazon.com/dp/B01IMEJV5U?tag=eloabder-20&linkCode=osi&th=1&psc=1"><img src="https://m.media-amazon.com/images/I/41q8gXtf06S._SL500_.jpg" alt="Product Image"></a><p>OGX Extra Creamy + Coconut Miracle Oil Ultra Moisture Body Wash, 19.5 Fl Oz</p><p>$6.57 ($0.34 / Fl Oz)</p><a href="https://www.amazon.com/dp/B01IMEJV5U?tag=eloabder-20&linkCode=osi&th=1&psc=1">View Product</a></div>
<div class="product"><a href="https://www.amazon.com/dp/B00A8S6HM4?tag=eloabder-20&linkCode=osi&th=1&psc=1"><img src="https://m.media-amazon.com/images/I/31tIssP5CQL._SL500_.jpg" alt="Product Image"></a><p>Gold Bond Healing Hand Cream, 3 oz., With Aloe, Moisture That Lasts Through Handwashing</p><p>$3.97 ($1.32 / Ounce)</p><a href="https://www.amazon.com/dp/B00A8S6HM4?tag=eloabder-20&linkCode=osi&th=1&psc=1">View Product</a></div><div class="product"><a href="https://www.amazon.com/dp/B006UEOQ5K?tag=eloabder-20&linkCode=osi&th=1&psc=1"><img src="https://m.media-amazon.com/images/I/316StCvRHcL._SL500_.jpg" alt="Product Image"></a><p>L’Occitane Shea Butter Hand Cream 5.1 Oz: Nourishes Very Dry Hands, Protects Skin, With 20% Organic Shea Butter, Vegan, 1 Sold Every 3 Seconds*</p><p>$27.00</p><a href="https://www.amazon.com/dp/B006UEOQ5K?tag=eloabder-20&linkCode=osi&th=1&psc=1">View Product</a></div><div class="product"><a href="https://www.amazon.com/dp/B00EYOSA9G?tag=eloabder-20&linkCode=osi&th=1&psc=1"><img src="https://m.media-amazon.com/images/I/41bhc+gcG0L._SL500_.jpg" alt="Product Image"></a><p>La Roche-Posay Cicaplast Hand Cream, Instant Relief Moisturizing Dry Hands Shea Butter Lotion for Dry Cracked Hands, Non Greasy, Fragrance Free, 1.69 Fl Oz (Pack of 1)</p><p>$11.99 ($7.05 / Fl Oz)</p><a href="https://www.amazon.com/dp/B00EYOSA9G?tag=eloabder-20&linkCode=osi&th=1&psc=1">View Product</a></div><div class="product"><a href="https://www.amazon.com/dp/B00BN2UF54?tag=eloabder-20&linkCode=osi&th=1&psc=1"><img src="https://m.media-amazon.com/images/I/41JdUlyNn5L._SL500_.jpg" alt="Product Image"></a><p>CeraVe Therapeutic Hand Cream for Dry Cracked Hands With Hyaluronic Acid and Niacinamide | Fragrance Free 3 Ounce</p><p>$10.47 ($3.49 / Ounce)</p><a href="https://www.amazon.com/dp/B00BN2UF54?tag=eloabder-20&linkCode=osi&th=1&psc=1">View Product</a></div><div class="product"><a href="https://www.amazon.com/dp/B09QP658PT?tag=eloabder-20&linkCode=osi&th=1&psc=1"><img src="https://m.media-amazon.com/images/I/31W-klVFPhL._SL500_.jpg" alt="Product Image"></a><p>eos Shea Better Hand Cream - Vanilla Cashmere | Instant Hydration + Lasting Protection | 2.5 oz</p><p>$3.97 ($1.59 / Fl Oz)</p><a href="https://www.amazon.com/dp/B09QP658PT?tag=eloabder-20&linkCode=osi&th=1&psc=1">View Product</a></div><div class="product"><a href="https://www.amazon.com/dp/B00121UVU0?tag=eloabder-20&linkCode=osi&th=1&psc=1"><img src="https://m.media-amazon.com/images/I/41eeed+P5BL._SL500_.jpg" alt="Product Image"></a><p>O'Keeffe's Working Hands Hand Cream for Extremely Dry, Cracked Hands, 3.4 Ounce Jar, (Pack 1)</p><p>$8.48 ($2.49 / Ounce)</p><a href="https://www.amazon.com/dp/B00121UVU0?tag=eloabder-20&linkCode=osi&th=1&psc=1">View Product</a></div><div class="product"><a href="https://www.amazon.com/dp/B0148PKYXU?tag=eloabder-20&linkCode=osi&th=1&psc=1"><img src="https://m.media-amazon.com/images/I/41cwut0DGKL._SL500_.jpg" alt="Product Image"></a><p>O'Keeffe's Working Hands Hand Cream, Relieves and Repairs Extremely Dry Hands, 3 oz Tube, (Pack of 2)</p><p>$15.17 ($2.53 / Ounce)</p><a href="https://www.amazon.com/dp/B0148PKYXU?tag=eloabder-20&linkCode=osi&th=1&psc=1">View Product</a></div><div class="product"><a href="https://www.amazon.com/dp/B08Q1B7DVZ?tag=eloabder-20&linkCode=osi&th=1&psc=1"><img src="https://m.media-amazon.com/images/I/41KbVXj2k4L._SL500_.jpg" alt="Product Image"></a><p>Neutrogena Norwegian Formula Moisturizing Hand Cream Formulated with Glycerin for Dry, Rough Hands, Fragrance-Free Intensive Hand Lotion, 2 oz, Pack of 6</p><p>$32.94 ($2.74 / Ounce)</p><a href="https://www.amazon.com/dp/B08Q1B7DVZ?tag=eloabder-20&linkCode=osi&th=1&psc=1">View Product</a></div><div class="product"><a href="https://www.amazon.com/dp/B002PK0ROM?tag=eloabder-20&linkCode=osi&th=1&psc=1"><img src="https://m.media-amazon.com/images/I/51ACxQvzcbL._SL500_.jpg" alt="Product Image"></a><p>Burt's Bees Almond & Milk Hand Cream, 2 Oz (Package May Vary)</p><p>$8.84 ($4.42 / Ounce)</p><a href="https://www.amazon.com/dp/B002PK0ROM?tag=eloabder-20&linkCode=osi&th=1&psc=1">View Product</a></div><div class="product"><a href="https://www.amazon.com/dp/B09YYZWSSY?tag=eloabder-20&linkCode=osi&th=1&psc=1"><img src="https://m.media-amazon.com/images/I/31iud1lgyFL._SL500_.jpg" alt="Product Image"></a><p>Gold Bond Age Renew Crepe Corrector Hand Cream, Replenishing & Smoothing Formula, 3 oz.</p><p>$5.98 ($1.99 / Ounce)</p><a href="https://www.amazon.com/dp/B09YYZWSSY?tag=eloabder-20&linkCode=osi&th=1&psc=1">View Product</a></div>
<div class="product"><a href="https://www.amazon.com/dp/B0002QB9NE?tag=eloabder-20&linkCode=osi&th=1&psc=1"><img src="https://m.media-amazon.com/images/I/416vf0q0uqL._SL500_.jpg" alt="Product Image"></a><p>O'Keeffe's for Healthy Feet Foot Cream, Guaranteed Relief for Extremely Dry, Cracked Feet, Instantly Boosts Moisture Levels, 3.2 Ounce Jar, (Pack of 1)</p><p>$9.01 ($2.82 / Ounce)</p><a href="https://www.amazon.com/dp/B0002QB9NE?tag=eloabder-20&linkCode=osi&th=1&psc=1">View Product</a></div><div class="product"><a href="https://www.amazon.com/dp/B082TSRP9J?tag=eloabder-20&linkCode=osi&th=1&psc=1"><img src="https://m.media-amazon.com/images/I/51coMhCd1ML._SL500_.jpg" alt="Product Image"></a><p>Ebanel Urea Cream 40% plus Salicylic Acid 2%, Foot Cream for Dry Cracked Heels Feet Knees Elbows Hands, Foot Dead Skin Cuticle Callus Remover Toenail Softener, Keratolytic Skin Barrier Repair Cream</p><p>$15.95 ($3.47 / Ounce)</p><a href="https://www.amazon.com/dp/B082TSRP9J?tag=eloabder-20&linkCode=osi&th=1&psc=1">View Product</a></div><div class="product"><a href="https://www.amazon.com/dp/B08YZBKZPB?tag=eloabder-20&linkCode=osi&th=1&psc=1"><img src="https://m.media-amazon.com/images/I/41ktbxpRfPL._SL500_.jpg" alt="Product Image"></a><p>Dr. Scholl's Dry, Cracked Foot Repair Ultra-Hydrating Foot Cream Moisturizer, 3.5 oz, Skin Care Foot Lotion with 25% Urea for Dry Cracked Feet, Heals and Moisturizes for Healthy Feet</p><p>$5.89 ($1.68 / Ounce)</p><a href="https://www.amazon.com/dp/B08YZBKZPB?tag=eloabder-20&linkCode=osi&th=1&psc=1">View Product</a></div><div class="product"><a href="https://www.amazon.com/dp/B0859JFWDT?tag=eloabder-20&linkCode=osi&th=1&psc=1"><img src="https://m.media-amazon.com/images/I/51JZjw73KSL._SL500_.jpg" alt="Product Image"></a><p>New York Biology Tea Tree Oil Foot Cream for Dry Cracked Feet, Athletes Foot, Nail Fungus, Jock Itch, Ringworm, Cracked Heels and Itchy Skin - Foot Cream - 8 oz</p><p>$9.99 ($1.25 / Ounce)</p><a href="https://www.amazon.com/dp/B0859JFWDT?tag=eloabder-20&linkCode=osi&th=1&psc=1">View Product</a></div><div class="product"><a href="https://www.amazon.com/dp/B09854CPGD?tag=eloabder-20&linkCode=osi&th=1&psc=1"><img src="https://m.media-amazon.com/images/I/31CmRbfOBBL._SL500_.jpg" alt="Product Image"></a><p>OUKEYA Urea Cream 40 Percent, Urea Foot & Hand Cream for Dry Cracked, 40 per Urea Lotion for Feet Maximum Strength</p><p>$9.59 ($1.81 / Ounce)</p><a href="https://www.amazon.com/dp/B09854CPGD?tag=eloabder-20&linkCode=osi&th=1&psc=1">View Product</a></div><div class="product"><a href="https://www.amazon.com/dp/B0081C2I22?tag=eloabder-20&linkCode=osi&th=1&psc=1"><img src="https://m.media-amazon.com/images/I/41f3N9+RSFL._SL500_.jpg" alt="Product Image"></a><p>Palmer's Cocoa Butter Formula Foot Magic Moisturizing Foot Cream for Dry, Cracked Heels, Feet Moisturizer with Peppermint Oil & Vitamin E, 2.1 Ounces</p><p>$4.22 ($2.01 / Ounce)</p><a href="https://www.amazon.com/dp/B0081C2I22?tag=eloabder-20&linkCode=osi&th=1&psc=1">View Product</a></div><div class="product"><a href="https://www.amazon.com/dp/B072VSYFNY?tag=eloabder-20&linkCode=osi&th=1&psc=1"><img src="https://m.media-amazon.com/images/I/41mzQGUdFmL._SL500_.jpg" alt="Product Image"></a><p>O'Keeffe's Healthy Feet Intense Renewal Cream with Alpha Hydroxy Acid, Softens and Exfoliates Extremely Dry, Callused Feet, 3oz Tube (Pack of 1)</p><p>$8.77 ($2.92 / Ounce)</p><a href="https://www.amazon.com/dp/B072VSYFNY?tag=eloabder-20&linkCode=osi&th=1&psc=1">View Product</a></div><div class="product"><a href="https://www.amazon.com/dp/B087N7QYN1?tag=eloabder-20&linkCode=osi&th=1&psc=1"><img src="https://m.media-amazon.com/images/I/41AOHWv5UaL._SL500_.jpg" alt="Product Image"></a><p>O'Keeffe's for Healthy Feet Foot Cream, Guaranteed Relief for Extremely Dry, Cracked Feet, Instantly Boosts Moisture Levels, 6.4 Ounce Jar, Value Size, (Pack of 1)</p><p>$15.09 ($2.36 / Ounce)</p><a href="https://www.amazon.com/dp/B087N7QYN1?tag=eloabder-20&linkCode=osi&th=1&psc=1">View Product</a></div><div class="product"><a href="https://www.amazon.com/dp/B07CKKQWSN?tag=eloabder-20&linkCode=osi&th=1&psc=1"><img src="https://m.media-amazon.com/images/I/513WcwplzkL._SL500_.jpg" alt="Product Image"></a><p>Profoot Heel Rescue Foot Cream 16 Ounce Bottle, 2 Pack, for Cracked, Calloused or Chapped Skin</p><p>$13.92 ($0.44 / Ounce)</p><a href="https://www.amazon.com/dp/B07CKKQWSN?tag=eloabder-20&linkCode=osi&th=1&psc=1">View Product</a></div>
<div class="product"><a href="https://www.amazon.com/dp/B0CS2XBMG5?tag=eloabder-20&linkCode=osi&th=1&psc=1"><img src="https://m.media-amazon.com/images/I/41SVGjvtkXL._SL500_.jpg" alt="Product Image"></a><p>SAVILAND Natural Cuticle Oil Pen: 12PCS Revitalizing Cuticle Oil for Nails with Vitamin E For Repair Cuticles Overnight Cuticle Softener Nail Strengthener Protector for Damaged Skin Thin Nail</p><p>$9.99 ($9.99 / Fl Oz)</p><a href="https://www.amazon.com/dp/B0CS2XBMG5?tag=eloabder-20&linkCode=osi&th=1&psc=1">View Product</a></div><div class="product"><a href="https://www.amazon.com/dp/B0037MIMLW?tag=eloabder-20&linkCode=osi&th=1&psc=1"><img src="https://m.media-amazon.com/images/I/41M3z8vrUzL._SL500_.jpg" alt="Product Image"></a><p>CND SolarOil Cuticle Oil, Natural Blend Of Jojoba, Vitamin E, Rice Bran and Sweet Almond Oils, Moisturizes and Conditions Skin, Pack Of 1, 0.25 oz.</p><p>$9.90 ($49.50 / Fl Oz)</p><a href="https://www.amazon.com/dp/B0037MIMLW?tag=eloabder-20&linkCode=osi&th=1&psc=1">View Product</a></div><div class="product"><a href="https://www.amazon.com/dp/B09K3VX6XB?tag=eloabder-20&linkCode=osi&th=1&psc=1"><img src="https://m.media-amazon.com/images/I/41KQk0SauIL._SL500_.jpg" alt="Product Image"></a><p>modelones Cuticle Oil for Nails 15ml Natural Nail Oil for Growth and Strength Damaged Nails Vitamin E Revitalizing Essential Oils Cuticle Care</p><p>$8.99 ($17.63 / Fl Oz)</p><a href="https://www.amazon.com/dp/B09K3VX6XB?tag=eloabder-20&linkCode=osi&th=1&psc=1">View Product</a></div><div class="product"><a href="https://www.amazon.com/dp/B072C4GT6P?tag=eloabder-20&linkCode=osi&th=1&psc=1"><img src="https://m.media-amazon.com/images/I/31AcTRIcNCL._SL500_.jpg" alt="Product Image"></a><p>OPI ProSpa Nail and Cuticle Oil To Go, 0.25 fl oz</p><p>$11.49 ($45.96 / Fl Oz)</p><a href="https://www.amazon.com/dp/B072C4GT6P?tag=eloabder-20&linkCode=osi&th=1&psc=1">View Product</a></div><div class="product"><a href="https://www.amazon.com/dp/B0725XWF6R?tag=eloabder-20&linkCode=osi&th=1&psc=1"><img src="https://m.media-amazon.com/images/I/3167QE6enxL._SL500_.jpg" alt="Product Image"></a><p>OPI ProSpa Nail and Cuticle Oil, 0.29 fl oz</p><p>$10.82 ($37.31 / Fl Oz)</p><a href="https://www.amazon.com/dp/B0725XWF6R?tag=eloabder-20&linkCode=osi&th=1&psc=1">View Product</a></div><div class="product"><a href="https://www.amazon.com/dp/B0CN65Q5LD?tag=eloabder-20&linkCode=osi&th=1&psc=1"><img src="https://m.media-amazon.com/images/I/41ixcyjMHNL._SL500_.jpg" alt="Product Image"></a><p>NXJ INFILILA Cuticle Oil Bulk 3.3 Fl Oz, 100Pcs Mini Cuticle Oil for Nails, Hydrating Cuticle Care Product Ttravel Size for Repaired Cuticles Overnight, Cuticle Repair and Nail Care (Milk & Honey)</p><p>$9.99 ($0.10 / Count)</p><a href="https://www.amazon.com/dp/B0CN65Q5LD?tag=eloabder-20&linkCode=osi&th=1&psc=1">View Product</a></div><div class="product"><a href="https://www.amazon.com/dp/B0B29JZ5KL?tag=eloabder-20&linkCode=osi&th=1&psc=1"><img src="https://m.media-amazon.com/images/I/41c+VvEUnZL._SL500_.jpg" alt="Product Image"></a><p>C CARE Lavender and chamomile Cuticle Oil For Nails - Repairs Cuticles Overnight - Moisturizes and Strengthens Nails and Cuticles - Dropper & Brush included - 2.5oz</p><p>$9.99 ($4.00 / Fl Oz)</p><a href="https://www.amazon.com/dp/B0B29JZ5KL?tag=eloabder-20&linkCode=osi&th=1&psc=1">View Product</a></div>
<div class="product"><a href="https://www.amazon.com/dp/B0CMHSNYG8?tag=eloabder-20&linkCode=osi&th=1&psc=1"><img src="https://m.media-amazon.com/images/I/51iVcKQ6eIL._SL500_.jpg" alt="Product Image"></a><p>JODSONE Gel Nail Set 20 Colors High Shine Gorgeous Gel Polish Base Top Matte Coat Nice Gifts Show Charm</p><p>$19.99</p><a href="https://www.amazon.com/dp/B0CMHSNYG8?tag=eloabder-20&linkCode=osi&th=1&psc=1">View Product</a></div><div class="product"><a href="https://www.amazon.com/dp/B09KC56289?tag=eloabder-20&linkCode=osi&th=1&psc=1"><img src="https://m.media-amazon.com/images/I/51M-P1nM7QL._SL500_.jpg" alt="Product Image"></a><p>JODSONE 36 PCS Gel Nail Polish Set-32 Colors Gel Polish Kit Base Coat Glossy Matte and Glitter Top Coat Nail Polish Set Green Blue Red Pink Collection Gifts for Women</p><p>$25.99</p><a href="https://www.amazon.com/dp/B09KC56289?tag=eloabder-20&linkCode=osi&th=1&psc=1">View Product</a></div><div class="product"><a href="https://www.amazon.com/dp/B0987JZSP8?tag=eloabder-20&linkCode=osi&th=1&psc=1"><img src="https://m.media-amazon.com/images/I/31VZYZfCKbL._SL500_.jpg" alt="Product Image"></a><p>OPI Nature Strong Vegan Nail Polish, Knowledge is Flower, Pink Nail Polish, Natural Origin, Cruelty-Free Nail Lacquer, 0.5 fl oz.</p><p>$12.99 ($25.98 / Fl Oz)</p><a href="https://www.amazon.com/dp/B0987JZSP8?tag=eloabder-20&linkCode=osi&th=1&psc=1">View Product</a></div><div class="product"><a href="https://www.amazon.com/dp/B00GXVVDG0?tag=eloabder-20&linkCode=osi&th=1&psc=1"><img src="https://m.media-amazon.com/images/I/21vF-y2FfJL._SL500_.jpg" alt="Product Image"></a><p>Essie Nail Polish, Salon-Quality, 8-free Vegan, Finish, Mademoiselle, 0.46 Ounces (Packaging May Vary) Sheer Pink</p><p>$8.97</p><a href="https://www.amazon.com/dp/B00GXVVDG0?tag=eloabder-20&linkCode=osi&th=1&psc=1">View Product</a></div><div class="product"><a href="https://www.amazon.com/dp/B00149RO2S?tag=eloabder-20&linkCode=osi&th=1&psc=1"><img src="https://m.media-amazon.com/images/I/411K8WtBjML._SL500_.jpg" alt="Product Image"></a><p>OPI Nail Lacquer, Black Cherry Chutney, Red Nail Polish, 0.5 fl oz</p><p>$11.99 ($23.98 / Fl Oz)</p><a href="https://www.amazon.com/dp/B00149RO2S?tag=eloabder-20&linkCode=osi&th=1&psc=1">View Product</a></div>
<div class="product"><a href="https://www.amazon.com/dp/B07TLZDSWR?tag=eloabder-20&linkCode=osi&th=1&psc=1"><img src="https://m.media-amazon.com/images/I/31lsbbYkXFL._SL500_.jpg" alt="Product Image"></a><p>Pronto 100% Pure Acetone - Quick, Professional Nail Polish Remover - For Natural, Gel, Acrylic, Sculptured Nails (8 FL. OZ.)</p><p>$9.99 ($1.25 / Fl Oz)</p><a href="https://www.amazon.com/dp/B07TLZDSWR?tag=eloabder-20&linkCode=osi&th=1&psc=1">View Product</a></div><div class="product"><a href="https://www.amazon.com/dp/B08N2XBP1D?tag=eloabder-20&linkCode=osi&th=1&psc=1"><img src="https://m.media-amazon.com/images/I/41SDa89WDxL._SL500_.jpg" alt="Product Image"></a><p>Mineral Fusion Nail Polish Remover, 6 fl oz, 2 count</p><p>$16.50</p><a href="https://www.amazon.com/dp/B08N2XBP1D?tag=eloabder-20&linkCode=osi&th=1&psc=1">View Product</a></div><div class="product"><a href="https://www.amazon.com/dp/B004KJ7AGE?tag=eloabder-20&linkCode=osi&th=1&psc=1"><img src="https://m.media-amazon.com/images/I/41jL3jJJEEL._SL500_.jpg" alt="Product Image"></a><p>Super Nail Pure Acetone Polish Remover, 8 Fl Oz</p><p>$6.25</p><a href="https://www.amazon.com/dp/B004KJ7AGE?tag=eloabder-20&linkCode=osi&th=1&psc=1">View Product</a></div><div class="product"><a href="https://www.amazon.com/dp/B0CQLWZGQC?tag=eloabder-20&linkCode=osi&th=1&psc=1"><img src="https://m.media-amazon.com/images/I/51RNLfN+X4L._SL500_.jpg" alt="Product Image"></a><p>Morovan Gel Nail Polish Remover Kit: Gel Polish Remover for Nails with Liquid Latex Tape Peel off Nail Strengthener Cuticle Pusher Quick & Easy Gel Remover for Nails in 3-5 mins No Soaking Or Wrapping</p><p>$9.99</p><a href="https://www.amazon.com/dp/B0CQLWZGQC?tag=eloabder-20&linkCode=osi&th=1&psc=1">View Product</a></div><div class="product"><a href="https://www.amazon.com/dp/B09Z2V94LY?tag=eloabder-20&linkCode=osi&th=1&psc=1"><img src="https://m.media-amazon.com/images/I/41aI3wwnE3L._SL500_.jpg" alt="Product Image"></a><p>Gel Nail Polish Remover 1pcs, Professional Gel Polish Remover for Nails, No Need for Foil, Quick & Easy Polish Remover In 2-3 Minutes, No Need Soaking Or Wrapping-15ml</p><p>$9.99</p><a href="https://www.amazon.com/dp/B09Z2V94LY?tag=eloabder-20&linkCode=osi&th=1&psc=1">View Product</a></div><div class="product"><a href="https://www.amazon.com/dp/B07STW4VR3?tag=eloabder-20&linkCode=osi&th=1&psc=1"><img src="https://m.media-amazon.com/images/I/41H-8Xsu7OL._SL500_.jpg" alt="Product Image"></a><p>Butter LONDON Nail Polish Remover Pads, Nail Scrubbers (10 Count) - 2-in-1 Prep & Lacquer Remover Nail Wipes - Travel-Friendly Gel Fingernail Polish Remover - Cruelty-Free, Paraben-Free & Gluten-Free</p><p>$10.00 ($1.00 / Count)</p><a href="https://www.amazon.com/dp/B07STW4VR3?tag=eloabder-20&linkCode=osi&th=1&psc=1">View Product</a></div><div class="product"><a href="https://www.amazon.com/dp/B001DTZK0C?tag=eloabder-20&linkCode=osi&th=1&psc=1"><img src="https://m.media-amazon.com/images/I/31H2xmoYh2L._SL500_.jpg" alt="Product Image"></a><p>ZOYA Remove Plus 3 in 1 Formula - Liquid Polish Remover, Nail Cleaner, Nail Prep, 8 Fl Oz</p><p>$12.00 ($1.50 / Fl Oz)</p><a href="https://www.amazon.com/dp/B001DTZK0C?tag=eloabder-20&linkCode=osi&th=1&psc=1">View Product</a></div>
<div class="product"><a href="https://www.amazon.com/dp/B07F12SZDS?tag=eloabder-20&linkCode=osi&th=1&psc=1"><img src="https://m.media-amazon.com/images/I/415-o2OwWqL._SL500_.jpg" alt="Product Image"></a><p>Beetles 2 Pcs 15ml No Wipe Gel Top Coat and Base Coat Set - Shine Finish and Long Lasting, Soak Off LED Nail Lamp Gel Base Top Coat Finish Nail Art Design Manicure Gifts for Women</p><p>$7.99</p><a href="https://www.amazon.com/dp/B07F12SZDS?tag=eloabder-20&linkCode=osi&th=1&psc=1">View Product</a></div><div class="product"><a href="https://www.amazon.com/dp/B004220C6E?tag=eloabder-20&linkCode=osi&th=1&psc=1"><img src="https://m.media-amazon.com/images/I/41UDx4gfvEL._SL500_.jpg" alt="Product Image"></a><p>OPI Natural Nail Base Coat, Nail Polish Base Coat, 0.5 fl oz</p><p>$11.99 ($23.98 / Fl Oz)</p><a href="https://www.amazon.com/dp/B004220C6E?tag=eloabder-20&linkCode=osi&th=1&psc=1">View Product</a></div><div class="product"><a href="https://www.amazon.com/dp/B07KYNY7C4?tag=eloabder-20&linkCode=osi&th=1&psc=1"><img src="https://m.media-amazon.com/images/I/41nRG35oupL._SL500_.jpg" alt="Product Image"></a><p>essie nail care, vegan, clear base coat, strengthener, Strong Start, 0.46 fl oz</p><p>$9.28</p><a href="https://www.amazon.com/dp/B07KYNY7C4?tag=eloabder-20&linkCode=osi&th=1&psc=1">View Product</a></div><div class="product"><a href="https://www.amazon.com/dp/B0BX77172B?tag=eloabder-20&linkCode=osi&th=1&psc=1"><img src="https://m.media-amazon.com/images/I/41NS6hYFFYL._SL500_.jpg" alt="Product Image"></a><p>beetles Gel Polish Gel No Wipe Base Coat,15ml for Gel Nail Polish Soak Off LED Nail Lamp Gel Base Coat Upgraded Formula Long-Lasting DIY Home and Nail Salon</p><p>$6.99 ($13.71 / Fl Oz)</p><a href="https://www.amazon.com/dp/B0BX77172B?tag=eloabder-20&linkCode=osi&th=1&psc=1">View Product</a></div><div class="product"><a href="https://www.amazon.com/dp/B0BD4MMFVM?tag=eloabder-20&linkCode=osi&th=1&psc=1"><img src="https://m.media-amazon.com/images/I/414wIShbm+L._SL500_.jpg" alt="Product Image"></a><p>GAOY 16ml 2 Pcs Glassy Gel Top Coat and Base Coat Set,No Wipe Foundation Combination for UV Light Cure Nail Polish</p><p>$6.99</p><a href="https://www.amazon.com/dp/B0BD4MMFVM?tag=eloabder-20&linkCode=osi&th=1&psc=1">View Product</a></div><div class="product"><a href="https://www.amazon.com/dp/B08Z7JSXQ1?tag=eloabder-20&linkCode=osi&th=1&psc=1"><img src="https://m.media-amazon.com/images/I/41+02CKnU7L._SL500_.jpg" alt="Product Image"></a><p>modelones 2024 Upgrade Super Shiny Gel Top Coat, 15ml No Wipe Clear Glossy Gel Base and Top Coat Set, Soak Off Nail Lamp Acid Free Base Top Gel Nail Polish Starter Kit</p><p>$6.35</p><a href="https://www.amazon.com/dp/B08Z7JSXQ1?tag=eloabder-20&linkCode=osi&th=1&psc=1">View Product</a></div><div class="product"><a href="https://www.amazon.com/dp/B00770JW9Q?tag=eloabder-20&linkCode=osi&th=1&psc=1"><img src="https://m.media-amazon.com/images/I/41l5O38NktL._SL500_.jpg" alt="Product Image"></a><p>Seche Clear and Seche Vite, Base Coat and Top Coat for Nail Polish</p><p>$9.99</p><a href="https://www.amazon.com/dp/B00770JW9Q?tag=eloabder-20&linkCode=osi&th=1&psc=1">View Product</a></div><div class="product"><a href="https://www.amazon.com/dp/B07FXR67KP?tag=eloabder-20&linkCode=osi&th=1&psc=1"><img src="https://m.media-amazon.com/images/I/41TDlHtLVPL._SL500_.jpg" alt="Product Image"></a><p>Vishine 15ml No Wipe Top Coat Base Coat Soak off UV LED Drying Long Lasting Shiny Nail Varnish Set</p><p>$8.99</p><a href="https://www.amazon.com/dp/B07FXR67KP?tag=eloabder-20&linkCode=osi&th=1&psc=1">View Product</a></div><div class="product"><a href="https://www.amazon.com/dp/B000VUT39S?tag=eloabder-20&linkCode=osi&th=1&psc=1"><img src="https://m.media-amazon.com/images/I/31XB8+yUKnL._SL500_.jpg" alt="Product Image"></a><p>Orly Base Nail Coat, Bonder, 0.6 Ounce</p><p>$8.00 ($13.33 / Fl Oz)</p><a href="https://www.amazon.com/dp/B000VUT39S?tag=eloabder-20&linkCode=osi&th=1&psc=1">View Product</a></div>
<div class="product"><a href="https://www.amazon.com/dp/B08VZ6VSJ5?tag=eloabder-20&linkCode=osi&th=1&psc=1"><img src="https://m.media-amazon.com/images/I/317piUMa1pL._SL500_.jpg" alt="Product Image"></a><p>KUPA GelFinity - Soak Off Gel - Top Coat Glossy Finish (No-Wipe) 0.5 Fl Oz</p><p>$7.79 ($15.58 / Fl Oz)</p><a href="https://www.amazon.com/dp/B08VZ6VSJ5?tag=eloabder-20&linkCode=osi&th=1&psc=1">View Product</a></div><div class="product"><a href="https://www.amazon.com/dp/B0CHBB9S4J?tag=eloabder-20&linkCode=osi&th=1&psc=1"><img src="https://m.media-amazon.com/images/I/41qRu1votRL._SL500_.jpg" alt="Product Image"></a><p>beetles Gel Polish 2Pcs 15ml No Wipe Top Coat High Gloss Shiny Long-Lasting Clear Gel Top Coat, Soak Off Nail Lamp Nail Gel, Home DIY Professional Manicure and Nail Salon</p><p>$9.98 ($9.78 / Fl Oz)</p><a href="https://www.amazon.com/dp/B0CHBB9S4J?tag=eloabder-20&linkCode=osi&th=1&psc=1">View Product</a></div><div class="product"><a href="https://www.amazon.com/dp/B07FG7ZVFF?tag=eloabder-20&linkCode=osi&th=1&psc=1"><img src="https://m.media-amazon.com/images/I/41zWBPeG5RL._SL500_.jpg" alt="Product Image"></a><p>beetles Gel Polish No Wipe Gel Top Coat - Clear Color Gel Shine Finish and Long Lasting, Soak Off Nail Lamp Gel, 15ml Gift for Girls</p><p>$6.99 ($13.71 / Fl Oz)</p><a href="https://www.amazon.com/dp/B07FG7ZVFF?tag=eloabder-20&linkCode=osi&th=1&psc=1">View Product</a></div><div class="product"><a href="https://www.amazon.com/dp/B08J9WZB29?tag=eloabder-20&linkCode=osi&th=1&psc=1"><img src="https://m.media-amazon.com/images/I/31WQqYx1BLL._SL500_.jpg" alt="Product Image"></a><p>Vishine Top Coat- 15ML No Wipe Top Coat Gel Nail Polish High Gloss Shine Finish Long Lasting Home DIY Professional Manicure</p><p>$6.99 ($13.98 / Fl Oz)</p><a href="https://www.amazon.com/dp/B08J9WZB29?tag=eloabder-20&linkCode=osi&th=1&psc=1">View Product</a></div><div class="product"><a href="https://www.amazon.com/dp/B00178VX50?tag=eloabder-20&linkCode=osi&th=1&psc=1"><img src="https://m.media-amazon.com/images/I/31MWdGSTydL._SL500_.jpg" alt="Product Image"></a><p>OPI Top Coat, Protective High Gloss Shine Nail Polish Top Coat, 0.5 fl oz</p><p>$11.99 ($0.80 / millilitre)</p><a href="https://www.amazon.com/dp/B00178VX50?tag=eloabder-20&linkCode=osi&th=1&psc=1">View Product</a></div><div class="product"><a href="https://www.amazon.com/dp/B00150LT40?tag=eloabder-20&linkCode=osi&th=1&psc=1"><img src="https://m.media-amazon.com/images/I/410pKBFvS9L._SL500_.jpg" alt="Product Image"></a><p>Seche Vite Dry Fast Top Coat - .5 fl oz</p><p>$7.05</p><a href="https://www.amazon.com/dp/B00150LT40?tag=eloabder-20&linkCode=osi&th=1&psc=1">View Product</a></div>
<div class="product"><a href="https://www.amazon.com/dp/B000052WZD?tag=eloabder-20&linkCode=osi&th=1&psc=1"><img src="https://m.media-amazon.com/images/I/31neIP1eUnL._SL500_.jpg" alt="Product Image"></a><p>Trim Nail Files, 2 Count – Dual-Sided Nail Board with 280/320 Grit – Cushioned, Easy Grip for Comfortable Use – Emery Boards for Smoothing & Finishing Nails</p><p>$1.89 ($0.94 / Count)</p><a href="https://www.amazon.com/dp/B000052WZD?tag=eloabder-20&linkCode=osi&th=1&psc=1">View Product</a></div><div class="product"><a href="https://www.amazon.com/dp/B007242LWC?tag=eloabder-20&linkCode=osi&th=1&psc=1"><img src="https://m.media-amazon.com/images/I/41+E1EwskpS._SL500_.jpg" alt="Product Image"></a><p>3 Swords Germany - Brand Quality Double Sided (fine & coarse) Sapphire Metal Pocket Nail File (1 Piece), Made in Solingen Germany</p><p>$9.95</p><a href="https://www.amazon.com/dp/B007242LWC?tag=eloabder-20&linkCode=osi&th=1&psc=1">View Product</a></div><div class="product"><a href="https://www.amazon.com/dp/B0017KCQ2W?tag=eloabder-20&linkCode=osi&th=1&psc=1"><img src="https://m.media-amazon.com/images/I/21bzfUjSMwL._SL500_.jpg" alt="Product Image"></a><p>Revlon Nail Buffer, Gifts for Women, Stocking Stuffers, Shape 'N' Buff Nail File & Buffer, Nail Care Tool, All-in-One Shaping & Buffing, Easy to Use (Pack of 1)</p><p>$3.76</p><a href="https://www.amazon.com/dp/B0017KCQ2W?tag=eloabder-20&linkCode=osi&th=1&psc=1">View Product</a></div>
<div class="product"><a href="https://www.amazon.com/dp/B07M5RNH4Z?tag=eloabder-20&linkCode=osi&th=1&psc=1"><img src="https://m.media-amazon.com/images/I/41VsLZvsbKL._SL500_.jpg" alt="Product Image"></a><p>HAWATOUR Nail Clippers Set, Ultra Sharp Sturdy Fingernail and Toenail Clipper Cutters with Visibly Tin Case, Black</p><p>$9.97</p><a href="https://www.amazon.com/dp/B07M5RNH4Z?tag=eloabder-20&linkCode=osi&th=1&psc=1">View Product</a></div><div class="product"><a href="https://www.amazon.com/dp/B0015HKN3G?tag=eloabder-20&linkCode=osi&th=1&psc=1"><img src="https://m.media-amazon.com/images/I/31Y23jebqxL._SL500_.jpg" alt="Product Image"></a><p>Revlon Nail Clipper, Gifts for Men & Women, Stocking Stuffers, Nail Care Tools, Curved Blade & Foldaway Nail File for Trimming & Grooming, Easy to Use (Pack of 1)</p><p>$2.98</p><a href="https://www.amazon.com/dp/B0015HKN3G?tag=eloabder-20&linkCode=osi&th=1&psc=1">View Product</a></div><div class="product"><a href="https://www.amazon.com/dp/B00CRMHEJE?tag=eloabder-20&linkCode=osi&th=1&psc=1"><img src="https://m.media-amazon.com/images/I/41UM1wHFbiL._SL500_.jpg" alt="Product Image"></a><p>Tweezerman Stainless Steel Nail Combo Set with Fingernail and Toenail Clippers</p><p>$11.98</p><a href="https://www.amazon.com/dp/B00CRMHEJE?tag=eloabder-20&linkCode=osi&th=1&psc=1">View Product</a></div><div class="product"><a href="https://www.amazon.com/dp/B09VPM99J8?tag=eloabder-20&linkCode=osi&th=1&psc=1"><img src="https://m.media-amazon.com/images/I/31t5pEdSClL._SL500_.jpg" alt="Product Image"></a><p>Amazon Basics Nail Clippers 2-Pack, Black</p><p>$5.18</p><a href="https://www.amazon.com/dp/B09VPM99J8?tag=eloabder-20&linkCode=osi&th=1&psc=1">View Product</a></div><div class="product"><a href="https://www.amazon.com/dp/B004NZDY42?tag=eloabder-20&linkCode=osi&th=1&psc=1"><img src="https://m.media-amazon.com/images/I/31ehL-AtFBL._SL500_.jpg" alt="Product Image"></a><p>Revlon Mini Nail Clipper, Nail Care Tools, Curved Blade for Trimming & Grooming, Easy to Use (Pack of 1)</p><p>$2.98</p><a href="https://www.amazon.com/dp/B004NZDY42?tag=eloabder-20&linkCode=osi&th=1&psc=1">View Product</a></div>

<div class="product"><a href="https://www.amazon.com/dp/B0037O2J7I?tag=eloabder-20&linkCode=osi&th=1&psc=1"><img src="https://m.media-amazon.com/images/I/31fwHgXkJ7L._SL500_.jpg" alt="Product Image"></a><p>4 Way Shiny Block / 4 Step Buffing Block Shine Nail Buffer</p><p>$3.99 ($3.99 / Count)</p><a href="https://www.amazon.com/dp/B0037O2J7I?tag=eloabder-20&linkCode=osi&th=1&psc=1">View Product</a></div>

<div class="product"><a href="https://www.amazon.com/dp/B0BRRLF5N6?tag=eloabder-20&linkCode=osi&th=1&psc=1"><img src="https://m.media-amazon.com/images/I/51YW58bcDsL._SL500_.jpg" alt="Product Image"></a><p>Foot Soak Set Pedicure Kit Foot Spa Callus Remover for Feet Cuticle Remover Foot File for Dead Skin Pink Salt Urea Cream for Feet Aloe Lavender Pedicure Supplies Dry Cracked Feet for Women Men</p><p>$15.99</p><a href="https://www.amazon.com/dp/B0BRRLF5N6?tag=eloabder-20&linkCode=osi&th=1&psc=1">View Product</a></div><div class="product"><a href="https://www.amazon.com/dp/B09JWMBYJN?tag=eloabder-20&linkCode=osi&th=1&psc=1"><img src="https://m.media-amazon.com/images/I/51FgTeeSJKL._SL500_.jpg" alt="Product Image"></a><p>nbc BeautiLab Pedicure Kit Foot Soak Set: Bubble Salt, Sugar Scrub, Massage Mask, Massage Lotion in a Box, 4 Step Foot Spa Kit for Dry Feet, Softens Calluses, Tired Feet（3 Set Lavender)</p><p>$16.99 ($1.42 / Ounce)</p><a href="https://www.amazon.com/dp/B09JWMBYJN?tag=eloabder-20&linkCode=osi&th=1&psc=1">View Product</a></div>
<div class="product"><a href="https://www.amazon.com/dp/B07BHCB9Y2?tag=eloabder-20&linkCode=osi&th=1&psc=1"><img src="https://m.media-amazon.com/images/I/51V47D7WZ1L._SL500_.jpg" alt="Product Image"></a><p>PURA D'OR Anti-Thinning Biotin Shampoo & Deep Moisturizing Conditioner Original Gold Label Set (16Oz x2) Natural Earthy Scent, Clinically Tested Proven Results, DHT Blocker Thickening, For Women & Men</p><p>$39.99 ($1.25 / Fl Oz)</p><a href="https://www.amazon.com/dp/B07BHCB9Y2?tag=eloabder-20&linkCode=osi&th=1&psc=1">View Product</a></div><div class="product"><a href="https://www.amazon.com/dp/B07N7MWX72?tag=eloabder-20&linkCode=osi&th=1&psc=1"><img src="https://m.media-amazon.com/images/I/414aNTDFuRL._SL500_.jpg" alt="Product Image"></a><p>Mielle Organics Rosemary Mint Strengthening Shampoo Infused with Biotin, Cleanses and Helps Strengthen Weak and Brittle Hair, 12 Ounces</p><p>$9.97 ($0.83 / Fl Oz)</p><a href="https://www.amazon.com/dp/B07N7MWX72?tag=eloabder-20&linkCode=osi&th=1&psc=1">View Product</a></div><div class="product"><a href="https://www.amazon.com/dp/B08SSM21R4?tag=eloabder-20&linkCode=osi&th=1&psc=1"><img src="https://m.media-amazon.com/images/I/31WbRm+ZKEL._SL500_.jpg" alt="Product Image"></a><p>Redken All Soft Shampoo | Deeply Moisturizes and Hydrates | Softens, Smooths, and Adds Shine | Safe for Color-Treated Hair | Nourishing Shampoo for Dry Hair | With Argan Oil</p><p>$26.00 ($2.57 / Fl Oz)</p><a href="https://www.amazon.com/dp/B08SSM21R4?tag=eloabder-20&linkCode=osi&th=1&psc=1">View Product</a></div><div class="product"><a href="https://www.amazon.com/dp/B00ADRH2OM?tag=eloabder-20&linkCode=osi&th=1&psc=1"><img src="https://m.media-amazon.com/images/I/413WPcPNDbL._SL500_.jpg" alt="Product Image"></a><p>OGX Thick & Full + Biotin & Collagen Volumizing Shampoo, Nutrient-Infused Hair Shampoo with Vitamin B7 Biotin Gives Hair Volume & Body for 72+ Hours, Sulfate-Free Surfactants, 13 fl. oz</p><p>$6.97 ($0.54 / Fl Oz)</p><a href="https://www.amazon.com/dp/B00ADRH2OM?tag=eloabder-20&linkCode=osi&th=1&psc=1">View Product</a></div><div class="product"><a href="https://www.amazon.com/dp/B01ENCBOA0?tag=eloabder-20&linkCode=osi&th=1&psc=1"><img src="https://m.media-amazon.com/images/I/41wcbs9bSAL._SL500_.jpg" alt="Product Image"></a><p>Rosemary and Biotin Shampoo for Thinning Hair - Vegan Volumizing Shampoo for Fine Hair with Argan and Tea Tree Oil - Paraben Silicone and Sulfate Free Shampoo for Dry Damaged Weak and Thin Hair Care</p><p>$12.95 ($1.62 / Fl Oz)</p><a href="https://www.amazon.com/dp/B01ENCBOA0?tag=eloabder-20&linkCode=osi&th=1&psc=1">View Product</a></div><div class="product"><a href="https://www.amazon.com/dp/B00FH692PQ?tag=eloabder-20&linkCode=osi&th=1&psc=1"><img src="https://m.media-amazon.com/images/I/41Sqc25WpzL._SL500_.jpg" alt="Product Image"></a><p>PURA D'OR Original Gold Label Anti-Thinning Biotin Shampoo Natural Earthy Scent, Clinically Tested Proven Results, Herbal DHT Blocker Hair Thickening Products For Women & Men, Color Treated Hair, 16oz</p><p>$29.99 ($1.87 / Fl Oz)</p><a href="https://www.amazon.com/dp/B00FH692PQ?tag=eloabder-20&linkCode=osi&th=1&psc=1">View Product</a></div><div class="product"><a href="https://www.amazon.com/dp/B07D37PQGL?tag=eloabder-20&linkCode=osi&th=1&psc=1"><img src="https://m.media-amazon.com/images/I/31+tZhs5TNL._SL500_.jpg" alt="Product Image"></a><p>Olaplex No. 4 Bond Maintenance Shampoo, Repairs, Strengthens, & Nourishes All Hair Types, Adds Shine & Leaves Hair Feeling Soft, 8.5 fl oz</p><p>$30.00 ($3.53 / Fl Oz)</p><a href="https://www.amazon.com/dp/B07D37PQGL?tag=eloabder-20&linkCode=osi&th=1&psc=1">View Product</a></div><div class="product"><a href="https://www.amazon.com/dp/B07525QJC8?tag=eloabder-20&linkCode=osi&th=1&psc=1"><img src="https://m.media-amazon.com/images/I/31Zl6Upjq4S._SL500_.jpg" alt="Product Image"></a><p>L'Oreal Paris Elvive Total Repair 5 Repairing Shampoo for Damaged Hair Shampoo with Protein and Ceramide for Strong Silky Shiny Healthy Renewed Hair 28 Fl Oz</p><p>$7.68 ($0.27 / Fl Oz)</p><a href="https://www.amazon.com/dp/B07525QJC8?tag=eloabder-20&linkCode=osi&th=1&psc=1">View Product</a></div><div class="product"><a href="https://www.amazon.com/dp/B0098QPV3I?tag=eloabder-20&linkCode=osi&th=1&psc=1"><img src="https://m.media-amazon.com/images/I/31OzU+ogltL._SL500_.jpg" alt="Product Image"></a><p>Moroccanoil Hydrating Shampoo, 8.5 Fl. Oz.</p><p>$26.00 ($3.06 / Fl Oz)</p><a href="https://www.amazon.com/dp/B0098QPV3I?tag=eloabder-20&linkCode=osi&th=1&psc=1">View Product</a></div><div class="product"><a href="https://www.amazon.com/dp/B07HMK15G9?tag=eloabder-20&linkCode=osi&th=1&psc=1"><img src="https://m.media-amazon.com/images/I/31Tdk9qdj7L._SL500_.jpg" alt="Product Image"></a><p>Aveeno Fresh Greens Blend Natural Volumizing Shampoo, Cucumber, Rosemary, for Fine Hair, 12 fl oz</p><p>$8.12 ($0.68 / Ounce)</p><a href="https://www.amazon.com/dp/B07HMK15G9?tag=eloabder-20&linkCode=osi&th=1&psc=1">View Product</a></div>
<div class="product"><a href="https://www.amazon.com/dp/B0752CBW5T?tag=eloabder-20&linkCode=osi&th=1&psc=1"><img src="https://m.media-amazon.com/images/I/31-KMa7LAlS._SL500_.jpg" alt="Product Image"></a><p>L'Oreal Paris Elvive Total Repair 5 Repairing Conditioner for Damaged Hair Conditioner with Protein and Ceramide for Strong Silky Shiny Healthy Renewed Hair 28 Fl Oz</p><p>$8.49 ($0.30 / Fl Oz)</p><a href="https://www.amazon.com/dp/B0752CBW5T?tag=eloabder-20&linkCode=osi&th=1&psc=1">View Product</a></div><div class="product"><a href="https://www.amazon.com/dp/B07CLD17F5?tag=eloabder-20&linkCode=osi&th=1&psc=1"><img src="https://m.media-amazon.com/images/I/61hTHQjDOkL._SL500_.jpg" alt="Product Image"></a><p>Dove Ultra Care Conditioner Coconut & Hydration for Dry Hair Conditioner with Coconut Oil, Jojoba Oil & Sweet Almond Oil 25.4 oz</p><p>$7.49 ($0.29 / Fl Oz)</p><a href="https://www.amazon.com/dp/B07CLD17F5?tag=eloabder-20&linkCode=osi&th=1&psc=1">View Product</a></div><div class="product"><a href="https://www.amazon.com/dp/B0098QQ88U?tag=eloabder-20&linkCode=osi&th=1&psc=1"><img src="https://m.media-amazon.com/images/I/31kA4N9VngL._SL500_.jpg" alt="Product Image"></a><p>Moroccanoil Hydrating Conditioner, 8.5 Fl Oz</p><p>$26.00 ($3.10 / Fl Oz)</p><a href="https://www.amazon.com/dp/B0098QQ88U?tag=eloabder-20&linkCode=osi&th=1&psc=1">View Product</a></div><div class="product"><a href="https://www.amazon.com/dp/B07D37SBHF?tag=eloabder-20&linkCode=osi&th=1&psc=1"><img src="https://m.media-amazon.com/images/I/31ivDW-ouZL._SL500_.jpg" alt="Product Image"></a><p>Olaplex No. 5 Bond Maintenance Conditioner, Repairs, Strengthens, & Nourishes All Hair Types, Leaving Hair Feeling Soft & Adds Shine, 8.5 fl oz"</p><p>$30.00 ($3.53 / Fl Oz)</p><a href="https://www.amazon.com/dp/B07D37SBHF?tag=eloabder-20&linkCode=osi&th=1&psc=1">View Product</a></div><div class="product"><a href="https://www.amazon.com/dp/B07NR2B9HS?tag=eloabder-20&linkCode=osi&th=1&psc=1"><img src="https://m.media-amazon.com/images/I/51pWHfe9iNL._SL500_.jpg" alt="Product Image"></a><p>Aussie 3 Minute Miracle Moist Deep Conditioner for Dry Hair, Avocado & Jojoba Oil, Safe for Color Treated Hair, Nourishing Hydration, Silky Shine, Paraben-Free, 16 Fl Oz Each, Triple Pack</p><p>$20.97 ($0.44 / Fl Oz)</p><a href="https://www.amazon.com/dp/B07NR2B9HS?tag=eloabder-20&linkCode=osi&th=1&psc=1">View Product</a></div><div class="product"><a href="https://www.amazon.com/dp/B0891BBRHW?tag=eloabder-20&linkCode=osi&th=1&psc=1"><img src="https://m.media-amazon.com/images/I/31ndDwe7VSL._SL500_.jpg" alt="Product Image"></a><p>Pureology Hydrate Moisturizing Conditioner | Softens and Deeply Hydrates Dry Hair | For Medium to Thick Color Treated or Natural Hair | Sulfate Free Conditioner | Vegan</p><p>$37.00 ($4.11 / Fl Oz)</p><a href="https://www.amazon.com/dp/B0891BBRHW?tag=eloabder-20&linkCode=osi&th=1&psc=1">View Product</a></div><div class="product"><a href="https://www.amazon.com/dp/B00I32AN4K?tag=eloabder-20&linkCode=osi&th=1&psc=1"><img src="https://m.media-amazon.com/images/I/51KpmxinYYL._SL500_.jpg" alt="Product Image"></a><p>Arvazallia Hydrating Argan Oil Hair Mask and Deep Conditioner for Dry or Damaged Hair - 8.45 Oz</p><p>$12.95 ($1.53 / Fl Oz)</p><a href="https://www.amazon.com/dp/B00I32AN4K?tag=eloabder-20&linkCode=osi&th=1&psc=1">View Product</a></div><div class="product"><a href="https://www.amazon.com/dp/B092PVHFL3?tag=eloabder-20&linkCode=osi&th=1&psc=1"><img src="https://m.media-amazon.com/images/I/31v45qQhKOL._SL500_.jpg" alt="Product Image"></a><p>MONDAY HAIRCARE Moisture Conditioner 12oz for Dry, Coarse, Stressed, Coily and Curly Hair, Made from Coconut Oil, Rice Protein, Shea Butter, & Vitamin E, 100% Recyclable Bottles (350ml) (10434)</p><p>$6.97 ($0.58 / Fl Oz)</p><a href="https://www.amazon.com/dp/B092PVHFL3?tag=eloabder-20&linkCode=osi&th=1&psc=1">View Product</a></div><div class="product"><a href="https://www.amazon.com/dp/B00OVQO66S?tag=eloabder-20&linkCode=osi&th=1&psc=1"><img src="https://m.media-amazon.com/images/I/61S7x6GUaFL._SL500_.jpg" alt="Product Image"></a><p>SheaMoisture Conditioner Intensive Hydration for Dry, Damaged Hair Manuka Honey and Mafura Oil to Nourish and Soften Hair 13 oz</p><p>$9.68 ($0.74 / Fl Oz)</p><a href="https://www.amazon.com/dp/B00OVQO66S?tag=eloabder-20&linkCode=osi&th=1&psc=1">View Product</a></div><div class="product"><a href="https://www.amazon.com/dp/B08BTKN3P9?tag=eloabder-20&linkCode=osi&th=1&psc=1"><img src="https://m.media-amazon.com/images/I/41sjzOJHhiL._SL500_.jpg" alt="Product Image"></a><p>TRESemmé Conditioner Moisture Rich 3 Count for Dry Hair Professional Quality Salon-Healthy Look and Shine Moisture Rich Formulated with Vitamin E and Biotin 28 oz</p><p>$16.80 ($0.20 / Fl Oz)</p><a href="https://www.amazon.com/dp/B08BTKN3P9?tag=eloabder-20&linkCode=osi&th=1&psc=1">View Product</a></div>
<div class="product"><a href="https://www.amazon.com/dp/B01I2ZQJSG?tag=eloabder-20&linkCode=osi&th=1&psc=1"><img src="https://m.media-amazon.com/images/I/41ctrFUeQAL._SL500_.jpg" alt="Product Image"></a><p>Elizavecca cer-100 collagen coating hair protein treatment 100ml</p><p>$7.40 ($2.19 / Fl Oz)</p><a href="https://www.amazon.com/dp/B01I2ZQJSG?tag=eloabder-20&linkCode=osi&th=1&psc=1">View Product</a></div><div class="product"><a href="https://www.amazon.com/dp/B07H3GBSC3?tag=eloabder-20&linkCode=osi&th=1&psc=1"><img src="https://m.media-amazon.com/images/I/41I862UzKRL._SL500_.jpg" alt="Product Image"></a><p>amika soulfood nourishing Mask, 8 Fl oz</p><p>$34.00 ($4.25 / Fl Oz)</p><a href="https://www.amazon.com/dp/B07H3GBSC3?tag=eloabder-20&linkCode=osi&th=1&psc=1">View Product</a></div><div class="product"><a href="https://www.amazon.com/dp/B075L6BL61?tag=eloabder-20&linkCode=osi&th=1&psc=1"><img src="https://m.media-amazon.com/images/I/41zCFV7oGTL._SL500_.jpg" alt="Product Image"></a><p>Karseell Collagen Hair Treatment Deep Repair Conditioning Argan Oil Collagen Hair Mask Essence for Dry Damaged Hair All Hair Types 16.90 oz 500ml</p><p>$23.00 ($1.36 / Fl Oz)</p><a href="https://www.amazon.com/dp/B075L6BL61?tag=eloabder-20&linkCode=osi&th=1&psc=1">View Product</a></div><div class="product"><a href="https://www.amazon.com/dp/B07N7NBYSP?tag=eloabder-20&linkCode=osi&th=1&psc=1"><img src="https://m.media-amazon.com/images/I/515lD0OXQ+L._SL500_.jpg" alt="Product Image"></a><p>Mielle Organics Rosemary Mint Strengthening Hair Masque, Essential Oil & Biotin Deep Treatment, Miracle Repair for Dry, Damaged, & Frizzy Hair, 12 Ounces</p><p>$9.97 ($0.83 / Ounce)</p><a href="https://www.amazon.com/dp/B07N7NBYSP?tag=eloabder-20&linkCode=osi&th=1&psc=1">View Product</a></div><div class="product"><a href="https://www.amazon.com/dp/B0BQ54DQNM?tag=eloabder-20&linkCode=osi&th=1&psc=1"><img src="https://m.media-amazon.com/images/I/41uhtWPJeuL._SL500_.jpg" alt="Product Image"></a><p>Eva NYC Therapy Session Hair Mask, Deep Conditioning Hair Mask Infused with Argan Oil and Plant Protein, 16.9 fl oz</p><p>$19.00 ($1.12 / Fl Oz)</p><a href="https://www.amazon.com/dp/B0BQ54DQNM?tag=eloabder-20&linkCode=osi&th=1&psc=1">View Product</a></div><div class="product"><a href="https://www.amazon.com/dp/B09HR5KSR8?tag=eloabder-20&linkCode=osi&th=1&psc=1"><img src="https://m.media-amazon.com/images/I/51aIw6AhsXL._SL500_.jpg" alt="Product Image"></a><p>K18 Mini Leave-In Molecular Hair Mask, Repairs Dry or Damaged Hair, Reverse Hair Damage from Bleach, Color, Chemical Services & Heat, 0.51 Fl Oz</p><p>$29.00 ($56.86 / Fl Oz)</p><a href="https://www.amazon.com/dp/B09HR5KSR8?tag=eloabder-20&linkCode=osi&th=1&psc=1">View Product</a></div><div class="product"><a href="https://www.amazon.com/dp/B07M7PP9KX?tag=eloabder-20&linkCode=osi&th=1&psc=1"><img src="https://m.media-amazon.com/images/I/41Mpv3wIxEL._SL500_.jpg" alt="Product Image"></a><p>Marc Anthony Grow Long Hair Anti-Breakage Mask, 10.4 OZ</p><p>$8.99 ($0.90 / Fl Oz)</p><a href="https://www.amazon.com/dp/B07M7PP9KX?tag=eloabder-20&linkCode=osi&th=1&psc=1">View Product</a></div>
<div class="product"><a href="https://www.amazon.com/dp/B00BC3YL2W?tag=eloabder-20&linkCode=osi&th=1&psc=1"><img src="https://m.media-amazon.com/images/I/31OKo9u6V4L._SL500_.jpg" alt="Product Image"></a><p>HerStyler Hair Repair Serum - Argan Oil, Vitamin E and Aloe Vera Hair Serum for Frizz Control, Shine and Straightening - Coz Love is in the Hair - 2 Fl. Oz., 60 Ml</p><p>$9.99 ($5.00 / Fl Oz)</p><a href="https://www.amazon.com/dp/B00BC3YL2W?tag=eloabder-20&linkCode=osi&th=1&psc=1">View Product</a></div><div class="product"><a href="https://www.amazon.com/dp/B08N9L6C93?tag=eloabder-20&linkCode=osi&th=1&psc=1"><img src="https://m.media-amazon.com/images/I/3184fIylDmL._SL500_.jpg" alt="Product Image"></a><p>Paul Mitchell Super Skinny Serum, Speeds Up Drying Time, Humidity Resistant, For Frizzy Hair, 5.1 fl. oz.</p><p>$28.50 ($5.59 / Fl Oz)</p><a href="https://www.amazon.com/dp/B08N9L6C93?tag=eloabder-20&linkCode=osi&th=1&psc=1">View Product</a></div><div class="product"><a href="https://www.amazon.com/dp/B081JHTPKP?tag=eloabder-20&linkCode=osi&th=1&psc=1"><img src="https://m.media-amazon.com/images/I/31+F0Qz4RUL._SL500_.jpg" alt="Product Image"></a><p>Mise En Scene Perfect Serum Original - Hair Oil for Frizzy & Dry Hair, Hydration and Nutrition Hair Essence for Damage Care, Floral Fragrance, Korean Hair Care Product, Korean Hair Serum 2.71 Fl. Oz.</p><p>$11.20 ($4.15 / Fl Oz)</p><a href="https://www.amazon.com/dp/B081JHTPKP?tag=eloabder-20&linkCode=osi&th=1&psc=1">View Product</a></div><div class="product"><a href="https://www.amazon.com/dp/B09WMT8HYB?tag=eloabder-20&linkCode=osi&th=1&psc=1"><img src="https://m.media-amazon.com/images/I/31poyY3nFGL._SL500_.jpg" alt="Product Image"></a><p>Hair Growth Serum for Men and Women- Vegan Hair Growth Serum Designed for Thinning Hair & Hair Loss- 1 Month-60ml</p><p>$23.40 ($11.70 / Fl Oz)</p><a href="https://www.amazon.com/dp/B09WMT8HYB?tag=eloabder-20&linkCode=osi&th=1&psc=1">View Product</a></div><div class="product"><a href="https://www.amazon.com/dp/B0CJ7ZVDZR?tag=eloabder-20&linkCode=osi&th=1&psc=1"><img src="https://m.media-amazon.com/images/I/51bMtBk0LHL._SL500_.jpg" alt="Product Image"></a><p>MAREE Hair Styling Serum for Frizzy & Dry Hair - Keratin Styling & Moisturizing Oil Capsules with Avocado, Jojoba & Argan Oil - Leave-in Anti Frizz Conditioner with Vitamins A, C, E & B5-30 Capsules</p><p>$17.95 ($5.61 / Fl Oz)</p><a href="https://www.amazon.com/dp/B0CJ7ZVDZR?tag=eloabder-20&linkCode=osi&th=1&psc=1">View Product</a></div><div class="product"><a href="https://www.amazon.com/dp/B07GSZYLGJ?tag=eloabder-20&linkCode=osi&th=1&psc=1"><img src="https://m.media-amazon.com/images/I/41e6dzzvKtL._SL500_.jpg" alt="Product Image"></a><p>HUSSELL Bali Secret Hair Treatment Serum - no Rinse with Argan Macadamia & Avocado Oils - Vitamins A, E, Pro B5 - Conditioner for Women & Men</p><p>$24.75 ($0.62 / Fl Oz)</p><a href="https://www.amazon.com/dp/B07GSZYLGJ?tag=eloabder-20&linkCode=osi&th=1&psc=1">View Product</a></div><div class="product"><a href="https://www.amazon.com/dp/B000P9DS4Q?tag=eloabder-20&linkCode=osi&th=1&psc=1"><img src="https://m.media-amazon.com/images/I/31m7be8mSHL._SL500_.jpg" alt="Product Image"></a><p>John Frieda Anti Frizz, Frizz Ease Extra Strength Hair Serum with Argan Oil, Anti-Humidity Spray for Hair, Nourishing Treatment for Thick, Coarse Hair, 1.69 Oz</p><p>$10.05 ($5.95 / Fl Oz)</p><a href="https://www.amazon.com/dp/B000P9DS4Q?tag=eloabder-20&linkCode=osi&th=1&psc=1">View Product</a></div><div class="product"><a href="https://www.amazon.com/dp/B01456DJ66?tag=eloabder-20&linkCode=osi&th=1&psc=1"><img src="https://m.media-amazon.com/images/I/41hciQXaA0L._SL500_.jpg" alt="Product Image"></a><p>Vitamins Keratin Protein Hair Serum - Anti Frizz Control Hair Oil Repair Treatment - Hair Gloss Shine & Heat Protectant for Frizzy Dry Damaged Hair</p><p>$21.98 ($5.17 / Fl Oz)</p><a href="https://www.amazon.com/dp/B01456DJ66?tag=eloabder-20&linkCode=osi&th=1&psc=1">View Product</a></div>
<div class="product"><a href="https://www.amazon.com/dp/B07VR1NDSQ?tag=eloabder-20&linkCode=osi&th=1&psc=1"><img src="https://m.media-amazon.com/images/I/41z5MLqbvaL._SL500_.jpg" alt="Product Image"></a><p>Olaplex No. 7 Bonding Oil, Concentrated High Shine Oil, Heat Protectant, Visibly Smooths & Softens Hair, Added Color Vibrancy, Up to 72 Hour Frizz Control, For All Hair Types, 1 fl oz</p><p>$30.00 ($29.70 / Fl Oz)</p><a href="https://www.amazon.com/dp/B07VR1NDSQ?tag=eloabder-20&linkCode=osi&th=1&psc=1">View Product</a></div><div class="product"><a href="https://www.amazon.com/dp/B07N7PK9QK?tag=eloabder-20&linkCode=osi&th=1&psc=1"><img src="https://m.media-amazon.com/images/I/416K3ahcJsL._SL500_.jpg" alt="Product Image"></a><p>Mielle Organics Rosemary Mint Scalp & Hair Strengthening Oil for All Hair Types, 2 Ounce</p><p>$9.50 ($4.75 / Fl Oz)</p><a href="https://www.amazon.com/dp/B07N7PK9QK?tag=eloabder-20&linkCode=osi&th=1&psc=1">View Product</a></div><div class="product"><a href="https://www.amazon.com/dp/B0048EZNR4?tag=eloabder-20&linkCode=osi&th=1&psc=1"><img src="https://m.media-amazon.com/images/I/41TwEUHYLCL._SL500_.jpg" alt="Product Image"></a><p>OGX Renewing + Argan Oil of Morocco Penetrating Hair Oil Treatment, Moisturizing & Strengthening Silky Oil for All Hair Types, Paraben-Free, Sulfated-Surfactants Free, 3.3 fl oz</p><p>$7.97 ($2.42 / Fl Oz)</p><a href="https://www.amazon.com/dp/B0048EZNR4?tag=eloabder-20&linkCode=osi&th=1&psc=1">View Product</a></div><div class="product"><a href="https://www.amazon.com/dp/B01MFXDAL8?tag=eloabder-20&linkCode=osi&th=1&psc=1"><img src="https://m.media-amazon.com/images/I/314VC8Iug2L._SL500_.jpg" alt="Product Image"></a><p>OUAI Hair Oil - Hair Heat Protectant Oil for Frizz Control - Adds Hair Shine and Smooths Split Ends - Color Safe Formula - Paraben, Phthalate and Sulfate Free (1.5 oz)</p><p>$30.00 ($20.00 / Fl Oz)</p><a href="https://www.amazon.com/dp/B01MFXDAL8?tag=eloabder-20&linkCode=osi&th=1&psc=1">View Product</a></div><div class="product"><a href="https://www.amazon.com/dp/B005DYJZ7M?tag=eloabder-20&linkCode=osi&th=1&psc=1"><img src="https://m.media-amazon.com/images/I/51NE8LO8FaL._SL500_.jpg" alt="Product Image"></a><p>OGX Extra Strength Argan Oil Hair Treatment, 3.3 fl oz - Deep Moisturizing Serum for Dry, Damaged & Coarse Hair, Paraben & Sulfate-Free</p><p>$7.97 ($2.42 / Fl Oz)</p><a href="https://www.amazon.com/dp/B005DYJZ7M?tag=eloabder-20&linkCode=osi&th=1&psc=1">View Product</a></div><div class="product"><a href="https://www.amazon.com/dp/B000V8MTIC?tag=eloabder-20&linkCode=osi&th=1&psc=1"><img src="https://m.media-amazon.com/images/I/41Y-cvRBYHL._SL500_.jpg" alt="Product Image"></a><p>Wild Growth Hair Oil 4 Oz</p><p>$9.44 ($2.36 / Fl Oz)</p><a href="https://www.amazon.com/dp/B000V8MTIC?tag=eloabder-20&linkCode=osi&th=1&psc=1">View Product</a></div><div class="product"><a href="https://www.amazon.com/dp/B0CNFF26B4?tag=eloabder-20&linkCode=osi&th=1&psc=1"><img src="https://m.media-amazon.com/images/I/61IXl4BycFL._SL500_.jpg" alt="Product Image"></a><p>Nexxus Ultra Lightweight Hair Oil Repair & Nourish for Intense Nourishment with StyleProtect Technology & Rose of Jericho Oil 4 oz</p><p>$13.18 ($3.99 / Fl Oz)</p><a href="https://www.amazon.com/dp/B0CNFF26B4?tag=eloabder-20&linkCode=osi&th=1&psc=1">View Product</a></div><div class="product"><a href="https://www.amazon.com/dp/B0D2RSCZBD?tag=eloabder-20&linkCode=osi&th=1&psc=1"><img src="https://m.media-amazon.com/images/I/41YHvQncEYL._SL500_.jpg" alt="Product Image"></a><p>Botanic Hearth 100% Pure Rosemary Oil For Hair Growth Infused With Biotin | Hair strengthening Treatment | Nourishing & Volumizing | With Jojoba Oil & Castor Oil | Non GMO Verified | 2 fl oz</p><p>$8.49 ($4.24 / Fl Oz)</p><a href="https://www.amazon.com/dp/B0D2RSCZBD?tag=eloabder-20&linkCode=osi&th=1&psc=1">View Product</a></div>
<div class="product"><a href="https://www.amazon.com/dp/B076FHJ3K5?tag=eloabder-20&linkCode=osi&th=1&psc=1"><img src="https://m.media-amazon.com/images/I/31QAqxeYpoL._SL500_.jpg" alt="Product Image"></a><p>Marc Anthony Leave-In Conditioner Spray & Detangler, Grow Long Biotin - Anti-Frizz Deep Conditioner For Split Ends & Breakage - Vitamin E, Caffeine & Ginseng for Curly, Dry & Damaged Hair</p><p>$7.67 ($0.91 / Fl Oz)</p><a href="https://www.amazon.com/dp/B076FHJ3K5?tag=eloabder-20&linkCode=osi&th=1&psc=1">View Product</a></div><div class="product"><a href="https://www.amazon.com/dp/B078PJCVSQ?tag=eloabder-20&linkCode=osi&th=1&psc=1"><img src="https://m.media-amazon.com/images/I/41emTjMLCbL._SL500_.jpg" alt="Product Image"></a><p>Garnier Fructis Sleek & Shine Leave-In Conditioning Cream for Frizzy, Dry Hair, Plant Keratin + Argan Oil, 10.2 Fl Oz, 2 Count (Packaging May Vary)</p><p>$8.69 ($4.34 / Count)</p><a href="https://www.amazon.com/dp/B078PJCVSQ?tag=eloabder-20&linkCode=osi&th=1&psc=1">View Product</a></div><div class="product"><a href="https://www.amazon.com/dp/B075PTHVKN?tag=eloabder-20&linkCode=osi&th=1&psc=1"><img src="https://m.media-amazon.com/images/I/41er29CRVVL._SL500_.jpg" alt="Product Image"></a><p>Mielle Organics Pomegranate & Honey Leave-In Conditioner, Moisturizing Curl Primer and Detangler, Repair Damage and Prevent Frizz, Treatment For Thick Curly Hair Type 4 Hair, 12-Fluid Ounces</p><p>$12.95 ($1.08 / Fl Oz)</p><a href="https://www.amazon.com/dp/B075PTHVKN?tag=eloabder-20&linkCode=osi&th=1&psc=1">View Product</a></div><div class="product"><a href="https://www.amazon.com/dp/B0BPR45NX4?tag=eloabder-20&linkCode=osi&th=1&psc=1"><img src="https://m.media-amazon.com/images/I/41ZvxMh2+ML._SL500_.jpg" alt="Product Image"></a><p>Mielle Organics Rosemary Mint Strengthening Leave-In Conditioner, Supports Hair Strength, Smooth Conditioner for Dry and Crinkled Hair, Weightless Hair Treatment</p><p>$9.97 ($0.83 / Fl Oz)</p><a href="https://www.amazon.com/dp/B0BPR45NX4?tag=eloabder-20&linkCode=osi&th=1&psc=1">View Product</a></div><div class="product"><a href="https://www.amazon.com/dp/B0899C98ZD?tag=eloabder-20&linkCode=osi&th=1&psc=1"><img src="https://m.media-amazon.com/images/I/3140FuOEnHL._SL500_.jpg" alt="Product Image"></a><p>Pureology Color Fanatic Leave-in Conditioner Hair Treatment Detangler Spray | Protects Hair Color From Fading | Heat Protectant | Vegan | 6.7 Fl Oz</p><p>$35.00 ($5.22 / Fl Oz)</p><a href="https://www.amazon.com/dp/B0899C98ZD?tag=eloabder-20&linkCode=osi&th=1&psc=1">View Product</a></div><div class="product"><a href="https://www.amazon.com/dp/B002FJ11UW?tag=eloabder-20&linkCode=osi&th=1&psc=1"><img src="https://m.media-amazon.com/images/I/31-cZPtTWFL._SL500_.jpg" alt="Product Image"></a><p>Tea Tree Hair and Body Moisturizer Leave-In Conditioner, Body Lotion, After-Shave Cream, For All Hair + Skin Types, 10.14 fl. oz.</p><p>$22.00 ($2.17 / Fl Oz)</p><a href="https://www.amazon.com/dp/B002FJ11UW?tag=eloabder-20&linkCode=osi&th=1&psc=1">View Product</a></div><div class="product"><a href="https://www.amazon.com/dp/B07B895KND?tag=eloabder-20&linkCode=osi&th=1&psc=1"><img src="https://m.media-amazon.com/images/I/21VKaJcT2wL._SL500_.jpg" alt="Product Image"></a><p>OUAI Leave In Conditioner & Heat Protectant Spray - Prime Hair for Style, Smooth Flyaways, Add Shine and Use as Detangling Spray - No Parabens, Sulfates or Phthalates (4.7 oz)</p><p>$29.99 ($6.38 / Ounce)</p><a href="https://www.amazon.com/dp/B07B895KND?tag=eloabder-20&linkCode=osi&th=1&psc=1">View Product</a></div><div class="product"><a href="https://www.amazon.com/dp/B09HN5ZF8C?tag=eloabder-20&linkCode=osi&th=1&psc=1"><img src="https://m.media-amazon.com/images/I/31p+j7QXuqL._SL500_.jpg" alt="Product Image"></a><p>L’Oréal Paris Sulfate Free Moisture 21-in-1 Leave-In Conditioner for Dry Hair, EverPure, 6.8 fl oz (Packaging May Vary)</p><p>$9.97 ($1.47 / Fl Oz)</p><a href="https://www.amazon.com/dp/B09HN5ZF8C?tag=eloabder-20&linkCode=osi&th=1&psc=1">View Product</a></div><div class="product"><a href="https://www.amazon.com/dp/B07NQLWYXW?tag=eloabder-20&linkCode=osi&th=1&psc=1"><img src="https://m.media-amazon.com/images/I/61gQFsuQ1DL._SL500_.jpg" alt="Product Image"></a><p>SheaMoisture Jamaican Black Castor Oil Leave In Conditioner For Damaged Hair 100% Pure Jamaican Black Castor Oil To Soften And Detangle Hair 11.5oz</p><p>$10.97 ($0.95 / Ounce)</p><a href="https://www.amazon.com/dp/B07NQLWYXW?tag=eloabder-20&linkCode=osi&th=1&psc=1">View Product</a></div><div class="product"><a href="https://www.amazon.com/dp/B01LTIAUAG?tag=eloabder-20&linkCode=osi&th=1&psc=1"><img src="https://m.media-amazon.com/images/I/414cIBskUjL._SL500_.jpg" alt="Product Image"></a><p>Cantu Leave-In Conditioning Repair Cream with Argan Oil, 16 oz (Packaging May Vary)</p><p>$6.48 ($0.40 / Ounce)</p><a href="https://www.amazon.com/dp/B01LTIAUAG?tag=eloabder-20&linkCode=osi&th=1&psc=1">View Product</a></div>
<div class="product"><a href="https://www.amazon.com/dp/B00ID1A5TO?tag=eloabder-20&linkCode=osi&th=1&psc=1"><img src="https://m.media-amazon.com/images/I/31QKv7QMILL._SL500_.jpg" alt="Product Image"></a><p>L'Oréal Paris Advanced Hairstyle Sleek It Iron Straight Heat Spray, 5.7 Ounce</p><p>$6.97 ($1.22 / Fl Oz)</p><a href="https://www.amazon.com/dp/B00ID1A5TO?tag=eloabder-20&linkCode=osi&th=1&psc=1">View Product</a></div><div class="product"><a href="https://www.amazon.com/dp/B075FBD7CM?tag=eloabder-20&linkCode=osi&th=1&psc=1"><img src="https://m.media-amazon.com/images/I/31DT9mg1TBL._SL500_.jpg" alt="Product Image"></a><p>Moroccanoil Perfect Defense Heat Protectant, 6 Fl. Oz.</p><p>$30.00 ($5.00 / Ounce)</p><a href="https://www.amazon.com/dp/B075FBD7CM?tag=eloabder-20&linkCode=osi&th=1&psc=1">View Product</a></div><div class="product"><a href="https://www.amazon.com/dp/B004452DPM?tag=eloabder-20&linkCode=osi&th=1&psc=1"><img src="https://m.media-amazon.com/images/I/31+Syj8lOHL._SL500_.jpg" alt="Product Image"></a><p>CHI 44 Iron Guard Thermal Protection Spray, Nourishing Formula Helps Resist Heat Damage to Hair & Tame Frizz, 2 Oz</p><p>$6.99 ($3.50 / Fl Oz)</p><a href="https://www.amazon.com/dp/B004452DPM?tag=eloabder-20&linkCode=osi&th=1&psc=1">View Product</a></div><div class="product"><a href="https://www.amazon.com/dp/B0752KMDQB?tag=eloabder-20&linkCode=osi&th=1&psc=1"><img src="https://m.media-amazon.com/images/I/31kygOyDdnL._SL500_.jpg" alt="Product Image"></a><p>Mielle Mongongo Oil Thermal & Heat Protectant Spray, Protects Hair from Heat Damage, Intense Heat Defense, Curl Pattern Protection, Safe for All Hair Types, 4 Ounce</p><p>$9.97 ($2.49 / Fl Oz)</p><a href="https://www.amazon.com/dp/B0752KMDQB?tag=eloabder-20&linkCode=osi&th=1&psc=1">View Product</a></div><div class="product"><a href="https://www.amazon.com/dp/B06XFVBVQ5?tag=eloabder-20&linkCode=osi&th=1&psc=1"><img src="https://m.media-amazon.com/images/I/31kIW3-nG0L._SL500_.jpg" alt="Product Image"></a><p>Eva NYC Mane Magic 10-in-1 Primer, Heat Protectant for Hair, Infused with Sunflower Seed and Argan Oil for Hair, Sulfate, Paraben & Phthalate Free, 5.4 fl oz</p><p>$12.57 ($2.33 / Fl Oz)</p><a href="https://www.amazon.com/dp/B06XFVBVQ5?tag=eloabder-20&linkCode=osi&th=1&psc=1">View Product</a></div><div class="product"><a href="https://www.amazon.com/dp/B08HDS8GW1?tag=eloabder-20&linkCode=osi&th=1&psc=1"><img src="https://m.media-amazon.com/images/I/317MYEuzMbS._SL500_.jpg" alt="Product Image"></a><p>L'Oreal Paris Elvive Dream Lengths Heat Slayer Pre-Iron Spray Leave-In, 4.4 Ounce</p><p>$7.97 ($1.81 / Fl Oz)</p><a href="https://www.amazon.com/dp/B08HDS8GW1?tag=eloabder-20&linkCode=osi&th=1&psc=1">View Product</a></div><div class="product"><a href="https://www.amazon.com/dp/B0CX6M8B71?tag=eloabder-20&linkCode=osi&th=1&psc=1"><img src="https://m.media-amazon.com/images/I/21VMI5jkDHL._SL500_.jpg" alt="Product Image"></a><p>Hairitage Heat Protectant Spray - Up to 450 Degree Protection + Hydrates + Strengthens Hair - For All Hair Types</p><p>$8.94 ($1.49 / Fl Oz)</p><a href="https://www.amazon.com/dp/B0CX6M8B71?tag=eloabder-20&linkCode=osi&th=1&psc=1">View Product</a></div><div class="product"><a href="https://www.amazon.com/dp/B07H3GCMFG?tag=eloabder-20&linkCode=osi&th=1&psc=1"><img src="https://m.media-amazon.com/images/I/41OXeqapQaL._SL500_.jpg" alt="Product Image"></a><p>amika blockade heat defense serum , 1.69 Fl Oz (Pack of 1)</p><p>$28.00 ($16.47 / Ounce)</p><a href="https://www.amazon.com/dp/B07H3GCMFG?tag=eloabder-20&linkCode=osi&th=1&psc=1">View Product</a></div><div class="product"><a href="https://www.amazon.com/dp/B07HCMHVCW?tag=eloabder-20&linkCode=osi&th=1&psc=1"><img src="https://m.media-amazon.com/images/I/315xZEjPlJS._SL500_.jpg" alt="Product Image"></a><p>Drybar Hot Toddy Heat Protectant Mist Blanc Scent - Full Size| Lightweight Heat Protectant for Hair protects from Heat & Styling with Curling, Straightening and Styling Irons</p><p>$29.00 ($6.30 / Ounce)</p><a href="https://www.amazon.com/dp/B07HCMHVCW?tag=eloabder-20&linkCode=osi&th=1&psc=1">View Product</a></div><div class="product"><a href="https://www.amazon.com/dp/B0CN9N41R2?tag=eloabder-20&linkCode=osi&th=1&psc=1"><img src="https://m.media-amazon.com/images/I/61Y+AIRsnNL._SL500_.jpg" alt="Product Image"></a><p>Nexxus Heat Defense Spray Prep & Protect for 450 degree heat protection, with StyleProtect Technology 6 oz</p><p>$13.64 ($2.27 / Fl Oz)</p><a href="https://www.amazon.com/dp/B0CN9N41R2?tag=eloabder-20&linkCode=osi&th=1&psc=1">View Product</a></div>
<div class="product"><a href="https://www.amazon.com/dp/B000YACKO0?tag=eloabder-20&linkCode=osi&th=1&psc=1"><img src="https://m.media-amazon.com/images/I/21G1pDllGdL._SL500_.jpg" alt="Product Image"></a><p>Kenra Professional Volume Spray 25 50% | Super Hold Finishing & Styling Hairspray | Flake-free & Fast-drying | Wind & Humidity Resistance | All Hair Types | 10 oz</p><p>$22.00 ($2.20 / Ounce)</p><a href="https://www.amazon.com/dp/B000YACKO0?tag=eloabder-20&linkCode=osi&th=1&psc=1">View Product</a></div><div class="product"><a href="https://www.amazon.com/dp/B0010OKF7S?tag=eloabder-20&linkCode=osi&th=1&psc=1"><img src="https://m.media-amazon.com/images/I/21jbVg5zztL._SL500_.jpg" alt="Product Image"></a><p>Sebastian Professional Shaper 55%, Medium Hold Hairspray, 10.6 oz</p><p>$29.99 ($2.83 / Ounce)</p><a href="https://www.amazon.com/dp/B0010OKF7S?tag=eloabder-20&linkCode=osi&th=1&psc=1">View Product</a></div><div class="product"><a href="https://www.amazon.com/dp/B0CGRY5YJB?tag=eloabder-20&linkCode=osi&th=1&psc=1"><img src="https://m.media-amazon.com/images/I/61q0MszNOVL._SL500_.jpg" alt="Product Image"></a><p>TRESemmé Anti-Frizz Finishing Spray Keratin Smooth for a Flexible Hold, Weightless, 7 oz</p><p>$6.98 ($1.00 / Fl Oz)</p><a href="https://www.amazon.com/dp/B0CGRY5YJB?tag=eloabder-20&linkCode=osi&th=1&psc=1">View Product</a></div><div class="product"><a href="https://www.amazon.com/dp/B0872ZWJH2?tag=eloabder-20&linkCode=osi&th=1&psc=1"><img src="https://m.media-amazon.com/images/I/31O-aS4LJ+L._SL500_.jpg" alt="Product Image"></a><p>SexyHair Big Spray & Play Volumizing Hairspray, 10 Oz | Hold and Shine | Up to 72 Hour Humidity Resistance | All Hair Types</p><p>$21.94 ($2.19 / Ounce)</p><a href="https://www.amazon.com/dp/B0872ZWJH2?tag=eloabder-20&linkCode=osi&th=1&psc=1">View Product</a></div><div class="product"><a href="https://www.amazon.com/dp/B000GFWIOU?tag=eloabder-20&linkCode=osi&th=1&psc=1"><img src="https://m.media-amazon.com/images/I/31X7tgfzxQL._SL500_.jpg" alt="Product Image"></a><p>Nexxus Flexible Hold Hairspray Comb Thru for a Lightweight, Brushable Hold, with StyleProtect Technology 10 oz</p><p>$15.98 ($1.60 / Ounce)</p><a href="https://www.amazon.com/dp/B000GFWIOU?tag=eloabder-20&linkCode=osi&th=1&psc=1">View Product</a></div><div class="product"><a href="https://www.amazon.com/dp/B002RS6JSA?tag=eloabder-20&linkCode=osi&th=1&psc=1"><img src="https://m.media-amazon.com/images/I/31+Y7rEXSrL._SL500_.jpg" alt="Product Image"></a><p>CHI 44 Iron Guard Thermal Protection Spray, Nourishing Formula Helps Resist Heat Damage to Hair & Tame Frizz, Clear, 8 Oz</p><p>$13.99 ($1.75 / Fl Oz)</p><a href="https://www.amazon.com/dp/B002RS6JSA?tag=eloabder-20&linkCode=osi&th=1&psc=1">View Product</a></div>
<div class="product"><a href="https://www.amazon.com/dp/B08BTGSTB1?tag=eloabder-20&linkCode=osi&th=1&psc=1"><img src="https://m.media-amazon.com/images/I/41lgs8EMZoL._SL500_.jpg" alt="Product Image"></a><p>Dove Dry Shampoo Volume & Fullness 2 Count for Oily Hair for Refreshed Hair 5 oz</p><p>$13.98 ($1.40 / Ounce)</p><a href="https://www.amazon.com/dp/B08BTGSTB1?tag=eloabder-20&linkCode=osi&th=1&psc=1">View Product</a></div><div class="product"><a href="https://www.amazon.com/dp/B07H349CVV?tag=eloabder-20&linkCode=osi&th=1&psc=1"><img src="https://m.media-amazon.com/images/I/41NnJCW9t4L._SL500_.jpg" alt="Product Image"></a><p>amika Perk Up Dry Shampoo, 5.3 oz. (Pack of 1)</p><p>$28.00 ($5.28 / Ounce)</p><a href="https://www.amazon.com/dp/B07H349CVV?tag=eloabder-20&linkCode=osi&th=1&psc=1">View Product</a></div><div class="product"><a href="https://www.amazon.com/dp/B07KYXYFCH?tag=eloabder-20&linkCode=osi&th=1&psc=1"><img src="https://m.media-amazon.com/images/I/51XCqUPQ3kL._SL500_.jpg" alt="Product Image"></a><p>Batiste Dry Shampoo Original, Cherry, Blush, Tropical (4 pack) 6.73 oz</p><p>$18.40 ($0.68 / Fl Oz )</p><a href="https://www.amazon.com/dp/B07KYXYFCH?tag=eloabder-20&linkCode=osi&th=1&psc=1">View Product</a></div><div class="product"><a href="https://www.amazon.com/dp/B00VXO5RPK?tag=eloabder-20&linkCode=osi&th=1&psc=1"><img src="https://m.media-amazon.com/images/I/31PdfHcw8KL._SL500_.jpg" alt="Product Image"></a><p>Moroccanoil Dry Shampoo Light Tones, 5.4 Fl. Oz.</p><p>$26.00 ($3.77 / Fl Oz)</p><a href="https://www.amazon.com/dp/B00VXO5RPK?tag=eloabder-20&linkCode=osi&th=1&psc=1">View Product</a></div><div class="product"><a href="https://www.amazon.com/dp/B0CJMV7HLS?tag=eloabder-20&linkCode=osi&th=1&psc=1"><img src="https://m.media-amazon.com/images/I/31gMgsK04KL._SL500_.jpg" alt="Product Image"></a><p>Batiste Sweat Activated Dry Shampoo, Neutralizes Odor for Up to 24 Hours & Prevents Sweat Buildup in Hair, Waterless Shampoo, 3.81 Oz</p><p>$9.98 ($1.91 / Ounce)</p><a href="https://www.amazon.com/dp/B0CJMV7HLS?tag=eloabder-20&linkCode=osi&th=1&psc=1">View Product</a></div><div class="product"><a href="https://www.amazon.com/dp/B00GMP4ZN0?tag=eloabder-20&linkCode=osi&th=1&psc=1"><img src="https://m.media-amazon.com/images/I/51C9sFpjj0L._SL500_.jpg" alt="Product Image"></a><p>Batiste Shampoo Dry Fresh 6.73 Ounce (199ml) (3 Pack)</p><p>$14.21 ($0.74 / Fl Oz)</p><a href="https://www.amazon.com/dp/B00GMP4ZN0?tag=eloabder-20&linkCode=osi&th=1&psc=1">View Product</a></div><div class="product"><a href="https://www.amazon.com/dp/B008CYGSZC?tag=eloabder-20&linkCode=osi&th=1&psc=1"><img src="https://m.media-amazon.com/images/I/41FmX163QeL._SL500_.jpg" alt="Product Image"></a><p>Batiste 3 Piece Dry Shampoo Set, Original</p><p>$18.21 ($0.90 / Fl Oz)</p><a href="https://www.amazon.com/dp/B008CYGSZC?tag=eloabder-20&linkCode=osi&th=1&psc=1">View Product</a></div><div class="product"><a href="https://www.amazon.com/dp/B08NRH5DNR?tag=eloabder-20&linkCode=osi&th=1&psc=1"><img src="https://m.media-amazon.com/images/I/511UJeCVLLL._SL500_.jpg" alt="Product Image"></a><p>Batiste Dry Shampoo Spray 4 Pack Variety Mix, Original Clean And Classic, and Tropical Fragrance, 2 Each 6.73 oz.</p><p>$18.64 ($0.69 / Fl Oz)</p><a href="https://www.amazon.com/dp/B08NRH5DNR?tag=eloabder-20&linkCode=osi&th=1&psc=1">View Product</a></div><div class="product"><a href="https://www.amazon.com/dp/B01IAFCTT6?tag=eloabder-20&linkCode=osi&th=1&psc=1"><img src="https://m.media-amazon.com/images/I/51Rqh61NzHL._SL500_.jpg" alt="Product Image"></a><p>Batiste Dry Shampoo, Dark & Deep Brown 6.73 oz (Pack of 3)</p><p>$15.88 ($0.79 / Fl Oz)</p><a href="https://www.amazon.com/dp/B01IAFCTT6?tag=eloabder-20&linkCode=osi&th=1&psc=1">View Product</a></div>
<div class="product"><a href="https://www.amazon.com/dp/B000TG63EW?tag=eloabder-20&linkCode=osi&th=1&psc=1"><img src="https://m.media-amazon.com/images/I/41B2S4r1G9L._SL500_.jpg" alt="Product Image"></a><p>Lottabody Coconut Oil and Shea Wrap Me Foaming Curl Mousse , Creates Soft Wraps, Hair Mousse for Curly Hair, Defines Curls, Anti Frizz, 7 Fl Oz</p><p>$3.98 ($0.57 / Fl Oz)</p><a href="https://www.amazon.com/dp/B000TG63EW?tag=eloabder-20&linkCode=osi&th=1&psc=1">View Product</a></div><div class="product"><a href="https://www.amazon.com/dp/B00147QL8S?tag=eloabder-20&linkCode=osi&th=1&psc=1"><img src="https://m.media-amazon.com/images/I/31GMX6DGyRL._SL500_.jpg" alt="Product Image"></a><p>Kenra Professional Volume Mousse Extra 17 | Firm Hold Mousse | All Hair Types | 8 oz</p><p>$21.00 ($2.62 / Ounce)</p><a href="https://www.amazon.com/dp/B00147QL8S?tag=eloabder-20&linkCode=osi&th=1&psc=1">View Product</a></div><div class="product"><a href="https://www.amazon.com/dp/B07NQCBRK3?tag=eloabder-20&linkCode=osi&th=1&psc=1"><img src="https://m.media-amazon.com/images/I/61ITio7v1qL._SL500_.jpg" alt="Product Image"></a><p>SheaMoisture Curl Mousse Coconut and Hibiscus for Frizz Control Styling Mousse with Shea Butter 7.5 oz</p><p>$10.97 ($1.46 / Fl Oz)</p><a href="https://www.amazon.com/dp/B07NQCBRK3?tag=eloabder-20&linkCode=osi&th=1&psc=1">View Product</a></div><div class="product"><a href="https://www.amazon.com/dp/B0009OMNQQ?tag=eloabder-20&linkCode=osi&th=1&psc=1"><img src="https://m.media-amazon.com/images/I/21BMUFOie3L._SL500_.jpg" alt="Product Image"></a><p>Paul Mitchell Extra-Body Sculpting Foam, Thickens + Builds Body, For Fine Hair, 6.7 oz.</p><p>$16.50 ($2.46 / Fl Oz)</p><a href="https://www.amazon.com/dp/B0009OMNQQ?tag=eloabder-20&linkCode=osi&th=1&psc=1">View Product</a></div>
<div class="product"><a href="https://www.amazon.com/dp/B0050N4DLE?tag=eloabder-20&linkCode=osi&th=1&psc=1"><img src="https://m.media-amazon.com/images/I/31-lmMmL35L._SL500_.jpg" alt="Product Image"></a><p>Garnier Fructis Style Pure Clean Styling Gel 6.8 Fl Oz, 1 Count, (Packaging May Vary)</p><p>$4.49 ($0.66 / Fl Oz)</p><a href="https://www.amazon.com/dp/B0050N4DLE?tag=eloabder-20&linkCode=osi&th=1&psc=1">View Product</a></div><div class="product"><a href="https://www.amazon.com/dp/B0CGRY2LBD?tag=eloabder-20&linkCode=osi&th=1&psc=1"><img src="https://m.media-amazon.com/images/I/31LifKXZKyL._SL500_.jpg" alt="Product Image"></a><p>TRESemmé Hair Gel Ultra Hold No Crunch 24H Frizz Control Alcohol-Free 9 oz</p><p>$6.98 ($0.13 / Fl Oz)</p><a href="https://www.amazon.com/dp/B0CGRY2LBD?tag=eloabder-20&linkCode=osi&th=1&psc=1">View Product</a></div><div class="product"><a href="https://www.amazon.com/dp/B0058YD85W?tag=eloabder-20&linkCode=osi&th=1&psc=1"><img src="https://m.media-amazon.com/images/I/31JUO8eAnvL._SL500_.jpg" alt="Product Image"></a><p>Wetline Xtreme Pro-Expert Styling Gel 15.87 Ounce (450g) (Pack of 1)</p><p>$7.19 ($0.46 / Ounce)</p><a href="https://www.amazon.com/dp/B0058YD85W?tag=eloabder-20&linkCode=osi&th=1&psc=1">View Product</a></div><div class="product"><a href="https://www.amazon.com/dp/B000141PYK?tag=eloabder-20&linkCode=osi&th=1&psc=1"><img src="https://m.media-amazon.com/images/I/31yPG0NXNpL._SL500_.jpg" alt="Product Image"></a><p>Paul Mitchell Extra-Body Sculpting Gel, Thickens + Builds Body, For Fine Hair, 6.8 fl. oz.</p><p>$15.00 ($2.21 / Fl Oz)</p><a href="https://www.amazon.com/dp/B000141PYK?tag=eloabder-20&linkCode=osi&th=1&psc=1">View Product</a></div><div class="product"><a href="https://www.amazon.com/dp/B07K3NC8J9?tag=eloabder-20&linkCode=osi&th=1&psc=1"><img src="https://m.media-amazon.com/images/I/41Ycur-KxBL._SL500_.jpg" alt="Product Image"></a><p>Aussie Instant Freeze Sculpting Hair Gel, Maximum Hold, No Flaking, Long-Lasting, with Jojoba Oil, Sea Kelp, Australian Aloe, Frizz Control, Citrus Floral Scent, 7 Fl Oz Triple Pack</p><p>$14.91 ($0.71 / Ounce)</p><a href="https://www.amazon.com/dp/B07K3NC8J9?tag=eloabder-20&linkCode=osi&th=1&psc=1">View Product</a></div><div class="product"><a href="https://www.amazon.com/dp/B005JT5XLI?tag=eloabder-20&linkCode=osi&th=1&psc=1"><img src="https://m.media-amazon.com/images/I/51wQAASQf5L._SL500_.jpg" alt="Product Image"></a><p>L.A. LOOKS SPORT XTRME HLD GEL 20 OZ (Pack of 3)</p><p>$16.49 ($0.27 / Ounce)</p><a href="https://www.amazon.com/dp/B005JT5XLI?tag=eloabder-20&linkCode=osi&th=1&psc=1">View Product</a></div><div class="product"><a href="https://www.amazon.com/dp/B00G5LLLD8?tag=eloabder-20&linkCode=osi&th=1&psc=1"><img src="https://m.media-amazon.com/images/I/31sxB8opm8L._SL500_.jpg" alt="Product Image"></a><p>American Crew Men's Hair Gel, Firm Hold, Non-Flaking Styling Gel, 3.3 Fl Oz</p><p>$7.44 ($2.25 / Fl Oz)</p><a href="https://www.amazon.com/dp/B00G5LLLD8?tag=eloabder-20&linkCode=osi&th=1&psc=1">View Product</a></div><div class="product"><a href="https://www.amazon.com/dp/B005659H3U?tag=eloabder-20&linkCode=osi&th=1&psc=1"><img src="https://m.media-amazon.com/images/I/318nG1CHFEL._SL500_.jpg" alt="Product Image"></a><p>JOHNNY B. Mode Hair Styling Gel for Men, Alcohol-Free, Water Soluble 16 oz.</p><p>$21.00 ($1.31 / Ounce)</p><a href="https://www.amazon.com/dp/B005659H3U?tag=eloabder-20&linkCode=osi&th=1&psc=1">View Product</a></div><div class="product"><a href="https://www.amazon.com/dp/B09QRVMW6M?tag=eloabder-20&linkCode=osi&th=1&psc=1"><img src="https://m.media-amazon.com/images/I/41zHCW2h4eL._SL500_.jpg" alt="Product Image"></a><p>Got2B Ultra Glued Invincible Styling Gel 2 - 6 oz tubes + 1 Travel 1.25 oz tube</p><p>$14.99</p><a href="https://www.amazon.com/dp/B09QRVMW6M?tag=eloabder-20&linkCode=osi&th=1&psc=1">View Product</a></div>
<div class="product"><a href="https://www.amazon.com/dp/B0065JCV84?tag=eloabder-20&linkCode=osi&th=1&psc=1"><img src="https://m.media-amazon.com/images/I/41rZBkLMn0L._SL500_.jpg" alt="Product Image"></a><p>Suavecito Pomade Original For Men 4 oz, 1 Pack - Medium Shine Water Based Wax Like Flake Free Hair Gel - Easy To Wash Out - All Day Hold For All Hairstyles</p><p>$14.99 ($3.75 / Ounce)</p><a href="https://www.amazon.com/dp/B0065JCV84?tag=eloabder-20&linkCode=osi&th=1&psc=1">View Product</a></div><div class="product"><a href="https://www.amazon.com/dp/B017S3LX8O?tag=eloabder-20&linkCode=osi&th=1&psc=1"><img src="https://m.media-amazon.com/images/I/41h6iIXYOPL._SL500_.jpg" alt="Product Image"></a><p>Suavecito Pomade Firme (Strong) Hold 4 Oz, 1 Pack - Strong Hold Hair Pomade For Men - Medium Shine Water Based Flake Free Hair Gel - Easy To Wash Out - All Day Hold For All Hair Styles</p><p>$14.99 ($3.75 / Ounce)</p><a href="https://www.amazon.com/dp/B017S3LX8O?tag=eloabder-20&linkCode=osi&th=1&psc=1">View Product</a></div><div class="product"><a href="https://www.amazon.com/dp/B0BQCWB8V7?tag=eloabder-20&linkCode=osi&th=1&psc=1"><img src="https://m.media-amazon.com/images/I/4143k5192bL._SL500_.jpg" alt="Product Image"></a><p>American Crew Men's Hair Pomade, Like Hair Gel with Medium Hold & High Shine, Travel Size, 1.7 oz (Pack of 1)</p><p>$8.97 ($5.28 / Ounce)</p><a href="https://www.amazon.com/dp/B0BQCWB8V7?tag=eloabder-20&linkCode=osi&th=1&psc=1">View Product</a></div><div class="product"><a href="https://www.amazon.com/dp/B0795YQ8H6?tag=eloabder-20&linkCode=osi&th=1&psc=1"><img src="https://m.media-amazon.com/images/I/41vJ820SsTL._SL500_.jpg" alt="Product Image"></a><p>Redken Brews Cream Pomade For Men | Men's Hair Styling Pomade | Medium Hold | Natural, Smooth Finish With Low Shine | For All Men Hair Types | Water-Based Pomade | 3.4 Oz</p><p>$21.00 ($6.18 / Fl Oz)</p><a href="https://www.amazon.com/dp/B0795YQ8H6?tag=eloabder-20&linkCode=osi&th=1&psc=1">View Product</a></div><div class="product"><a href="https://www.amazon.com/dp/B06WGRLTCV?tag=eloabder-20&linkCode=osi&th=1&psc=1"><img src="https://m.media-amazon.com/images/I/41Vt6GFHvkL._SL500_.jpg" alt="Product Image"></a><p>Suavecito Pomade Matte (No Shine) Formula 4 oz, 1 Pack - Medium Hold Hair Pomade For Men - Matte Hair Paste For Natural Texture Hairstyles</p><p>$14.99 ($3.75 / Ounce)</p><a href="https://www.amazon.com/dp/B06WGRLTCV?tag=eloabder-20&linkCode=osi&th=1&psc=1">View Product</a></div><div class="product"><a href="https://www.amazon.com/dp/B000MIKEZQ?tag=eloabder-20&linkCode=osi&th=1&psc=1"><img src="https://m.media-amazon.com/images/I/31IDWF0mvVL._SL500_.jpg" alt="Product Image"></a><p>Baxter of California Clay Pomade Firm Hold / Matte Finish Hair Pomade for Men and Women, Perfect for Texturizing Straight or Wavy Hair - 2 Ounces</p><p>$23.00 ($11.50 / Ounce)</p><a href="https://www.amazon.com/dp/B000MIKEZQ?tag=eloabder-20&linkCode=osi&th=1&psc=1">View Product</a></div><div class="product"><a href="https://www.amazon.com/dp/B0BZT8JYSR?tag=eloabder-20&linkCode=osi&th=1&psc=1"><img src="https://m.media-amazon.com/images/I/41eu30KFgXL._SL500_.jpg" alt="Product Image"></a><p>Highland Glacial Hair Clay Pomade - Award winning hair styling clay for men and women made with 100% all natural and organic ingredients that promote hair and scalp health. Low shine, Medium Hold.</p><p>$28.00 ($13.33 / Ounce)</p><a href="https://www.amazon.com/dp/B0BZT8JYSR?tag=eloabder-20&linkCode=osi&th=1&psc=1">View Product</a></div><div class="product"><a href="https://www.amazon.com/dp/B07MG7LY8X?tag=eloabder-20&linkCode=osi&th=1&psc=1"><img src="https://m.media-amazon.com/images/I/41oMBXaZoNL._SL500_.jpg" alt="Product Image"></a><p>Firsthand Supply Clay Pomade - Clean & Non-toxic Hair Care Ingredients - Long Lasting & Easy to Restyle - 3oz (88ml)</p><p>$28.00 ($9.33 / Ounce)</p><a href="https://www.amazon.com/dp/B07MG7LY8X?tag=eloabder-20&linkCode=osi&th=1&psc=1">View Product</a></div><div class="product"><a href="https://www.amazon.com/dp/B0BQCT5HZ1?tag=eloabder-20&linkCode=osi&th=1&psc=1"><img src="https://m.media-amazon.com/images/I/51k0sUjeq-L._SL500_.jpg" alt="Product Image"></a><p>American Crew Men's Hair Pomade, Like Hair Gel with Heavy Hold & High Shine, 3 Oz (Pack of 1)</p><p>$13.69 ($4.56 / Ounce)</p><a href="https://www.amazon.com/dp/B0BQCT5HZ1?tag=eloabder-20&linkCode=osi&th=1&psc=1">View Product</a></div>
<div class="product"><a href="https://www.amazon.com/dp/B0914XZT2W?tag=eloabder-20&linkCode=osi&th=1&psc=1"><img src="https://m.media-amazon.com/images/I/417h8kM6cCL._SL500_.jpg" alt="Product Image"></a><p>Samnyte Hair Wax Stick, Wax Stick for Hair Slick Stick, Hair Wax Stick for Women Kids, Hair Gel Stick for Girls Hair Accessories for Women Fly away Hair Tamer, Hair Bun Maker for Kids Styling Cream</p><p>$7.99 ($2.96 / Fl Oz)</p><a href="https://www.amazon.com/dp/B0914XZT2W?tag=eloabder-20&linkCode=osi&th=1&psc=1">View Product</a></div><div class="product"><a href="https://www.amazon.com/dp/B000141L58?tag=eloabder-20&linkCode=osi&th=1&psc=1"><img src="https://m.media-amazon.com/images/I/41K0c7+UtZL._SL500_.jpg" alt="Product Image"></a><p>TIGI Bed Head Hair Wax Stick for a Soft, Pliable Hold, Hair Care Slick Back Stick Styling Product with Beeswax & Japan Wax, 2.57 oz</p><p>$13.89</p><a href="https://www.amazon.com/dp/B000141L58?tag=eloabder-20&linkCode=osi&th=1&psc=1">View Product</a></div><div class="product"><a href="https://www.amazon.com/dp/B09TVZNDZ1?tag=eloabder-20&linkCode=osi&th=1&psc=1"><img src="https://m.media-amazon.com/images/I/41-wn1VQ3RL._SL500_.jpg" alt="Product Image"></a><p>Hair Wax Stick, Wax Stick for Hair, Slick Stick for Hair Non-greasy Styling Hair Pomade Stick, Strong Hold Makes Hair Look Neat and Tidy</p><p>$5.29</p><a href="https://www.amazon.com/dp/B09TVZNDZ1?tag=eloabder-20&linkCode=osi&th=1&psc=1">View Product</a></div><div class="product"><a href="https://www.amazon.com/dp/B0D4QSY3YK?tag=eloabder-20&linkCode=osi&th=1&psc=1"><img src="https://m.media-amazon.com/images/I/41THsFDrX-L._SL500_.jpg" alt="Product Image"></a><p>Pomade For Men, All Day Hold Matte Hair Wax, Matte Finish-Flake-Free-Non-Greasy Hair Styling Products, Hair Paste For All Hair Types (2 Oz)</p><p>$7.99 ($4.00 / Ounce)</p><a href="https://www.amazon.com/dp/B0D4QSY3YK?tag=eloabder-20&linkCode=osi&th=1&psc=1">View Product</a></div><div class="product"><a href="https://www.amazon.com/dp/B003F665GO?tag=eloabder-20&linkCode=osi&th=1&psc=1"><img src="https://m.media-amazon.com/images/I/41AwQKeoFXL._SL500_.jpg" alt="Product Image"></a><p>TRENDSTARTER - MATTE WAX (4oz) - Firm Hold - Matte Finish - Premium Water Based All-Day Hold Hair Styling Pomade – Flake-Free Styling Wax for All Hair Types</p><p>$14.99 ($3.75 / Ounce)</p><a href="https://www.amazon.com/dp/B003F665GO?tag=eloabder-20&linkCode=osi&th=1&psc=1">View Product</a></div><div class="product"><a href="https://www.amazon.com/dp/B098WYJ4M1?tag=eloabder-20&linkCode=osi&th=1&psc=1"><img src="https://m.media-amazon.com/images/I/41CvRhPKxTL._SL500_.jpg" alt="Product Image"></a><p>AnWoor Hair Wax Stick, Wax Stick for Hair Flyaways Kids & Women Hair Accessories for Women Girls Hair Bun Maker for Kids Hair Slick Stick Baby Hair Gel Stick Kids Hair Products Hair Smoothing Stick</p><p>$5.99 ($2.22 / Ounce)</p><a href="https://www.amazon.com/dp/B098WYJ4M1?tag=eloabder-20&linkCode=osi&th=1&psc=1">View Product</a></div><div class="product"><a href="https://www.amazon.com/dp/B0017K8HJS?tag=eloabder-20&linkCode=osi&th=1&psc=1"><img src="https://m.media-amazon.com/images/I/31cCNNG2BlL._SL500_.jpg" alt="Product Image"></a><p>KeraCare Hair Wax Stick - 2.6 ounce - Castor Seed Oil - for Flyaways and Frizz - For All Hair Types - Slicked Back looks, Spikes, Braids, Twists, Tames Flyaways and Frizz, Wigs</p><p>$8.95 ($3.44 / Ounce)</p><a href="https://www.amazon.com/dp/B0017K8HJS?tag=eloabder-20&linkCode=osi&th=1&psc=1">View Product</a></div><div class="product"><a href="https://www.amazon.com/dp/B0B64QZSBV?tag=eloabder-20&linkCode=osi&th=1&psc=1"><img src="https://m.media-amazon.com/images/I/31oTfmZxk6L._SL500_.jpg" alt="Product Image"></a><p>Redken Spray Wax Invisible Texture Mist | For All Hair Types | High Impact Finishing Spray-Wax | Adds Volumizing Body & Dimension With A Satin-Matte Finish | Medium Control | 5.5 Oz</p><p>$24.00 ($4.36 / Ounce)</p><a href="https://www.amazon.com/dp/B0B64QZSBV?tag=eloabder-20&linkCode=osi&th=1&psc=1">View Product</a></div><div class="product"><a href="https://www.amazon.com/dp/B07KB39L6L?tag=eloabder-20&linkCode=osi&th=1&psc=1"><img src="https://m.media-amazon.com/images/I/51U76BCUc5L._SL500_.jpg" alt="Product Image"></a><p>Hair Dough Styling Clay For Men, Matte Finish Molding Hair Wax Paste Quiff, Strong Hold Without The Shine</p><p>$18.99 ($5.43 / Ounce)</p><a href="https://www.amazon.com/dp/B07KB39L6L?tag=eloabder-20&linkCode=osi&th=1&psc=1">View Product</a></div><div class="product"><a href="https://www.amazon.com/dp/B0CNF6J67K?tag=eloabder-20&linkCode=osi&th=1&psc=1"><img src="https://m.media-amazon.com/images/I/61QPYTHFPTL._SL500_.jpg" alt="Product Image"></a><p>Nexxus Strong Hold Hair Wax Slick Stick for Slicked-Back Look with StyleProtect Technology 2.33 oz</p><p>$15.68 ($6.73 / Ounce)</p><a href="https://www.amazon.com/dp/B0CNF6J67K?tag=eloabder-20&linkCode=osi&th=1&psc=1">View Product</a></div>
<div class="product"><a href="https://www.amazon.com/dp/B004INIW1Y?tag=eloabder-20&linkCode=osi&th=1&psc=1"><img src="https://m.media-amazon.com/images/I/51QXVxOgEkL._SL500_.jpg" alt="Product Image"></a><p>L'Oreal Paris Excellence Creme Permanent Hair Color, 4 Dark Brown, 100 percent Gray Coverage Hair Dye, Pack of 1</p><p>$10.97</p><a href="https://www.amazon.com/dp/B004INIW1Y?tag=eloabder-20&linkCode=osi&th=1&psc=1">View Product</a></div><div class="product"><a href="https://www.amazon.com/dp/B001UMV18M?tag=eloabder-20&linkCode=osi&th=1&psc=1"><img src="https://m.media-amazon.com/images/I/51h21IlxAhL._SL500_.jpg" alt="Product Image"></a><p>Garnier Hair Color Nutrisse Nourishing Creme, 415 Soft Mahogany Brown (Raspberry Truffle) Permanent Hair Dye, 1 Count (Packaging May Vary)</p><p>$8.47</p><a href="https://www.amazon.com/dp/B001UMV18M?tag=eloabder-20&linkCode=osi&th=1&psc=1">View Product</a></div><div class="product"><a href="https://www.amazon.com/dp/B09LXHQ8LJ?tag=eloabder-20&linkCode=osi&th=1&psc=1"><img src="https://m.media-amazon.com/images/I/51Sptr1SgbL._SL500_.jpg" alt="Product Image"></a><p>Revlon ColorSilk Beautiful Color Permanent Hair Color, Long-Lasting High-Definition Color, Shine & Silky Softness with 100% Gray Coverage, Ammonia Free, 47 Medium Rich Brown, 3 Pack</p><p>$11.91 ($0.90 / Fl Oz)</p><a href="https://www.amazon.com/dp/B09LXHQ8LJ?tag=eloabder-20&linkCode=osi&th=1&psc=1">View Product</a></div><div class="product"><a href="https://www.amazon.com/dp/B01829EORK?tag=eloabder-20&linkCode=osi&th=1&psc=1"><img src="https://m.media-amazon.com/images/I/51stlwOWBeL._SL500_.jpg" alt="Product Image"></a><p>Schwarzkopf Color Ultime Hair Color, 1.4 Sapphire Black, 1 Application - Permanent Black Hair Dye for Vivid Color Intensity and Fade-Resistant Shine up to 10 Weeks</p><p>$7.59</p><a href="https://www.amazon.com/dp/B01829EORK?tag=eloabder-20&linkCode=osi&th=1&psc=1">View Product</a></div><div class="product"><a href="https://www.amazon.com/dp/B07HXH48TF?tag=eloabder-20&linkCode=osi&th=1&psc=1"><img src="https://m.media-amazon.com/images/I/51VP1hHWq9L._SL500_.jpg" alt="Product Image"></a><p>Garnier Hair Color Nutrisse Nourishing Creme, 50 Medium Natural Brown (Truffle) Permanent Hair Dye, 2 Count (Packaging May Vary)</p><p>$16.94 ($8.47 / Count)</p><a href="https://www.amazon.com/dp/B07HXH48TF?tag=eloabder-20&linkCode=osi&th=1&psc=1">View Product</a></div><div class="product"><a href="https://www.amazon.com/dp/B0CP2T3757?tag=eloabder-20&linkCode=osi&th=1&psc=1"><img src="https://m.media-amazon.com/images/I/416GbfPvRNL._SL500_.jpg" alt="Product Image"></a><p>Clairol Textures & Tones Permanent Hair Dye, 1B Silken Black Hair Color, Pack of 1</p><p>$9.99 ($1.70 / Fl Oz)</p><a href="https://www.amazon.com/dp/B0CP2T3757?tag=eloabder-20&linkCode=osi&th=1&psc=1">View Product</a></div><div class="product"><a href="https://www.amazon.com/dp/B07BVTWZDN?tag=eloabder-20&linkCode=osi&th=1&psc=1"><img src="https://m.media-amazon.com/images/I/51D+wKgQAnL._SL500_.jpg" alt="Product Image"></a><p>Garnier Hair Color Olia Ammonia-Free Brilliant Color Oil-Rich Permanent Hair Dye, 1.0 Black, 2 Count (Packaging May Vary)</p><p>$18.94 ($9.47 / Count)</p><a href="https://www.amazon.com/dp/B07BVTWZDN?tag=eloabder-20&linkCode=osi&th=1&psc=1">View Product</a></div><div class="product"><a href="https://www.amazon.com/dp/B00TULC5N0?tag=eloabder-20&linkCode=osi&th=1&psc=1"><img src="https://m.media-amazon.com/images/I/5186ryxWAkL._SL500_.jpg" alt="Product Image"></a><p>Schwarzkopf Keratin Color Permanent Hair Color, 4.6 Intense Cocoa, 1 Application - Salon Inspired Permanent Hair Dye, for up to 80% Less Breakage vs Untreated Hair and up to 100% Gray Coverage</p><p>$11.89</p><a href="https://www.amazon.com/dp/B00TULC5N0?tag=eloabder-20&linkCode=osi&th=1&psc=1">View Product</a></div>

<div class="product"><a href="https://www.amazon.com/dp/B08GSTPT8Y?tag=eloabder-20&linkCode=osi&th=1&psc=1"><img src="https://m.media-amazon.com/images/I/41sX+hKcbML._SL500_.jpg" alt="Product Image"></a><p>AOA Studio Collection makeup Sponge Set Latex Free and High-definition Set of 6 makeup Wonder blender For Powder Cream and Liquid, Super Soft Wonder Beauty Cosmetic</p><p>$9.95 ($1.66 / Count)</p><a href="https://www.amazon.com/dp/B08GSTPT8Y?tag=eloabder-20&linkCode=osi&th=1&psc=1">View Product</a></div><div class="product"><a href="https://www.amazon.com/dp/B0CJFFR574?tag=eloabder-20&linkCode=osi&th=1&psc=1"><img src="https://m.media-amazon.com/images/I/41nkQ05yLcL._SL500_.jpg" alt="Product Image"></a><p>SUNGBOON EDITOR Deep Collagen Overnight Mask 37gx4ea | The real collagen 2,160,000ppb | Facial Hydrogel Masks with low molecular weight collagen for elasticity, firming, and moisturizing</p><p>$19.00 ($4.75 / Count)</p><a href="https://www.amazon.com/dp/B0CJFFR574?tag=eloabder-20&linkCode=osi&th=1&psc=1">View Product</a></div><div class="product"><a href="https://www.amazon.com/dp/B0C4H1GPG1?tag=eloabder-20&linkCode=osi&th=1&psc=1"><img src="https://m.media-amazon.com/images/I/41jyzyKyY2L._SL500_.jpg" alt="Product Image"></a><p>BEAKEY Latex Free Blender Makeup Sponge for Blending, Pink Makeup Sponge Set, Soft Beauty Sponge, for Flawless Application of Liquid, Cream, and Powder Cosmetics, Pink Makeup Gifts</p><p>$6.99 ($1.40 / Count)</p><a href="https://www.amazon.com/dp/B0C4H1GPG1?tag=eloabder-20&linkCode=osi&th=1&psc=1">View Product</a></div><div class="product"><a href="https://www.amazon.com/dp/B0B45LL4DD?tag=eloabder-20&linkCode=osi&th=1&psc=1"><img src="https://m.media-amazon.com/images/I/31ZNIWikbtL._SL500_.jpg" alt="Product Image"></a><p>Beauty of Joseon Revive Eye Serum with Retinal Niacinamide Correction for Puffy Eye Bags Fine Lines Dark Circles Wrinkles, Korean Skin Care 30ml, 1 fl.oz</p><p>$14.93 ($14.93 / Fl Oz)</p><a href="https://www.amazon.com/dp/B0B45LL4DD?tag=eloabder-20&linkCode=osi&th=1&psc=1">View Product</a></div><div class="product"><a href="https://www.amazon.com/dp/B00PBX3L7K?tag=eloabder-20&linkCode=osi&th=1&psc=1"><img src="https://m.media-amazon.com/images/I/31OiAm-FA8L._SL500_.jpg" alt="Product Image"></a><p>COSRX Snail Mucin 96% Power Repairing Essence 3.38 fl.oz 100ml, Hydrating Serum for Face with Snail Secretion Filtrate for Dull Skin & Fine Lines, Korean Skincare</p><p>$14.50 ($4.29 / Fl Oz)</p><a href="https://www.amazon.com/dp/B00PBX3L7K?tag=eloabder-20&linkCode=osi&th=1&psc=1">View Product</a></div><div class="product"><a href="https://www.amazon.com/dp/B00QPNVC0I?tag=eloabder-20&linkCode=osi&th=1&psc=1"><img src="https://m.media-amazon.com/images/I/31wV3gYUEpL._SL500_.jpg" alt="Product Image"></a><p>Real Techniques Miracle Complexion Sponge Set Duo, 2 Makeup Sponges For Liquid & Cream Makeup, Makeup Blender Sponge For Buildable Coverage, Foundation Sponge For Natural, Dewy Base, Latex-Free Foam</p><p>$7.69 ($3.84 / Count)</p><a href="https://www.amazon.com/dp/B00QPNVC0I?tag=eloabder-20&linkCode=osi&th=1&psc=1">View Product</a></div><div class="product"><a href="https://www.amazon.com/dp/B0CZYJYX4Q?tag=eloabder-20&linkCode=osi&th=1&psc=1"><img src="https://m.media-amazon.com/images/I/31hNatkE-9L._SL500_.jpg" alt="Product Image"></a><p>LANEIGE Lip Glowy Balm Mango: Hydrate, Glossy, Lightweight, Moisturize & Tint with Shea Butter</p><p>$19.00 ($54.29 / Ounce)</p><a href="https://www.amazon.com/dp/B0CZYJYX4Q?tag=eloabder-20&linkCode=osi&th=1&psc=1">View Product</a></div><div class="product"><a href="https://www.amazon.com/dp/B0CXQR14J3?tag=eloabder-20&linkCode=osi&th=1&psc=1"><img src="https://m.media-amazon.com/images/I/31RRaB6c+JL._SL500_.jpg" alt="Product Image"></a><p>e.l.f. Power Grip Dewy Setting Spray, Ultra Fine Mist Made With Hyaluronic Acid, Grips Makeup For A Hydrated, Dewy Finish, Vegan & Cruelty-Free</p><p>$10.00 ($3.70 / Fl Oz)</p><a href="https://www.amazon.com/dp/B0CXQR14J3?tag=eloabder-20&linkCode=osi&th=1&psc=1">View Product</a></div><div class="product"><a href="https://www.amazon.com/dp/B0CZF2T7CK?tag=eloabder-20&linkCode=osi&th=1&psc=1"><img src="https://m.media-amazon.com/images/I/41nBLpIw8wL._SL500_.jpg" alt="Product Image"></a><p>L'Oreal Paris Infallible 3-Second Setting Spray Mist, Microfine Mist for up to 36HR Wear, Clear, 1.76 Fl Oz</p><p>$10.98</p><a href="https://www.amazon.com/dp/B0CZF2T7CK?tag=eloabder-20&linkCode=osi&th=1&psc=1">View Product</a></div>
<div class="product"><a href="https://www.amazon.com/dp/B0D3JDYWZ6?tag=eloabder-20&linkCode=osi&th=1&psc=1"><img src="https://m.media-amazon.com/images/I/41c+v1LLXzL._SL500_.jpg" alt="Product Image"></a><p>e.l.f. Soft Glam Foundation, Medium Coverage, Long-Lasting & Buildable Foundation For A Smooth, Satin Finish, Vegan & Cruelty-Free, 31 Medium Neutral</p><p>$7.99</p><a href="https://www.amazon.com/dp/B0D3JDYWZ6?tag=eloabder-20&linkCode=osi&th=1&psc=1">View Product</a></div><div class="product"><a href="https://www.amazon.com/dp/B00PFCSURS?tag=eloabder-20&linkCode=osi&th=1&psc=1"><img src="https://m.media-amazon.com/images/I/41v54YdLHSL._SL500_.jpg" alt="Product Image"></a><p>Maybelline Fit Me Matte + Poreless Liquid Oil-Free Foundation Makeup, Natural Beige, 1 Count (Packaging May Vary)</p><p>$9.99</p><a href="https://www.amazon.com/dp/B00PFCSURS?tag=eloabder-20&linkCode=osi&th=1&psc=1">View Product</a></div><div class="product"><a href="https://www.amazon.com/dp/B07DFK238H?tag=eloabder-20&linkCode=osi&th=1&psc=1"><img src="https://m.media-amazon.com/images/I/31mAhNJ+4hL._SL500_.jpg" alt="Product Image"></a><p>e.l.f. Flawless Finish Foundation, Lightweight & Medium Coverage, Semi-Matte Finish, Light Ivory, 0.68 Fl Oz (20mL)</p><p>$6.00</p><a href="https://www.amazon.com/dp/B07DFK238H?tag=eloabder-20&linkCode=osi&th=1&psc=1">View Product</a></div><div class="product"><a href="https://www.amazon.com/dp/B01ACPW1SG?tag=eloabder-20&linkCode=osi&th=1&psc=1"><img src="https://m.media-amazon.com/images/I/41aIRzbHxNL._SL500_.jpg" alt="Product Image"></a><p>CoverGirl & Olay Simply Ageless 3-in-1 Liquid Foundation, Matte Finish, Hyaluronic & Vitamin C Formula, Cruelty Free, Classic Ivory, 1 Count</p><p>$10.49</p><a href="https://www.amazon.com/dp/B01ACPW1SG?tag=eloabder-20&linkCode=osi&th=1&psc=1">View Product</a></div><div class="product"><a href="https://www.amazon.com/dp/B000IEMGGE?tag=eloabder-20&linkCode=osi&th=1&psc=1"><img src="https://m.media-amazon.com/images/I/41RtSkNmHSL._SL500_.jpg" alt="Product Image"></a><p>LAURA GELLER NEW YORK Award-Winning Baked Balance-n-Brighten Color Correcting Powder Foundation - Fair - Buildable Light to Medium Coverage - Demi-Matte Natural Finish</p><p>$22.13</p><a href="https://www.amazon.com/dp/B000IEMGGE?tag=eloabder-20&linkCode=osi&th=1&psc=1">View Product</a></div><div class="product"><a href="https://www.amazon.com/dp/B0BCH5WVW6?tag=eloabder-20&linkCode=osi&th=1&psc=1"><img src="https://m.media-amazon.com/images/I/31wajekqpGL._SL500_.jpg" alt="Product Image"></a><p>L'Oreal Paris True Match Super-Blendable Foundation, Medium Coverage Liquid Foundation Makeup, N4, Light Medium, 1 Fl Oz</p><p>$9.97</p><a href="https://www.amazon.com/dp/B0BCH5WVW6?tag=eloabder-20&linkCode=osi&th=1&psc=1">View Product</a></div><div class="product"><a href="https://www.amazon.com/dp/B07MWSP8SG?tag=eloabder-20&linkCode=osi&th=1&psc=1"><img src="https://m.media-amazon.com/images/I/31B37fmqI7L._SL500_.jpg" alt="Product Image"></a><p>e.l.f. Flawless Finish Foundation, Improves Uneven Skin Tone, Lightweight, Medium Coverage & Semi-Matte, Vegan & Cruelty-Free, Beige 0.67 Fl Oz</p><p>$6.00</p><a href="https://www.amazon.com/dp/B07MWSP8SG?tag=eloabder-20&linkCode=osi&th=1&psc=1">View Product</a></div><div class="product"><a href="https://www.amazon.com/dp/B091D8BXSQ?tag=eloabder-20&linkCode=osi&th=1&psc=1"><img src="https://m.media-amazon.com/images/I/31ktknDTqTL._SL500_.jpg" alt="Product Image"></a><p>L'Oreal Paris True Match Nude Hyaluronic Tinted Serum Foundation with 1% Hyaluronic acid, Light 2-3, 1 fl. oz.</p><p>$15.18</p><a href="https://www.amazon.com/dp/B091D8BXSQ?tag=eloabder-20&linkCode=osi&th=1&psc=1">View Product</a></div><div class="product"><a href="https://www.amazon.com/dp/B07Z9WBHXK?tag=eloabder-20&linkCode=osi&th=1&psc=1"><img src="https://m.media-amazon.com/images/I/31c2z97BuBL._SL500_.jpg" alt="Product Image"></a><p>L'Oreal Paris Age Perfect Radiant Serum Foundation with SPF 50, Ivory, 1 fl. oz.</p><p>$14.17</p><a href="https://www.amazon.com/dp/B07Z9WBHXK?tag=eloabder-20&linkCode=osi&th=1&psc=1">View Product</a></div><div class="product"><a href="https://www.amazon.com/dp/B09LCGN136?tag=eloabder-20&linkCode=osi&th=1&psc=1"><img src="https://m.media-amazon.com/images/I/4107EiwloYL._SL500_.jpg" alt="Product Image"></a><p>TIRTIR Mask Fit Red Cushion Foundation | Japan's No.1 Choice for Glass skin, Long-Lasting, Lightweight, Buildable Coverage, Semi-Matte (17C Porcelain, 0.63 Fl Oz (Pack of 1))</p><p>$25.00 ($39.68 / Fl Oz)</p><a href="https://www.amazon.com/dp/B09LCGN136?tag=eloabder-20&linkCode=osi&th=1&psc=1">View Product</a></div>
<div class="product"><a href="https://www.amazon.com/dp/B07Q9V4KMJ?tag=eloabder-20&linkCode=osi&th=1&psc=1"><img src="https://m.media-amazon.com/images/I/31pro1JWTCL._SL500_.jpg" alt="Product Image"></a><p>Maybelline Instant Age Rewind Eraser Dark Circles Treatment Multi-Use Concealer, 115, 1 Count (Packaging May Vary)</p><p>$8.42</p><a href="https://www.amazon.com/dp/B07Q9V4KMJ?tag=eloabder-20&linkCode=osi&th=1&psc=1">View Product</a></div><div class="product"><a href="https://www.amazon.com/dp/B07ZR14WBZ?tag=eloabder-20&linkCode=osi&th=1&psc=1"><img src="https://m.media-amazon.com/images/I/313ljymBVaL._SL500_.jpg" alt="Product Image"></a><p>e.l.f. Hydrating Camo Concealer, Lightweight, Full Coverage, Long Lasting, Conceals, Corrects, Covers, Hydrates, Highlights, Light Sand, Satin Finish, 25 Shades, All-Day Wear, 0.20 Fl Oz</p><p>$7.00</p><a href="https://www.amazon.com/dp/B07ZR14WBZ?tag=eloabder-20&linkCode=osi&th=1&psc=1">View Product</a></div><div class="product"><a href="https://www.amazon.com/dp/B0046VJV36?tag=eloabder-20&linkCode=osi&th=1&psc=1"><img src="https://m.media-amazon.com/images/I/31-ZFCLgLcL._SL500_.jpg" alt="Product Image"></a><p>Maybelline New York Fit Me Liquid Concealer Makeup, Natural Coverage, Lightweight, Conceals, Covers Oil-Free, Fair, 1 Count (Packaging May Vary)</p><p>$6.31</p><a href="https://www.amazon.com/dp/B0046VJV36?tag=eloabder-20&linkCode=osi&th=1&psc=1">View Product</a></div><div class="product"><a href="https://www.amazon.com/dp/B07ZR1CQHS?tag=eloabder-20&linkCode=osi&th=1&psc=1"><img src="https://m.media-amazon.com/images/I/31s0zWRX+4L._SL500_.jpg" alt="Product Image"></a><p>e.l.f. 16HR Camo Concealer, Full Coverage, Highly Pigmented Concealer With Matte Finish, Crease-proof, Vegan & Cruelty-Free, Light Ivory, 0.203 Fl Oz</p><p>$7.00</p><a href="https://www.amazon.com/dp/B07ZR1CQHS?tag=eloabder-20&linkCode=osi&th=1&psc=1">View Product</a></div><div class="product"><a href="https://www.amazon.com/dp/B0814SLHQH?tag=eloabder-20&linkCode=osi&th=1&psc=1"><img src="https://m.media-amazon.com/images/I/312GW4aGnRL._SL500_.jpg" alt="Product Image"></a><p>Neutrogena Healthy Skin Radiant Brightening Cream Concealer with Peptides & Vitamin E Antioxidant,Lightweight Perfecting Concealer,Non-Comedogenic,Bisque Light/Medium 02 neutral undertones,0.24 oz</p><p>$5.62</p><a href="https://www.amazon.com/dp/B0814SLHQH?tag=eloabder-20&linkCode=osi&th=1&psc=1">View Product</a></div><div class="product"><a href="https://www.amazon.com/dp/B007MJKHPA?tag=eloabder-20&linkCode=osi&th=1&psc=1"><img src="https://m.media-amazon.com/images/I/31ljSDY5P1L._SL500_.jpg" alt="Product Image"></a><p>L.A. Girl Pro Conceal HD Concealer, Creamy Beige, 0.28 Ounce</p><p>$4.97 ($17.75 / Ounce)</p><a href="https://www.amazon.com/dp/B007MJKHPA?tag=eloabder-20&linkCode=osi&th=1&psc=1">View Product</a></div><div class="product"><a href="https://www.amazon.com/dp/B09HNMRQN2?tag=eloabder-20&linkCode=osi&th=1&psc=1"><img src="https://m.media-amazon.com/images/I/31vIe0FIEML._SL500_.jpg" alt="Product Image"></a><p>NYX PROFESSIONAL MAKEUP Bare With Me Concealer Serum, Up To 24Hr Hydration - Vanilla</p><p>$9.00</p><a href="https://www.amazon.com/dp/B09HNMRQN2?tag=eloabder-20&linkCode=osi&th=1&psc=1">View Product</a></div><div class="product"><a href="https://www.amazon.com/dp/B06XQWS1N9?tag=eloabder-20&linkCode=osi&th=1&psc=1"><img src="https://m.media-amazon.com/images/I/31rKumTg1GL._SL500_.jpg" alt="Product Image"></a><p>COVERGIRL Smoothers Concealer, Medium 715, 0.14 ounce (packaging may vary)</p><p>$7.28</p><a href="https://www.amazon.com/dp/B06XQWS1N9?tag=eloabder-20&linkCode=osi&th=1&psc=1">View Product</a></div><div class="product"><a href="https://www.amazon.com/dp/B07H67H5LH?tag=eloabder-20&linkCode=osi&th=1&psc=1"><img src="https://m.media-amazon.com/images/I/31bWoYCj-nL._SL500_.jpg" alt="Product Image"></a><p>L'Oreal Paris Makeup Infallible Full Wear Waterproof Matte Concealer, Full Coverage, Ivory, 0.33 fl. oz.</p><p>$11.45</p><a href="https://www.amazon.com/dp/B07H67H5LH?tag=eloabder-20&linkCode=osi&th=1&psc=1">View Product</a></div><div class="product"><a href="https://www.amazon.com/dp/B0B51NLJWQ?tag=eloabder-20&linkCode=osi&th=1&psc=1"><img src="https://m.media-amazon.com/images/I/31GXqccxM0L._SL500_.jpg" alt="Product Image"></a><p>Fièra Luxury Concealer with Anti-Aging - All Day Coverage for Dark Circles, Fine Lines, Wrinkles & Spots - Neutral Beige, 0.5 Ounce</p><p>$27.00</p><a href="https://www.amazon.com/dp/B0B51NLJWQ?tag=eloabder-20&linkCode=osi&th=1&psc=1">View Product</a></div>
<div class="product"><a href="https://www.amazon.com/dp/B01IM0LVFC?tag=eloabder-20&linkCode=osi&th=1&psc=1"><img src="https://m.media-amazon.com/images/I/31r47BdfjGL._SL500_.jpg" alt="Product Image"></a><p>e.l.f. Prime & Stay Finishing Powder, Sets Makeup, Controls Shine & Smooths Complexion, Sheer, 0.18 Oz (5g)</p><p>$4.00</p><a href="https://www.amazon.com/dp/B01IM0LVFC?tag=eloabder-20&linkCode=osi&th=1&psc=1">View Product</a></div><div class="product"><a href="https://www.amazon.com/dp/B004GC74GG?tag=eloabder-20&linkCode=osi&th=1&psc=1"><img src="https://m.media-amazon.com/images/I/41kZTeBUCSL._SL500_.jpg" alt="Product Image"></a><p>Revlon Face Powder, ColorStay 16 Hour Face Makeup, Longwear Medium- Full Coverage with Flawless Finish, Shine & Oil Free, 880 Translucent, 0.3 Oz</p><p>$9.62</p><a href="https://www.amazon.com/dp/B004GC74GG?tag=eloabder-20&linkCode=osi&th=1&psc=1">View Product</a></div><div class="product"><a href="https://www.amazon.com/dp/B0CPFY5F7P?tag=eloabder-20&linkCode=osi&th=1&psc=1"><img src="https://m.media-amazon.com/images/I/41rYvHbKJ0L._SL500_.jpg" alt="Product Image"></a><p>e.l.f. Primer-Infused Bronzer, Long-Lasting, Lightweight & Buildable Powder Bronzer, Delivers A Matte Finish, Vegan & Cruelty-Free, Catching Rays</p><p>$7.00</p><a href="https://www.amazon.com/dp/B0CPFY5F7P?tag=eloabder-20&linkCode=osi&th=1&psc=1">View Product</a></div><div class="product"><a href="https://www.amazon.com/dp/B0B2VXZRHH?tag=eloabder-20&linkCode=osi&th=1&psc=1"><img src="https://m.media-amazon.com/images/I/41p6UtnQJWL._SL500_.jpg" alt="Product Image"></a><p>bareMinerals Barepro 16HR Skin-Perfecting Powder Foundation, Matte Pressed Powder Foundation Full Coverage with Plant-Based Squalene, Oil Control, Vegan</p><p>$42.00 ($150.00 / Ounce)</p><a href="https://www.amazon.com/dp/B0B2VXZRHH?tag=eloabder-20&linkCode=osi&th=1&psc=1">View Product</a></div><div class="product"><a href="https://www.amazon.com/dp/B0D4752RVV?tag=eloabder-20&linkCode=osi&th=1&psc=1"><img src="https://m.media-amazon.com/images/I/31WKVfT2bML._SL500_.jpg" alt="Product Image"></a><p>Revolution Beauty, Loose Baking Powder, Makeup Setting Powder, Long Lasting Coverage, Mattifies & Reduces Shine, Rose, 1.13 Oz</p><p>$8.00</p><a href="https://www.amazon.com/dp/B0D4752RVV?tag=eloabder-20&linkCode=osi&th=1&psc=1">View Product</a></div><div class="product"><a href="https://www.amazon.com/dp/B0C9LPPJ26?tag=eloabder-20&linkCode=osi&th=1&psc=1"><img src="https://m.media-amazon.com/images/I/51iWoZ-wkuL._SL500_.jpg" alt="Product Image"></a><p>AZUREBEAUTY 42 Pcs Dip Nails Powder Starter Kit, 32 Hot Pink Blue Purple Color Changing Spring Dipping Powder Liquid Set with Base Coat/Top Coat/Activator for French Manicure Salon DIY.</p><p>$19.99 ($19.99 / Count)</p><a href="https://www.amazon.com/dp/B0C9LPPJ26?tag=eloabder-20&linkCode=osi&th=1&psc=1">View Product</a></div><div class="product"><a href="https://www.amazon.com/dp/B0D2N1SZ9V?tag=eloabder-20&linkCode=osi&th=1&psc=1"><img src="https://m.media-amazon.com/images/I/41Ogu3bO7hL._SL500_.jpg" alt="Product Image"></a><p>Artdone Chrome Nail Powder Magic White Pearl Kit Mirror Effect Silver Metallic Holographic Dip Nail Powder For Resin Craft & Nail Art Decoration Iridescent Aurora Mermaid Pigment</p><p>$3.99 ($28.28 / Ounce)</p><a href="https://www.amazon.com/dp/B0D2N1SZ9V?tag=eloabder-20&linkCode=osi&th=1&psc=1">View Product</a></div><div class="product"><a href="https://www.amazon.com/dp/B0D19YQWSX?tag=eloabder-20&linkCode=osi&th=1&psc=1"><img src="https://m.media-amazon.com/images/I/21GbGbhBFWL._SL500_.jpg" alt="Product Image"></a><p>NYX PROFESSIONAL MAKEUP Brow Powder Louder Eyebrow Pencil, Brow Pencil with Buildable Volume For Up To 12HR Wear, Vegan Formula - Ash Brown</p><p>$6.00</p><a href="https://www.amazon.com/dp/B0D19YQWSX?tag=eloabder-20&linkCode=osi&th=1&psc=1">View Product</a></div><div class="product"><a href="https://www.amazon.com/dp/B00AOU5NVC?tag=eloabder-20&linkCode=osi&th=1&psc=1"><img src="https://m.media-amazon.com/images/I/31eI9oALZzL._SL500_.jpg" alt="Product Image"></a><p>Neutrogena Mineral Sheers Lightweight Loose Powder Makeup Foundation with Vitamins A, C, & E, Sheer to Medium Buildable Coverage, Skin Tone Enhancer, Face Redness Reducer, Nude 40,.19 oz</p><p>$5.72</p><a href="https://www.amazon.com/dp/B00AOU5NVC?tag=eloabder-20&linkCode=osi&th=1&psc=1">View Product</a></div>
<div class="product"><a href="https://www.amazon.com/dp/B07PNCB73M?tag=eloabder-20&linkCode=osi&th=1&psc=1"><img src="https://m.media-amazon.com/images/I/41+KYSFOLML._SL500_.jpg" alt="Product Image"></a><p>Milani Baked Blush - Petal Primavera (0.12 Ounce) Cruelty-Free Powder Blush - Shape, Contour & Highlight Face for a Shimmery or Matte Finish</p><p>$8.97</p><a href="https://www.amazon.com/dp/B07PNCB73M?tag=eloabder-20&linkCode=osi&th=1&psc=1">View Product</a></div><div class="product"><a href="https://www.amazon.com/dp/B0CPFYGNR7?tag=eloabder-20&linkCode=osi&th=1&psc=1"><img src="https://m.media-amazon.com/images/I/31EJvMa7jyL._SL500_.jpg" alt="Product Image"></a><p>e.l.f. Camo Liquid Blush, Long-lasting Liquid Blush For High-pigment Color, Creates A Soft, Dewy Finish, Vegan & Cruelty-free, Dusty Rosé</p><p>$7.00</p><a href="https://www.amazon.com/dp/B0CPFYGNR7?tag=eloabder-20&linkCode=osi&th=1&psc=1">View Product</a></div><div class="product"><a href="https://www.amazon.com/dp/B0CZ5HLDK9?tag=eloabder-20&linkCode=osi&th=1&psc=1"><img src="https://m.media-amazon.com/images/I/41rZu1cS8QL._SL500_.jpg" alt="Product Image"></a><p>NYX PROFESSIONAL MAKEUP Buttermelt Powder Blush, Fade and Transfer-Resistant Blush, Up to 12HR Make Up Wear, Vegan Formula - For The Butta</p><p>$9.97</p><a href="https://www.amazon.com/dp/B0CZ5HLDK9?tag=eloabder-20&linkCode=osi&th=1&psc=1">View Product</a></div><div class="product"><a href="https://www.amazon.com/dp/B06XDNPXD1?tag=eloabder-20&linkCode=osi&th=1&psc=1"><img src="https://m.media-amazon.com/images/I/41IryPTf51L._SL500_.jpg" alt="Product Image"></a><p>Maybelline Fit Me Powder Blush, Lightweight, Smooth, Blendable, Long-lasting All-Day Face Enhancing Makeup Color, Mauve, 1 Count</p><p>$4.62</p><a href="https://www.amazon.com/dp/B06XDNPXD1?tag=eloabder-20&linkCode=osi&th=1&psc=1">View Product</a></div><div class="product"><a href="https://www.amazon.com/dp/B082YPNTZ4?tag=eloabder-20&linkCode=osi&th=1&psc=1"><img src="https://m.media-amazon.com/images/I/41vtXkWXs8L._SL500_.jpg" alt="Product Image"></a><p>wet n wild Color Icon Blush, Effortless Glow & Seamless Blend infused with Luxuriously Smooth Jojoba Oil, Sheer Finish with a Matte Natural Glow, Cruelty-Free & Vegan - Pinch Me Pink</p><p>$3.28</p><a href="https://www.amazon.com/dp/B082YPNTZ4?tag=eloabder-20&linkCode=osi&th=1&psc=1">View Product</a></div><div class="product"><a href="https://www.amazon.com/dp/B0CPFWJJQJ?tag=eloabder-20&linkCode=osi&th=1&psc=1"><img src="https://m.media-amazon.com/images/I/41+GdEwyGqL._SL500_.jpg" alt="Product Image"></a><p>e.l.f. Primer-Infused Matte Blush, Long-Lasting, Lightweight & Buildable Powder Blush, Delivers A Matte Finish, Vegan & Cruelty-Free, Always Crushing</p><p>$7.00</p><a href="https://www.amazon.com/dp/B0CPFWJJQJ?tag=eloabder-20&linkCode=osi&th=1&psc=1">View Product</a></div><div class="product"><a href="https://www.amazon.com/dp/B0B64GX5LN?tag=eloabder-20&linkCode=osi&th=1&psc=1"><img src="https://m.media-amazon.com/images/I/31aZBeyUSsL._SL500_.jpg" alt="Product Image"></a><p>LAURA GELLER NEW YORK Serum Blush Tint, Lightweight Liquid Blush for Cheeks, Weightless Watercolor Sheer Finish, Practical Pink</p><p>$15.74</p><a href="https://www.amazon.com/dp/B0B64GX5LN?tag=eloabder-20&linkCode=osi&th=1&psc=1">View Product</a></div><div class="product"><a href="https://www.amazon.com/dp/B0BHFBBH25?tag=eloabder-20&linkCode=osi&th=1&psc=1"><img src="https://m.media-amazon.com/images/I/31uqOuPPf5L._SL500_.jpg" alt="Product Image"></a><p>SHEGLAM Color Bloom Liquid Blush Makeup for Cheeks Matte Finish - Love Cake</p><p>$6.99</p><a href="https://www.amazon.com/dp/B0BHFBBH25?tag=eloabder-20&linkCode=osi&th=1&psc=1">View Product</a></div><div class="product"><a href="https://www.amazon.com/dp/B00J56D0G6?tag=eloabder-20&linkCode=osi&th=1&psc=1"><img src="https://m.media-amazon.com/images/I/31MVN0QAhfL._SL500_.jpg" alt="Product Image"></a><p>e.l.f. Cosmetics Powder Blush Palette, Four Blush Shades for Beautiful, Long-Lasting Pigment, Light</p><p>$6.00</p><a href="https://www.amazon.com/dp/B00J56D0G6?tag=eloabder-20&linkCode=osi&th=1&psc=1">View Product</a></div><div class="product"><a href="https://www.amazon.com/dp/B07J47FHR1?tag=eloabder-20&linkCode=osi&th=1&psc=1"><img src="https://m.media-amazon.com/images/I/41Xyor9x2SL._SL500_.jpg" alt="Product Image"></a><p>Nars Blush in ORGASM Full Size 0.16 oz. / 4.8 g in Retail Box New Edition</p><p>$22.00</p><a href="https://www.amazon.com/dp/B07J47FHR1?tag=eloabder-20&linkCode=osi&th=1&psc=1">View Product</a></div>
<div class="product"><a href="https://www.amazon.com/dp/B018B8Q5Z6?tag=eloabder-20&linkCode=osi&th=1&psc=1"><img src="https://m.media-amazon.com/images/I/41D9ZHQRaSL._SL500_.jpg" alt="Product Image"></a><p>Physicians Formula Murumuru Butter Bronzer, Moisturizing, Nourishing Murumuru Butter Blend for Silky All-Day Luminous Glow, Dermatologist Tested, Hypoallergenic, Vegan & Cruelty-Free -Bronzer</p><p>$12.15</p><a href="https://www.amazon.com/dp/B018B8Q5Z6?tag=eloabder-20&linkCode=osi&th=1&psc=1">View Product</a></div><div class="product"><a href="https://www.amazon.com/dp/B001B0H82Q?tag=eloabder-20&linkCode=osi&th=1&psc=1"><img src="https://m.media-amazon.com/images/I/41I3B-YoLkL._SL500_.jpg" alt="Product Image"></a><p>Rimmel London Natural - 022 Sun Bronze - Bronzer, Matte Finish, 0.49oz</p><p>$4.49</p><a href="https://www.amazon.com/dp/B001B0H82Q?tag=eloabder-20&linkCode=osi&th=1&psc=1">View Product</a></div><div class="product"><a href="https://www.amazon.com/dp/B0BM5HX7DN?tag=eloabder-20&linkCode=osi&th=1&psc=1"><img src="https://m.media-amazon.com/images/I/41DwoHQgzsL._SL500_.jpg" alt="Product Image"></a><p>Benefit Hoola Matte Bronzer Mini 0.08 Ounce</p><p>$17.85</p><a href="https://www.amazon.com/dp/B0BM5HX7DN?tag=eloabder-20&linkCode=osi&th=1&psc=1">View Product</a></div><div class="product"><a href="https://www.amazon.com/dp/B07M7NGVW7?tag=eloabder-20&linkCode=osi&th=1&psc=1"><img src="https://m.media-amazon.com/images/I/51dvod9PjTL._SL500_.jpg" alt="Product Image"></a><p>wet n wild Color Icon Bronzer What Shady Beaches</p><p>$2.96</p><a href="https://www.amazon.com/dp/B07M7NGVW7?tag=eloabder-20&linkCode=osi&th=1&psc=1">View Product</a></div><div class="product"><a href="https://www.amazon.com/dp/B07ZR187P5?tag=eloabder-20&linkCode=osi&th=1&psc=1"><img src="https://m.media-amazon.com/images/I/410nkMFZLYL._SL500_.jpg" alt="Product Image"></a><p>e.l.f. Primer-infused Bronzer, Long-Wear, Matte, Bold, Lightweight, Blends Easily, Contours Cheeks, Forever Sun Kissed, All-Day Wear, 0.35 Oz</p><p>$7.00 ($20.00 / Ounce)</p><a href="https://www.amazon.com/dp/B07ZR187P5?tag=eloabder-20&linkCode=osi&th=1&psc=1">View Product</a></div><div class="product"><a href="https://www.amazon.com/dp/B0CPFVTY7M?tag=eloabder-20&linkCode=osi&th=1&psc=1"><img src="https://m.media-amazon.com/images/I/41rO68Q0mlL._SL500_.jpg" alt="Product Image"></a><p>e.l.f. Primer-Infused Bronzer, Long-Lasting, Lightweight & Buildable Powder Bronzer, Delivers A Matte Finish, Vegan & Cruelty-Free, Fresh Tan</p><p>$7.00</p><a href="https://www.amazon.com/dp/B0CPFVTY7M?tag=eloabder-20&linkCode=osi&th=1&psc=1">View Product</a></div><div class="product"><a href="https://www.amazon.com/dp/B00518N3VE?tag=eloabder-20&linkCode=osi&th=1&psc=1"><img src="https://m.media-amazon.com/images/I/41SzIseWK6L._SL500_.jpg" alt="Product Image"></a><p>Milani Baked Bronzer - Glow, Cruelty-Free Shimmer Bronzing Powder to Use For Contour Makeup, Highlighters Makeup, Bronzer Makeup, 0.25 Ounce</p><p>$9.97 ($39.88 / Ounce)</p><a href="https://www.amazon.com/dp/B00518N3VE?tag=eloabder-20&linkCode=osi&th=1&psc=1">View Product</a></div><div class="product"><a href="https://www.amazon.com/dp/B006WZ9O72?tag=eloabder-20&linkCode=osi&th=1&psc=1"><img src="https://m.media-amazon.com/images/I/51rDNo9JnqL._SL500_.jpg" alt="Product Image"></a><p>Physicians Formula Bronze Booster Glow-Boosting Season-to-Season, Customizable Seasonal Glow Glow, Lasting Tan Boost, Hypoallergenic Powder, Cruelty-Free & Hypoallergenic- Light-to-Medium</p><p>$12.98</p><a href="https://www.amazon.com/dp/B006WZ9O72?tag=eloabder-20&linkCode=osi&th=1&psc=1">View Product</a></div><div class="product"><a href="https://www.amazon.com/dp/B0CNTYPSSZ?tag=eloabder-20&linkCode=osi&th=1&psc=1"><img src="https://m.media-amazon.com/images/I/416D4Z7hQ8L._SL500_.jpg" alt="Product Image"></a><p>Milani Cheek Kiss Cream Bronzer-110 Hey Honey</p><p>$9.97</p><a href="https://www.amazon.com/dp/B0CNTYPSSZ?tag=eloabder-20&linkCode=osi&th=1&psc=1">View Product</a></div><div class="product"><a href="https://www.amazon.com/dp/B0CVNKP1FM?tag=eloabder-20&linkCode=osi&th=1&psc=1"><img src="https://m.media-amazon.com/images/I/41v4UlIsUOL._SL500_.jpg" alt="Product Image"></a><p>NYX PROFESSIONAL MAKEUP Matte Buttermelt Bronzer, Longwear Face Makeup with Up to 12 Hours of Wear, Vegan Formula - Butta Than U</p><p>$7.70</p><a href="https://www.amazon.com/dp/B0CVNKP1FM?tag=eloabder-20&linkCode=osi&th=1&psc=1">View Product</a></div>
<div class="product"><a href="https://www.amazon.com/dp/B09288DSSX?tag=eloabder-20&linkCode=osi&th=1&psc=1"><img src="https://m.media-amazon.com/images/I/417z6evbmhL._SL500_.jpg" alt="Product Image"></a><p>KYDA Face Highlighter Palette, High Glossy Face Illuminator Palette, Narutal Glow Finish, Pearl Shimmer Smooth Baked Powder, Lasting Sparkling Highlighter Makeup-SUN GLOW</p><p>$9.99</p><a href="https://www.amazon.com/dp/B09288DSSX?tag=eloabder-20&linkCode=osi&th=1&psc=1">View Product</a></div><div class="product"><a href="https://www.amazon.com/dp/B0C41PSDZF?tag=eloabder-20&linkCode=osi&th=1&psc=1"><img src="https://m.media-amazon.com/images/I/41FLNU-tL-L._SL500_.jpg" alt="Product Image"></a><p>NYX PROFESSIONAL MAKEUP, Jumbo Multi-Use Face Highlighter Stick - Vanilla Ice Cream</p><p>$6.00</p><a href="https://www.amazon.com/dp/B0C41PSDZF?tag=eloabder-20&linkCode=osi&th=1&psc=1">View Product</a></div><div class="product"><a href="https://www.amazon.com/dp/B082YPL2SV?tag=eloabder-20&linkCode=osi&th=1&psc=1"><img src="https://m.media-amazon.com/images/I/51Y+MCkwArL._SL500_.jpg" alt="Product Image"></a><p>Wet n Wild MegaGlo Blushlighter, Blendable Blush & Highlighter Set, Shimmery Metallic Finish, Highlight Bling</p><p>$5.47</p><a href="https://www.amazon.com/dp/B082YPL2SV?tag=eloabder-20&linkCode=osi&th=1&psc=1">View Product</a></div><div class="product"><a href="https://www.amazon.com/dp/B07QPY11KY?tag=eloabder-20&linkCode=osi&th=1&psc=1"><img src="https://m.media-amazon.com/images/I/312T7p8cW6L._SL500_.jpg" alt="Product Image"></a><p>Revolution Beauty, Reloaded Pressed Powder Highlighter, Intensely Pigmented for a High Impact Dewy Finish, Dare To Divulge, 0.22 Oz.</p><p>$6.98</p><a href="https://www.amazon.com/dp/B07QPY11KY?tag=eloabder-20&linkCode=osi&th=1&psc=1">View Product</a></div><div class="product"><a href="https://www.amazon.com/dp/B0C6V67KJW?tag=eloabder-20&linkCode=osi&th=1&psc=1"><img src="https://m.media-amazon.com/images/I/31Yh8b8JEjL._SL500_.jpg" alt="Product Image"></a><p>e.l.f. Halo Glow Highlight Beauty Wand, Liquid Highlighter Wand For Luminous, Glowing Skin, Buildable Formula, Vegan & Cruelty-free,Champagne Campaign</p><p>$9.00</p><a href="https://www.amazon.com/dp/B0C6V67KJW?tag=eloabder-20&linkCode=osi&th=1&psc=1">View Product</a></div><div class="product"><a href="https://www.amazon.com/dp/B073WMG59J?tag=eloabder-20&linkCode=osi&th=1&psc=1"><img src="https://m.media-amazon.com/images/I/51fz8bpJNNL._SL500_.jpg" alt="Product Image"></a><p>wet n wild MegaGlo Highlighting Powder, Highlighter Makeup, Shimmer Glow, Pink Rose Gold Blossom Glow</p><p>$5.47</p><a href="https://www.amazon.com/dp/B073WMG59J?tag=eloabder-20&linkCode=osi&th=1&psc=1">View Product</a></div><div class="product"><a href="https://www.amazon.com/dp/B074PTZCNW?tag=eloabder-20&linkCode=osi&th=1&psc=1"><img src="https://m.media-amazon.com/images/I/31btEAGukiL._SL500_.jpg" alt="Product Image"></a><p>L'Oreal Paris Makeup True Match Lumi Glotion, Natural Glow Enhancer, Illuminator Highlighter Skin Tint, for an All Day Radiant Glow, Light, 1.35 Ounces</p><p>$12.74</p><a href="https://www.amazon.com/dp/B074PTZCNW?tag=eloabder-20&linkCode=osi&th=1&psc=1">View Product</a></div><div class="product"><a href="https://www.amazon.com/dp/B0BD9HYBKD?tag=eloabder-20&linkCode=osi&th=1&psc=1"><img src="https://m.media-amazon.com/images/I/319tXl8nMUL._SL500_.jpg" alt="Product Image"></a><p>LAURA GELLER NEW YORK Baked Natural Glow Highlighter Radiance Enhancing Makeup, French Vanilla</p><p>$18.99</p><a href="https://www.amazon.com/dp/B0BD9HYBKD?tag=eloabder-20&linkCode=osi&th=1&psc=1">View Product</a></div><div class="product"><a href="https://www.amazon.com/dp/B075K784FK?tag=eloabder-20&linkCode=osi&th=1&psc=1"><img src="https://m.media-amazon.com/images/I/51q6Nf009iL._SL500_.jpg" alt="Product Image"></a><p>Physicians Formula Murumuru Butter Highlighter Makeup Face Powder Make Up, Pearl, Dermatologist Approved</p><p>$10.00</p><a href="https://www.amazon.com/dp/B075K784FK?tag=eloabder-20&linkCode=osi&th=1&psc=1">View Product</a></div><div class="product"><a href="https://www.amazon.com/dp/B083574V27?tag=eloabder-20&linkCode=osi&th=1&psc=1"><img src="https://m.media-amazon.com/images/I/41fyFVpDrXL._SL500_.jpg" alt="Product Image"></a><p>Milani Baked Highlighter (Dolce Perla) - Cruelty-Free Powder Highlighter, Highlight Face for a Shimmery or Matte Finish</p><p>$10.97 ($39.18 / Ounce)</p><a href="https://www.amazon.com/dp/B083574V27?tag=eloabder-20&linkCode=osi&th=1&psc=1">View Product</a></div>
<div class="product"><a href="https://www.amazon.com/dp/B09XMYFTB7?tag=eloabder-20&linkCode=osi&th=1&psc=1"><img src="https://m.media-amazon.com/images/I/31t+Ua+JWSL._SL500_.jpg" alt="Product Image"></a><p>e.l.f. Power Grip Primer, Gel-Based & Hydrating Face Primer For Smoothing Skin & Gripping Makeup, Moisturizes & Primes, 0.811 Fl Oz (24 ml)</p><p>$9.98</p><a href="https://www.amazon.com/dp/B09XMYFTB7?tag=eloabder-20&linkCode=osi&th=1&psc=1">View Product</a></div><div class="product"><a href="https://www.amazon.com/dp/B07BHB7QBN?tag=eloabder-20&linkCode=osi&th=1&psc=1"><img src="https://m.media-amazon.com/images/I/31kMxA9EhWL._SL500_.jpg" alt="Product Image"></a><p>Maybelline New York Facestudio Master Prime Primer Makeup, Blur + Pore Minimize, 1 fl. oz.</p><p>$8.99</p><a href="https://www.amazon.com/dp/B07BHB7QBN?tag=eloabder-20&linkCode=osi&th=1&psc=1">View Product</a></div><div class="product"><a href="https://www.amazon.com/dp/B00JZ4V6V4?tag=eloabder-20&linkCode=osi&th=1&psc=1"><img src="https://m.media-amazon.com/images/I/31jO7qDk9zL._SL500_.jpg" alt="Product Image"></a><p>e.l.f. Poreless Face Primer, Restoring Makeup Primer For A Flawless, Smooth Canvas, Infused With Tea Tree & Vitamin A, Vegan & Cruelty-Free, 0.47 Fl Oz</p><p>$7.83</p><a href="https://www.amazon.com/dp/B00JZ4V6V4?tag=eloabder-20&linkCode=osi&th=1&psc=1">View Product</a></div><div class="product"><a href="https://www.amazon.com/dp/B0BQQS5GBQ?tag=eloabder-20&linkCode=osi&th=1&psc=1"><img src="https://m.media-amazon.com/images/I/31TLdF8cy8L._SL500_.jpg" alt="Product Image"></a><p>e.l.f. Power Grip Primer + 4% Niacinamide, Gel-Based & Hydrating Face Primer, Evens Skin & Brightens, Grips Makeup, Vegan & Cruelty-Free, 0.8 Fl Oz</p><p>$10.00</p><a href="https://www.amazon.com/dp/B0BQQS5GBQ?tag=eloabder-20&linkCode=osi&th=1&psc=1">View Product</a></div><div class="product"><a href="https://www.amazon.com/dp/B07NSH2B4D?tag=eloabder-20&linkCode=osi&th=1&psc=1"><img src="https://m.media-amazon.com/images/I/31gmpEmsBmL._SL500_.jpg" alt="Product Image"></a><p>e.l.f. Poreless Putty Primer, Silky, Skin-Perfecting, Lightweight, Long Lasting, Smooths, Hydrates, Minimizes Pores, Flawless Base & Finish, All-Day Wear, Ideal for All Skin Types, 0.74 Fl Oz</p><p>$10.00</p><a href="https://www.amazon.com/dp/B07NSH2B4D?tag=eloabder-20&linkCode=osi&th=1&psc=1">View Product</a></div><div class="product"><a href="https://www.amazon.com/dp/B09WYT4QTJ?tag=eloabder-20&linkCode=osi&th=1&psc=1"><img src="https://m.media-amazon.com/images/I/214qTbvzjrL._SL500_.jpg" alt="Product Image"></a><p>Smashbox The Original Photo Finish Smooth & Blur Oil-Free Makeup Primer - Infused with Vitamin A & E, Reduces The Appearance of Fine Lines and Pores - Travel Size, 0.34 fl oz</p><p>$16.00 ($47.06 / Ounce)</p><a href="https://www.amazon.com/dp/B09WYT4QTJ?tag=eloabder-20&linkCode=osi&th=1&psc=1">View Product</a></div><div class="product"><a href="https://www.amazon.com/dp/B07PQN4XZ1?tag=eloabder-20&linkCode=osi&th=1&psc=1"><img src="https://m.media-amazon.com/images/I/31BdxqUi-iL._SL500_.jpg" alt="Product Image"></a><p>Milk Makeup Hydro Grip Primer - 0.33 fl oz - Hydrates & Grips Makeup for Up to 12 Hours - Prevents Caking - All Skin Types - Fragrance-Free - Vegan, Cruelty Free</p><p>$20.00 ($60.61 / Fl Oz)</p><a href="https://www.amazon.com/dp/B07PQN4XZ1?tag=eloabder-20&linkCode=osi&th=1&psc=1">View Product</a></div><div class="product"><a href="https://www.amazon.com/dp/B00HVI8WYU?tag=eloabder-20&linkCode=osi&th=1&psc=1"><img src="https://m.media-amazon.com/images/I/31educzzSsL._SL500_.jpg" alt="Product Image"></a><p>e.l.f. Hydrating Face Primer, Makeup Primer For Flawless, Smooth Skin & Long-Lasting Makeup, Fills In Pores & Fine Lines, Vegan & Cruelty-free, Small</p><p>$8.00</p><a href="https://www.amazon.com/dp/B00HVI8WYU?tag=eloabder-20&linkCode=osi&th=1&psc=1">View Product</a></div><div class="product"><a href="https://www.amazon.com/dp/B07BHBDN3Y?tag=eloabder-20&linkCode=osi&th=1&psc=1"><img src="https://m.media-amazon.com/images/I/3173qcBCyFL._SL500_.jpg" alt="Product Image"></a><p>Maybelline New York Facestudio Master Prime Primer Makeup, Blur+ Defend, 1 fl. oz.</p><p>$9.77</p><a href="https://www.amazon.com/dp/B07BHBDN3Y?tag=eloabder-20&linkCode=osi&th=1&psc=1">View Product</a></div><div class="product"><a href="https://www.amazon.com/dp/B00I9X3UKM?tag=eloabder-20&linkCode=osi&th=1&psc=1"><img src="https://m.media-amazon.com/images/I/31Bx9WdmmdL._SL500_.jpg" alt="Product Image"></a><p>Rimmel London Stay Matte - 003 - Primer, Ultra-Lightweight, Controls Shine, Doesn’t Feel Greasy, 1oz</p><p>$5.97</p><a href="https://www.amazon.com/dp/B00I9X3UKM?tag=eloabder-20&linkCode=osi&th=1&psc=1">View Product</a></div>
<div class="product"><a href="https://www.amazon.com/dp/B008C131AK?tag=eloabder-20&linkCode=osi&th=1&psc=1"><img src="https://m.media-amazon.com/images/I/41EVShOq3PL._SL500_.jpg" alt="Product Image"></a><p>Maybelline Dream Fresh Skin Hydrating BB cream, 8-in-1 Skin Perfecting Beauty Balm with Broad Spectrum SPF 30, Sheer Tint Coverage, Oil-Free, Medium, 1 Fl Oz</p><p>$7.99</p><a href="https://www.amazon.com/dp/B008C131AK?tag=eloabder-20&linkCode=osi&th=1&psc=1">View Product</a></div><div class="product"><a href="https://www.amazon.com/dp/B0084A5PWQ?tag=eloabder-20&linkCode=osi&th=1&psc=1"><img src="https://m.media-amazon.com/images/I/31RjcO5JPeL._SL500_.jpg" alt="Product Image"></a><p>L'Oréal Paris Makeup Magic Skin Beautifier BB Cream Tinted Moisturizer, Medium, 1 fl oz, 1 Count</p><p>$9.98</p><a href="https://www.amazon.com/dp/B0084A5PWQ?tag=eloabder-20&linkCode=osi&th=1&psc=1">View Product</a></div><div class="product"><a href="https://www.amazon.com/dp/B002B9DWBC?tag=eloabder-20&linkCode=osi&th=1&psc=1"><img src="https://m.media-amazon.com/images/I/41ZejVfTaoL._SL500_.jpg" alt="Product Image"></a><p>MISSHA M Perfect BB Cream No.21 Light Beige for Bright Skin SPF 42 PA +++ 1.69 Fl Oz - Tinted Moisturizer for face with SPF</p><p>$9.90</p><a href="https://www.amazon.com/dp/B002B9DWBC?tag=eloabder-20&linkCode=osi&th=1&psc=1">View Product</a></div><div class="product"><a href="https://www.amazon.com/dp/B00KJ82CN6?tag=eloabder-20&linkCode=osi&th=1&psc=1"><img src="https://m.media-amazon.com/images/I/41VM3jcO3oS._SL500_.jpg" alt="Product Image"></a><p>Maybelline Dream Pure Skin Clearing BB Cream, 8-in-1 Skin Perfecting Beauty Balm With 2% Salicylic Acid, Sheer Tint Coverage, Oil-Free, Light/Medium, 1 Count</p><p>$7.99</p><a href="https://www.amazon.com/dp/B00KJ82CN6?tag=eloabder-20&linkCode=osi&th=1&psc=1">View Product</a></div><div class="product"><a href="https://www.amazon.com/dp/B000V33OGS?tag=eloabder-20&linkCode=osi&th=1&psc=1"><img src="https://m.media-amazon.com/images/I/41I8dzKEI+L._SL500_.jpg" alt="Product Image"></a><p>COVERGIRL Smoothers Lightweight BB Cream, Fair to Light 805, 1.35 oz (Packaging May Vary) Lightweight Hydrating 10-In-1 Skin Enhancer with SPF 21 UV Protection</p><p>$6.97</p><a href="https://www.amazon.com/dp/B000V33OGS?tag=eloabder-20&linkCode=osi&th=1&psc=1">View Product</a></div><div class="product"><a href="https://www.amazon.com/dp/B01E527F38?tag=eloabder-20&linkCode=osi&th=1&psc=1"><img src="https://m.media-amazon.com/images/I/31jXYhER5QL._SL500_.jpg" alt="Product Image"></a><p>COVERGIRL - Clean Matte BB Cream, Oil-Free, Long-Lasting, Sensitive Skin, Lightweight, 100% Cruelty-Free</p><p>$7.99</p><a href="https://www.amazon.com/dp/B01E527F38?tag=eloabder-20&linkCode=osi&th=1&psc=1">View Product</a></div><div class="product"><a href="https://www.amazon.com/dp/B07WTX6SKL?tag=eloabder-20&linkCode=osi&th=1&psc=1"><img src="https://m.media-amazon.com/images/I/41mtjVTdh3L._SL500_.jpg" alt="Product Image"></a><p>MISSHA M Perfect Cover BB Cream No.13 Bright Beige for Fair Skin SPF 42 PA +++ 1.69 Fl Oz - Tinted Moisturizer for face with SPF</p><p>$9.70 ($5.74 / Fl Oz)</p><a href="https://www.amazon.com/dp/B07WTX6SKL?tag=eloabder-20&linkCode=osi&th=1&psc=1">View Product</a></div><div class="product"><a href="https://www.amazon.com/dp/B09BYL7M3G?tag=eloabder-20&linkCode=osi&th=1&psc=1"><img src="https://m.media-amazon.com/images/I/41t-BZ1FdOL._SL500_.jpg" alt="Product Image"></a><p>purlisse Ageless Glow Serum BB Cream SPF 40 : Clean & Cruelty-Free, Full & Flawless Coverage, Hydrates with Collagen | Light 1.4oz</p><p>$39.00 ($37.50 / Fl Oz)</p><a href="https://www.amazon.com/dp/B09BYL7M3G?tag=eloabder-20&linkCode=osi&th=1&psc=1">View Product</a></div><div class="product"><a href="https://www.amazon.com/dp/B08JCK7LSN?tag=eloabder-20&linkCode=osi&th=1&psc=1"><img src="https://m.media-amazon.com/images/I/31KzNyZ7WBL._SL500_.jpg" alt="Product Image"></a><p>PURITO Cica Clearing BB Cream #21 Light Beige 1 fl.oz / 30ml, Vegan bb cream, tinted</p><p>$12.00</p><a href="https://www.amazon.com/dp/B08JCK7LSN?tag=eloabder-20&linkCode=osi&th=1&psc=1">View Product</a></div><div class="product"><a href="https://www.amazon.com/dp/B01M9FG3PS?tag=eloabder-20&linkCode=osi&th=1&psc=1"><img src="https://m.media-amazon.com/images/I/41i-ftNWghL._SL500_.jpg" alt="Product Image"></a><p>pūrlisse Perfect Glow BB Cream SPF 30: Clean & Cruelty-Free, Medium Flawless Coverage, Hydrates with Jasmine | Light 1.4oz</p><p>$36.00 ($26.47 / Fl Oz)</p><a href="https://www.amazon.com/dp/B01M9FG3PS?tag=eloabder-20&linkCode=osi&th=1&psc=1">View Product</a></div>
<div class="product"><a href="https://www.amazon.com/dp/B00RZ4R0ZM?tag=eloabder-20&linkCode=osi&th=1&psc=1"><img src="https://m.media-amazon.com/images/I/41h3Z7gUh4L._SL500_.jpg" alt="Product Image"></a><p>IT Cosmetics Your Skin But Better CC+ Cream, Light (W) - Color Correcting Cream, Full-Coverage Foundation, Hydrating Serum & SPF 50+ Sunscreen - Natural Finish - 1.08 fl oz</p><p>$47.00 ($43.52 / Fl Oz)</p><a href="https://www.amazon.com/dp/B00RZ4R0ZM?tag=eloabder-20&linkCode=osi&th=1&psc=1">View Product</a></div><div class="product"><a href="https://www.amazon.com/dp/B09TSSR6TQ?tag=eloabder-20&linkCode=osi&th=1&psc=1"><img src="https://m.media-amazon.com/images/I/41YfZQIZVHL._SL500_.jpg" alt="Product Image"></a><p>Erborian Color Correcting CC Cream with cica, Tan (Dore) - Lightweight Multi-Purpose Foundation with Illuminating Finish Soothes & Hydrates - SPF Korean Skincare Skin Perfector - 1.5 Oz</p><p>$46.00 ($30.67 / Ounce)</p><a href="https://www.amazon.com/dp/B09TSSR6TQ?tag=eloabder-20&linkCode=osi&th=1&psc=1">View Product</a></div><div class="product"><a href="https://www.amazon.com/dp/B0CG67918Y?tag=eloabder-20&linkCode=osi&th=1&psc=1"><img src="https://m.media-amazon.com/images/I/31ZBRrlGQeL._SL500_.jpg" alt="Product Image"></a><p>Color Correcting CC Cream with SPF 25, Coverage Lightweight Foundation, Hydrating Serum, Even Skin Tone Makeup and Skin Care, Boost Radiance, Refine Skin Texture, Avoid Sun Damage (LightLight, 1PCS)</p><p>$9.99</p><a href="https://www.amazon.com/dp/B0CG67918Y?tag=eloabder-20&linkCode=osi&th=1&psc=1">View Product</a></div><div class="product"><a href="https://www.amazon.com/dp/B07GV322NS?tag=eloabder-20&linkCode=osi&th=1&psc=1"><img src="https://m.media-amazon.com/images/I/318Xp-z4BzL._SL500_.jpg" alt="Product Image"></a><p>IT Cosmetics Your Skin But Better CC+ Cream Illumination - Color Correcting Cream, Full-Coverage Foundation, Hydrating Serum & SPF 50+ Sunscreen Radiant Finish 1.08 fl oz</p><p>$47.00 ($43.52 / Fl Oz)</p><a href="https://www.amazon.com/dp/B07GV322NS?tag=eloabder-20&linkCode=osi&th=1&psc=1">View Product</a></div><div class="product"><a href="https://www.amazon.com/dp/B08TQMG68Q?tag=eloabder-20&linkCode=osi&th=1&psc=1"><img src="https://m.media-amazon.com/images/I/31WzGFVeXLL._SL500_.jpg" alt="Product Image"></a><p>e.l.f. Camo CC Cream, Color Correcting Medium-To-Full Coverage Foundation with SPF 30, Light 240 W, 1.05 Oz (30g)</p><p>$14.29</p><a href="https://www.amazon.com/dp/B08TQMG68Q?tag=eloabder-20&linkCode=osi&th=1&psc=1">View Product</a></div><div class="product"><a href="https://www.amazon.com/dp/B00HUA6LCO?tag=eloabder-20&linkCode=osi&th=1&psc=1"><img src="https://m.media-amazon.com/images/I/31tzzIuzR3L._SL500_.jpg" alt="Product Image"></a><p>Physicians Formula Super CC+ Cream Color-Correction + Care Cream Full Coverage Light Foundation, Anti Aging Hydrating Serum, For Uneven Skin Tone, Dermatologist Approved</p><p>$12.30</p><a href="https://www.amazon.com/dp/B00HUA6LCO?tag=eloabder-20&linkCode=osi&th=1&psc=1">View Product</a></div><div class="product"><a href="https://www.amazon.com/dp/B00E4OQ63I?tag=eloabder-20&linkCode=osi&th=1&psc=1"><img src="https://m.media-amazon.com/images/I/31C4yvovnxL._SL500_.jpg" alt="Product Image"></a><p>Lumene Color Correcting CC Cream - Lightweight Foundation with Medium Coverage - Redness Reducing Face Makeup for a Glowing Complexion - Vegan Formula + Suitable for All Skin Types - Medium (1 fl oz)</p><p>$17.40 ($17.40 / Fl Oz)</p><a href="https://www.amazon.com/dp/B00E4OQ63I?tag=eloabder-20&linkCode=osi&th=1&psc=1">View Product</a></div><div class="product"><a href="https://www.amazon.com/dp/B09TSRF2Q8?tag=eloabder-20&linkCode=osi&th=1&psc=1"><img src="https://m.media-amazon.com/images/I/41lZpQCt9HL._SL500_.jpg" alt="Product Image"></a><p>Erborian Color Correcting CC Cream with Centella Asiatica, Red Correct - Light Multi-Purpose Facial Concealer with Illuminating Finish Soothes & Hydrates - SPF Korean Skincare Skin Perfector - 0.5 Oz</p><p>$25.00 ($50.00 / Ounce)</p><a href="https://www.amazon.com/dp/B09TSRF2Q8?tag=eloabder-20&linkCode=osi&th=1&psc=1">View Product</a></div><div class="product"><a href="https://www.amazon.com/dp/B00U3203IY?tag=eloabder-20&linkCode=osi&th=1&psc=1"><img src="https://m.media-amazon.com/images/I/31BL0K5i4vL._SL500_.jpg" alt="Product Image"></a><p>IT Cosmetics Your Skin But Better CC+ Cream Travel Size, Light (W) - Color Correcting Cream, Full-Coverage Foundation, Hydrating Serum & SPF 50+ Sunscreen - Natural Finish - 0.406 fl oz</p><p>$22.00 ($55.00 / Fl Oz)</p><a href="https://www.amazon.com/dp/B00U3203IY?tag=eloabder-20&linkCode=osi&th=1&psc=1">View Product</a></div>
<div class="product"><a href="https://www.amazon.com/dp/B0CG68RTBB?tag=eloabder-20&linkCode=osi&th=1&psc=1"><img src="https://m.media-amazon.com/images/I/51d8MhcTFdL._SL500_.jpg" alt="Product Image"></a><p>Contour Stick, Highlighter Stick, Blush Stick 3Pcs Cream Contour Kit with Contour Brush, Create Face Contour, Non-greasy, Waterproof Long-lasting Effect, Highlighter Makeup Stick for Beginner Medium</p><p>$6.64 ($1.72 / Ounce)</p><a href="https://www.amazon.com/dp/B0CG68RTBB?tag=eloabder-20&linkCode=osi&th=1&psc=1">View Product</a></div><div class="product"><a href="https://www.amazon.com/dp/B0B7713RZQ?tag=eloabder-20&linkCode=osi&th=1&psc=1"><img src="https://m.media-amazon.com/images/I/51pLW0sMwGL._SL500_.jpg" alt="Product Image"></a><p>4 Colors Cream Contour Sticks Makeup Kit, Primer Face Highlighter Contouring for Beginners, Highlight and Contour Kit, Cream Concealer Makeup Blur Stick, Primer Face Corrector 1#,3#</p><p>$9.98</p><a href="https://www.amazon.com/dp/B0B7713RZQ?tag=eloabder-20&linkCode=osi&th=1&psc=1">View Product</a></div><div class="product"><a href="https://www.amazon.com/dp/B014PVXY5W?tag=eloabder-20&linkCode=osi&th=1&psc=1"><img src="https://m.media-amazon.com/images/I/41Qf+n9Gn-L._SL500_.jpg" alt="Product Image"></a><p>Aesthetica Cosmetics Cream Contour and Highlighting Makeup Kit - Contouring Foundation/Concealer Palette - Vegan & Cruelty Free - Step-by-Step Instructions Included</p><p>$29.97 ($47.57 / Ounce)</p><a href="https://www.amazon.com/dp/B014PVXY5W?tag=eloabder-20&linkCode=osi&th=1&psc=1">View Product</a></div><div class="product"><a href="https://www.amazon.com/dp/B0CSCYCQTP?tag=eloabder-20&linkCode=osi&th=1&psc=1"><img src="https://m.media-amazon.com/images/I/41g9O0LMEpL._SL500_.jpg" alt="Product Image"></a><p>Umadit Contour Stick, Blush Stick, Highlighter Stick, Bronzer Stick, 3 Pcs Cream Contour Kit with Brush for a Flawless Look, Contour Stick Makeup Non-Greasy Waterproof, Long-lasting Fair-Medium</p><p>$14.99</p><a href="https://www.amazon.com/dp/B0CSCYCQTP?tag=eloabder-20&linkCode=osi&th=1&psc=1">View Product</a></div><div class="product"><a href="https://www.amazon.com/dp/B0C6MYW7FC?tag=eloabder-20&linkCode=osi&th=1&psc=1"><img src="https://m.media-amazon.com/images/I/51CRa+rR5yL._SL500_.jpg" alt="Product Image"></a><p>3Pcs Cream Contour Stick Makeup Kit,Shades with Highlighter Stick,Blush Stick and Bronzer Contour Stick for Sculpt the Cheeks,Long Lasting,Waterproof,Matte & Dewy Finish,LIGHT MEDIUM (#02,05,06)</p><p>$12.99</p><a href="https://www.amazon.com/dp/B0C6MYW7FC?tag=eloabder-20&linkCode=osi&th=1&psc=1">View Product</a></div><div class="product"><a href="https://www.amazon.com/dp/B074G44PVR?tag=eloabder-20&linkCode=osi&th=1&psc=1"><img src="https://m.media-amazon.com/images/I/41dMa+Rs2NL._SL500_.jpg" alt="Product Image"></a><p>W7 Lift & Sculpt Cream Contour Kit - Concealing, Highlighting & Contouring Makeup Palette - Step-by-Step Instructions Included</p><p>$6.29 ($8.99 / Ounce)</p><a href="https://www.amazon.com/dp/B074G44PVR?tag=eloabder-20&linkCode=osi&th=1&psc=1">View Product</a></div><div class="product"><a href="https://www.amazon.com/dp/B0045J2GKY?tag=eloabder-20&linkCode=osi&th=1&psc=1"><img src="https://m.media-amazon.com/images/I/31m4Yh07iZL._SL500_.jpg" alt="Product Image"></a><p>Smashbox Step-By-Step Contour, Highlighter, & Bronzer Face Palette with Angled Brush, Light/Medium</p><p>$40.00 ($100.00 / Ounce)</p><a href="https://www.amazon.com/dp/B0045J2GKY?tag=eloabder-20&linkCode=osi&th=1&psc=1">View Product</a></div><div class="product"><a href="https://www.amazon.com/dp/B0169YYBYQ?tag=eloabder-20&linkCode=osi&th=1&psc=1"><img src="https://m.media-amazon.com/images/I/31BGUv-HtUL._SL500_.jpg" alt="Product Image"></a><p>Maybelline Facestudio Master Contour Face Contouring Kit, Light to Medium, 1 Count</p><p>$9.98 ($28.51 / Ounce)</p><a href="https://www.amazon.com/dp/B0169YYBYQ?tag=eloabder-20&linkCode=osi&th=1&psc=1">View Product</a></div><div class="product"><a href="https://www.amazon.com/dp/B00HG1JMB4?tag=eloabder-20&linkCode=osi&th=1&psc=1"><img src="https://m.media-amazon.com/images/I/31wv1eTLSgL._SL500_.jpg" alt="Product Image"></a><p>Anastasia Beverly Hills Contour Powder Kit - Light to Medium Women 0.66 oz</p><p>$40.00 ($60.61 / Ounce)</p><a href="https://www.amazon.com/dp/B00HG1JMB4?tag=eloabder-20&linkCode=osi&th=1&psc=1">View Product</a></div><div class="product"><a href="https://www.amazon.com/dp/B0CZLKZ5MV?tag=eloabder-20&linkCode=osi&th=1&psc=1"><img src="https://m.media-amazon.com/images/I/41bkKtdgzlL._SL500_.jpg" alt="Product Image"></a><p>3Pcs Cream Contour Stick Makeup Kit, Shades with Highlighter Stick, Blush Stick and Bronzer Contour Stick for Sculpt the Cheeks, Long Lasting, Waterproof, Matte & Dewy Finish (LIGHT MEDIUM)</p><p>$9.99</p><a href="https://www.amazon.com/dp/B0CZLKZ5MV?tag=eloabder-20&linkCode=osi&th=1&psc=1">View Product</a></div>
<div class="product"><a href="https://www.amazon.com/dp/B00WZQTCS8?tag=eloabder-20&linkCode=osi&th=1&psc=1"><img src="https://m.media-amazon.com/images/I/41iVoW5QboL._SL500_.jpg" alt="Product Image"></a><p>NYX PROFESSIONAL MAKEUP Micro Brow Pencil, Eyebrow Pencil - Espresso</p><p>$7.33</p><a href="https://www.amazon.com/dp/B00WZQTCS8?tag=eloabder-20&linkCode=osi&th=1&psc=1">View Product</a></div><div class="product"><a href="https://www.amazon.com/dp/B01643FI0I?tag=eloabder-20&linkCode=osi&th=1&psc=1"><img src="https://m.media-amazon.com/images/I/21w1DpgxRoL._SL500_.jpg" alt="Product Image"></a><p>L'Oreal Paris Makeup Brow Stylist Definer Waterproof Eyebrow Pencil, Ultra-Fine Mechanical Pencil, Draws Tiny Brow Hairs and Fills in Sparse Areas and Gaps, Dark Brunette, 0.003 Ounce (Pack of 1)</p><p>$8.98</p><a href="https://www.amazon.com/dp/B01643FI0I?tag=eloabder-20&linkCode=osi&th=1&psc=1">View Product</a></div><div class="product"><a href="https://www.amazon.com/dp/B074VD4X7W?tag=eloabder-20&linkCode=osi&th=1&psc=1"><img src="https://m.media-amazon.com/images/I/41eK8J1W2rL._SL500_.jpg" alt="Product Image"></a><p>Maybelline Total Temptation Eyebrow Definer Pencil, Soft Brown, 1 Count</p><p>$8.99</p><a href="https://www.amazon.com/dp/B074VD4X7W?tag=eloabder-20&linkCode=osi&th=1&psc=1">View Product</a></div><div class="product"><a href="https://www.amazon.com/dp/B0797NNXS7?tag=eloabder-20&linkCode=osi&th=1&psc=1"><img src="https://m.media-amazon.com/images/I/31M1oepnAnL._SL500_.jpg" alt="Product Image"></a><p>wet n wild Ultimate Eyebrow Retractable Definer Pencil, Dark Brown, Dual-Sided, Fine Tip, Shapes, Defines, Fills Brows Makeup</p><p>$3.26</p><a href="https://www.amazon.com/dp/B0797NNXS7?tag=eloabder-20&linkCode=osi&th=1&psc=1">View Product</a></div><div class="product"><a href="https://www.amazon.com/dp/B0B52KG7YP?tag=eloabder-20&linkCode=osi&th=1&psc=1"><img src="https://m.media-amazon.com/images/I/31Mi4FEPxYL._SL500_.jpg" alt="Product Image"></a><p>e.l.f. Instant Lift Brow Pencil, Dual-Ended Precision Brow Pencils For Shaping & Defining Eyebrows, Vegan & Cruelty-Free, Neutral Brown, 2-Pack</p><p>$5.00</p><a href="https://www.amazon.com/dp/B0B52KG7YP?tag=eloabder-20&linkCode=osi&th=1&psc=1">View Product</a></div><div class="product"><a href="https://www.amazon.com/dp/B0CPFY8K8W?tag=eloabder-20&linkCode=osi&th=1&psc=1"><img src="https://m.media-amazon.com/images/I/21SmXiqZZYL._SL500_.jpg" alt="Product Image"></a><p>e.l.f. Instant Lift Waterproof Brow Pencil, Long-Lasting Eyebrow Pencil For Grooming & Shaping Brows, Vegan & Cruelty-free, Deep Brown</p><p>$4.00</p><a href="https://www.amazon.com/dp/B0CPFY8K8W?tag=eloabder-20&linkCode=osi&th=1&psc=1">View Product</a></div><div class="product"><a href="https://www.amazon.com/dp/B0779TDXZD?tag=eloabder-20&linkCode=osi&th=1&psc=1"><img src="https://m.media-amazon.com/images/I/31lQjBd5GoL._SL500_.jpg" alt="Product Image"></a><p>COVERGIRL - Easy Breezy Brow Micro-Fine + Define Pencil, Micro-fine tip, no sharpening required, Built-in spoolie-brush, 100% Cruelty-Free</p><p>$6.98</p><a href="https://www.amazon.com/dp/B0779TDXZD?tag=eloabder-20&linkCode=osi&th=1&psc=1">View Product</a></div><div class="product"><a href="https://www.amazon.com/dp/B001ESKLZQ?tag=eloabder-20&linkCode=osi&th=1&psc=1"><img src="https://m.media-amazon.com/images/I/31bw47frHzS._SL500_.jpg" alt="Product Image"></a><p>COVERGIRL - Easy Breezy Brow Fill + Define Brow Pencil, Sharpener Included, Long-Lasting, Deeply Pigmented, Blendable Formula, 100% Cruelty-Free</p><p>$4.47</p><a href="https://www.amazon.com/dp/B001ESKLZQ?tag=eloabder-20&linkCode=osi&th=1&psc=1">View Product</a></div><div class="product"><a href="https://www.amazon.com/dp/B0BZB5S5VZ?tag=eloabder-20&linkCode=osi&th=1&psc=1"><img src="https://m.media-amazon.com/images/I/21yggYcUn7L._SL500_.jpg" alt="Product Image"></a><p>Maybelline Express Brow Ultra Slim Eyebrow Makeup, Brow Pencil with Precision Tip and Spoolie for Defined Eyebrows, Ash Brown, 1 Count</p><p>$7.99</p><a href="https://www.amazon.com/dp/B0BZB5S5VZ?tag=eloabder-20&linkCode=osi&th=1&psc=1">View Product</a></div><div class="product"><a href="https://www.amazon.com/dp/B0D12PWNK6?tag=eloabder-20&linkCode=osi&th=1&psc=1"><img src="https://m.media-amazon.com/images/I/51u7eOlEtFL._SL500_.jpg" alt="Product Image"></a><p>iMethod Microblading Eyebrow Pen - Eyebrow Pencil Magical 2-in-1 Dual-Ended Eye Brow Pencils for Women with 4-Fork-Tip & Precise Brush-Tip Create Natural Hair-Like Brows, Last All-Day, Dark Brown</p><p>$14.97 ($14.97 / Count)</p><a href="https://www.amazon.com/dp/B0D12PWNK6?tag=eloabder-20&linkCode=osi&th=1&psc=1">View Product</a></div>
<div class="product"><a href="https://www.amazon.com/dp/B08M58SWB1?tag=eloabder-20&linkCode=osi&th=1&psc=1"><img src="https://m.media-amazon.com/images/I/310xAdliG2L._SL500_.jpg" alt="Product Image"></a><p>NYX PROFESSIONAL MAKEUP The Brow Glue, Extreme Hold Eyebrow Gel - Clear</p><p>$9.97</p><a href="https://www.amazon.com/dp/B08M58SWB1?tag=eloabder-20&linkCode=osi&th=1&psc=1">View Product</a></div><div class="product"><a href="https://www.amazon.com/dp/B0CXZHMR7J?tag=eloabder-20&linkCode=osi&th=1&psc=1"><img src="https://m.media-amazon.com/images/I/31Yeo2ybK3L._SL500_.jpg" alt="Product Image"></a><p>L'Oreal Paris Infallible Up To 24H Wear Brow Lamination, Water-Resistant Longwear Eyebrow Gel Make Up, Clear/Transparent, 0.16 Fl Oz</p><p>$10.98</p><a href="https://www.amazon.com/dp/B0CXZHMR7J?tag=eloabder-20&linkCode=osi&th=1&psc=1">View Product</a></div><div class="product"><a href="https://www.amazon.com/dp/B00INCDKDQ?tag=eloabder-20&linkCode=osi&th=1&psc=1"><img src="https://m.media-amazon.com/images/I/31av5tR14oL._SL500_.jpg" alt="Product Image"></a><p>NYX PROFESSIONAL MAKEUP Control Freak Eyebrow Gel - Clear</p><p>$5.25</p><a href="https://www.amazon.com/dp/B00INCDKDQ?tag=eloabder-20&linkCode=osi&th=1&psc=1">View Product</a></div><div class="product"><a href="https://www.amazon.com/dp/B0815D98F3?tag=eloabder-20&linkCode=osi&th=1&psc=1"><img src="https://m.media-amazon.com/images/I/21QZMOUJnZL._SL500_.jpg" alt="Product Image"></a><p>e.l.f. Wow Brow Gel, Volumizing, Buildable, Wax-Gel Hybrid, Creates Full, Voluminous-Looking Brows, Locks Brow Hairs In Place, Neutral Brown, Fiber-Infused, 0.12 Oz</p><p>$5.00</p><a href="https://www.amazon.com/dp/B0815D98F3?tag=eloabder-20&linkCode=osi&th=1&psc=1">View Product</a></div><div class="product"><a href="https://www.amazon.com/dp/B0CZ9RC3LP?tag=eloabder-20&linkCode=osi&th=1&psc=1"><img src="https://m.media-amazon.com/images/I/31iejSSA86L._SL500_.jpg" alt="Product Image"></a><p>Maybelline Super Lock Brow Glue Eyebrow Gel, Lightweight Brow Gel For Up To 24HR Hold, Clear, 1 Count</p><p>$8.98</p><a href="https://www.amazon.com/dp/B0CZ9RC3LP?tag=eloabder-20&linkCode=osi&th=1&psc=1">View Product</a></div><div class="product"><a href="https://www.amazon.com/dp/B07GYBFBLY?tag=eloabder-20&linkCode=osi&th=1&psc=1"><img src="https://m.media-amazon.com/images/I/41kXdvFl3lL._SL500_.jpg" alt="Product Image"></a><p>L'Oreal Paris Unbelieva-Brow Longwear Waterproof Tinted Brow Gel, Smudge-resistant, Transfer- Proof, Quick Drying, Easy and quick application with precise brush, Blonde, 0.15 fl. oz.</p><p>$14.99</p><a href="https://www.amazon.com/dp/B07GYBFBLY?tag=eloabder-20&linkCode=osi&th=1&psc=1">View Product</a></div><div class="product"><a href="https://www.amazon.com/dp/B0BSP2J3BH?tag=eloabder-20&linkCode=osi&th=1&psc=1"><img src="https://m.media-amazon.com/images/I/316Jdh8JQ8L._SL500_.jpg" alt="Product Image"></a><p>e.l.f. Clear Lash & Brow Mascara 2-Pack, Conditioning Clear Brow & Lash Gel For Grooming, Defining & Separating, Long-Lasting, Vegan & Cruelty-Free</p><p>$5.00</p><a href="https://www.amazon.com/dp/B0BSP2J3BH?tag=eloabder-20&linkCode=osi&th=1&psc=1">View Product</a></div><div class="product"><a href="https://www.amazon.com/dp/B0D3FGY5D6?tag=eloabder-20&linkCode=osi&th=1&psc=1"><img src="https://m.media-amazon.com/images/I/31aAxHQKwVL._SL500_.jpg" alt="Product Image"></a><p>e.l.f. Brow Laminating Gel, Strong-Hold, Clear-Drying & Water-Resistant Brow Gel Creates Laminated Brows, Comb & Sculpt Brows, Vegan & Cruelty-free</p><p>$8.00</p><a href="https://www.amazon.com/dp/B0D3FGY5D6?tag=eloabder-20&linkCode=osi&th=1&psc=1">View Product</a></div><div class="product"><a href="https://www.amazon.com/dp/B00GI21NZA?tag=eloabder-20&linkCode=osi&th=1&psc=1"><img src="https://m.media-amazon.com/images/I/31w5F4g8lsL._SL500_.jpg" alt="Product Image"></a><p>Anastasia Beverly Hills - Clear Brow Gel</p><p>$22.00 ($22.00 / Count)</p><a href="https://www.amazon.com/dp/B00GI21NZA?tag=eloabder-20&linkCode=osi&th=1&psc=1">View Product</a></div>
<div class="product"><a href="https://www.amazon.com/dp/B001AAVC7Y?tag=eloabder-20&linkCode=osi&th=1&psc=1"><img src="https://m.media-amazon.com/images/I/51pWQb458XL._SL500_.jpg" alt="Product Image"></a><p>Palladio Brow Powder for Eyebrows, Soft and Natural Eyebrow Powder with Jojoba Oil & Shea Butter, Helps Enhance & Define Brows, Compact Size for Purse or Travel, Includes Applicator Brush, Taupe</p><p>$8.99</p><a href="https://www.amazon.com/dp/B001AAVC7Y?tag=eloabder-20&linkCode=osi&th=1&psc=1">View Product</a></div><div class="product"><a href="https://www.amazon.com/dp/B082YQ4QXJ?tag=eloabder-20&linkCode=osi&th=1&psc=1"><img src="https://m.media-amazon.com/images/I/41eSAKmXl+L._SL500_.jpg" alt="Product Image"></a><p>wet n wild Ultimate Eyebrow Makeup Kit, Eyebrow Powder Dark Brown, Brow Hair Removal Tweezers, Wax, Brush</p><p>$4.47</p><a href="https://www.amazon.com/dp/B082YQ4QXJ?tag=eloabder-20&linkCode=osi&th=1&psc=1">View Product</a></div><div class="product"><a href="https://www.amazon.com/dp/B06XRTKFLK?tag=eloabder-20&linkCode=osi&th=1&psc=1"><img src="https://m.media-amazon.com/images/I/41XwKxED0-L._SL500_.jpg" alt="Product Image"></a><p>COVERGIRL - Easy Breezy Brow Powder Kit, three shades brow definer, professional double-ended angled brush, effortless, 100% Cruelty-Free</p><p>$8.83</p><a href="https://www.amazon.com/dp/B06XRTKFLK?tag=eloabder-20&linkCode=osi&th=1&psc=1">View Product</a></div><div class="product"><a href="https://www.amazon.com/dp/B00L1JKKMC?tag=eloabder-20&linkCode=osi&th=1&psc=1"><img src="https://m.media-amazon.com/images/I/31bkV3lHN+L._SL500_.jpg" alt="Product Image"></a><p>Anastasia Beverly Hills - Brow Powder Duo - Soft Brown</p><p>$23.00</p><a href="https://www.amazon.com/dp/B00L1JKKMC?tag=eloabder-20&linkCode=osi&th=1&psc=1">View Product</a></div><div class="product"><a href="https://www.amazon.com/dp/B00MGK9Q5M?tag=eloabder-20&linkCode=osi&th=1&psc=1"><img src="https://m.media-amazon.com/images/I/415oCHJxIQL._SL500_.jpg" alt="Product Image"></a><p>Rimmel Brow This Way Sculpting Kit, Medium Brown, Powder 0.04 Ounce, Wax 0.03 Ounce</p><p>$6.99</p><a href="https://www.amazon.com/dp/B00MGK9Q5M?tag=eloabder-20&linkCode=osi&th=1&psc=1">View Product</a></div><div class="product"><a href="https://www.amazon.com/dp/B0051UM9VC?tag=eloabder-20&linkCode=osi&th=1&psc=1"><img src="https://m.media-amazon.com/images/I/41Y-UExgalL._SL500_.jpg" alt="Product Image"></a><p>Billion Dollar BrowBillion Dollar Brows - Eyebrow Powder - Blonde Powder, Blonde,</p><p>$10.99</p><a href="https://www.amazon.com/dp/B0051UM9VC?tag=eloabder-20&linkCode=osi&th=1&psc=1">View Product</a></div><div class="product"><a href="https://www.amazon.com/dp/B08KJBZTJG?tag=eloabder-20&linkCode=osi&th=1&psc=1"><img src="https://m.media-amazon.com/images/I/41MbUKhqKML._SL500_.jpg" alt="Product Image"></a><p>Eyebrow powder three-color eyebrow palette beauty contour eyebrow pencil professional eye makeup eyebrow filler1</p><p>$5.16 ($24.57 / Ounce)</p><a href="https://www.amazon.com/dp/B08KJBZTJG?tag=eloabder-20&linkCode=osi&th=1&psc=1">View Product</a></div><div class="product"><a href="https://www.amazon.com/dp/B0C5N2BWM2?tag=eloabder-20&linkCode=osi&th=1&psc=1"><img src="https://m.media-amazon.com/images/I/41JRf57GnvL._SL500_.jpg" alt="Product Image"></a><p>Eyebrow Powder Makeup Kit-3 Colors Eye Brow Powder Palette Long-Lasting Waterproof, Dark/light Brown Brow Filler, Fill & Sculpt Full Eyebrows for Women, With Mirror, Brow Brush & Razor-Set 02</p><p>$7.99 ($38.05 / Ounce)</p><a href="https://www.amazon.com/dp/B0C5N2BWM2?tag=eloabder-20&linkCode=osi&th=1&psc=1">View Product</a></div><div class="product"><a href="https://www.amazon.com/dp/B00M42I62G?tag=eloabder-20&linkCode=osi&th=1&psc=1"><img src="https://m.media-amazon.com/images/I/51Se54PcS2L._SL500_.jpg" alt="Product Image"></a><p>Marie-José & Co Medium Brown Eyebrow Powder - Perfect eyebrows, powder smooth!</p><p>$17.95</p><a href="https://www.amazon.com/dp/B00M42I62G?tag=eloabder-20&linkCode=osi&th=1&psc=1">View Product</a></div>
<div class="product"><a href="https://www.amazon.com/dp/B085WR3YDT?tag=eloabder-20&linkCode=osi&th=1&psc=1"><img src="https://m.media-amazon.com/images/I/41cuO8PyoTL._SL500_.jpg" alt="Product Image"></a><p>wet n wild Color Icon Cream Eyeshadow Multi-Stick, Moisturizing, Nourishing Velvety Cream-to-Powder Buildable & Blendable Formula, Cruelty-Free & Vegan - Champagne Room</p><p>$3.28</p><a href="https://www.amazon.com/dp/B085WR3YDT?tag=eloabder-20&linkCode=osi&th=1&psc=1">View Product</a></div><div class="product"><a href="https://www.amazon.com/dp/B01IW02HX2?tag=eloabder-20&linkCode=osi&th=1&psc=1"><img src="https://m.media-amazon.com/images/I/510F-WOAL4L._SL500_.jpg" alt="Product Image"></a><p>NYX PROFESSIONAL MAKEUP Ultimate Shadow Palette, Eyeshadow Palette - Warm Neutrals</p><p>$9.99</p><a href="https://www.amazon.com/dp/B01IW02HX2?tag=eloabder-20&linkCode=osi&th=1&psc=1">View Product</a></div><div class="product"><a href="https://www.amazon.com/dp/B092JQ23N5?tag=eloabder-20&linkCode=osi&th=1&psc=1"><img src="https://m.media-amazon.com/images/I/51OUufwItlL._SL500_.jpg" alt="Product Image"></a><p>URBAN DECAY 24/7 Longwear Eyeshadow Single (Sin - Champagne Shimmer), High-Pigment Eye Shadow Compact, Smooth & Blendable Colors, Crease-free, Vegan - 0.06 oz</p><p>$22.00</p><a href="https://www.amazon.com/dp/B092JQ23N5?tag=eloabder-20&linkCode=osi&th=1&psc=1">View Product</a></div><div class="product"><a href="https://www.amazon.com/dp/B00L5SMFJU?tag=eloabder-20&linkCode=osi&th=1&psc=1"><img src="https://m.media-amazon.com/images/I/41-WaM3A3tL._SL500_.jpg" alt="Product Image"></a><p>Covergirl Eye Enhancers Eye Shadow Palette, Natural Nudes, 0.19 Ounce</p><p>$5.48</p><a href="https://www.amazon.com/dp/B00L5SMFJU?tag=eloabder-20&linkCode=osi&th=1&psc=1">View Product</a></div><div class="product"><a href="https://www.amazon.com/dp/B01LW1983J?tag=eloabder-20&linkCode=osi&th=1&psc=1"><img src="https://m.media-amazon.com/images/I/51EsPf59XBL._SL500_.jpg" alt="Product Image"></a><p>Julep Eyeshadow 101 Crème to Powder Waterproof Eyeshadow Stick, Champagne Shimmer</p><p>$18.00</p><a href="https://www.amazon.com/dp/B01LW1983J?tag=eloabder-20&linkCode=osi&th=1&psc=1">View Product</a></div><div class="product"><a href="https://www.amazon.com/dp/B0D3FGFBGQ?tag=eloabder-20&linkCode=osi&th=1&psc=1"><img src="https://m.media-amazon.com/images/I/31HD2nUWJSL._SL500_.jpg" alt="Product Image"></a><p>e.l.f. Lock It Down Eyeshadow Primer, Smooth, Creamy Primer For Long-Lasting Eyeshadow, Intensifies Liquid & Powder Color, Vegan & Cruelty-free</p><p>$7.00</p><a href="https://www.amazon.com/dp/B0D3FGFBGQ?tag=eloabder-20&linkCode=osi&th=1&psc=1">View Product</a></div><div class="product"><a href="https://www.amazon.com/dp/B00UKP1M2K?tag=eloabder-20&linkCode=osi&th=1&psc=1"><img src="https://m.media-amazon.com/images/I/41hSsvPHKxL._SL500_.jpg" alt="Product Image"></a><p>Maybelline The Blushed Nudes Eyeshadow Palette Makeup, 12 Pigmented Matte & Shimmer Shades, Blendable Powder, 1 Count</p><p>$9.32</p><a href="https://www.amazon.com/dp/B00UKP1M2K?tag=eloabder-20&linkCode=osi&th=1&psc=1">View Product</a></div><div class="product"><a href="https://www.amazon.com/dp/B07MQJRK7N?tag=eloabder-20&linkCode=osi&th=1&psc=1"><img src="https://m.media-amazon.com/images/I/41yzRaUSPiL._SL500_.jpg" alt="Product Image"></a><p>Highly Pigmented Eye Makeup Palette, Matte Shimmer Metallic Eyeshadow Pallet Long Lasting Blendable Natural Colors Make Up Eye Shadows Cosmetics Gift Kit</p><p>$7.39</p><a href="https://www.amazon.com/dp/B07MQJRK7N?tag=eloabder-20&linkCode=osi&th=1&psc=1">View Product</a></div><div class="product"><a href="https://www.amazon.com/dp/B08RS6WNX7?tag=eloabder-20&linkCode=osi&th=1&psc=1"><img src="https://m.media-amazon.com/images/I/51qCii788PL._SL500_.jpg" alt="Product Image"></a><p>wet n wild Color Icon 5-Pan Palette Brown Walking On Eggshells</p><p>$3.19</p><a href="https://www.amazon.com/dp/B08RS6WNX7?tag=eloabder-20&linkCode=osi&th=1&psc=1">View Product</a></div><div class="product"><a href="https://www.amazon.com/dp/B073ZBGLJF?tag=eloabder-20&linkCode=osi&th=1&psc=1"><img src="https://m.media-amazon.com/images/I/41go9Ug8AOL._SL500_.jpg" alt="Product Image"></a><p>BestLand 2 Pack 12 Colors Makeup Nude Colors Eyeshadow Palette Natural Nude Matte Shimmer Glitter Pigment Eye Shadow Pallete Set Waterproof Smokey Professional Beauty Makeup Kit (2 PCS)</p><p>$9.99</p><a href="https://www.amazon.com/dp/B073ZBGLJF?tag=eloabder-20&linkCode=osi&th=1&psc=1">View Product</a></div>
<div class="product"><a href="https://www.amazon.com/dp/B095PSJ7QV?tag=eloabder-20&linkCode=osi&th=1&psc=1"><img src="https://m.media-amazon.com/images/I/41KLL00KKZL._SL500_.jpg" alt="Product Image"></a><p>URBAN DECAY Naked3 Mini Eyeshadow Palette - Pigmented Eye Makeup Palette For On the Go - Ultra Blendable - Up to 12 Hour Wear</p><p>$35.00</p><a href="https://www.amazon.com/dp/B095PSJ7QV?tag=eloabder-20&linkCode=osi&th=1&psc=1">View Product</a></div><div class="product"><a href="https://www.amazon.com/dp/B07DZZG8X4?tag=eloabder-20&linkCode=osi&th=1&psc=1"><img src="https://m.media-amazon.com/images/I/41Rbe3ixSHL._SL500_.jpg" alt="Product Image"></a><p>Rimmel London Magnif'Eyes Eyeshadow Palette, 12 Shades, Blendable Formula, Versatile, 007, Crimson, 0.5oz</p><p>$3.70</p><a href="https://www.amazon.com/dp/B07DZZG8X4?tag=eloabder-20&linkCode=osi&th=1&psc=1">View Product</a></div><div class="product"><a href="https://www.amazon.com/dp/B00HIFA24O?tag=eloabder-20&linkCode=osi&th=1&psc=1"><img src="https://m.media-amazon.com/images/I/41pHzrdjcPL._SL500_.jpg" alt="Product Image"></a><p>URBAN DECAY Naked 3, Soft Pink Neutral Eyeshadow Palette, Matte, Pearl, Metallic, Shimmer Finish, 12 Mauve Brown & Nude Eye Shadows, Natural Soft Glam Smokey Eye Makeup, Vegan, Cruelty-free</p><p>$59.00</p><a href="https://www.amazon.com/dp/B00HIFA24O?tag=eloabder-20&linkCode=osi&th=1&psc=1">View Product</a></div><div class="product"><a href="https://www.amazon.com/dp/B0CP49R493?tag=eloabder-20&linkCode=osi&th=1&psc=1"><img src="https://m.media-amazon.com/images/I/41mV4uKx5HL._SL500_.jpg" alt="Product Image"></a><p>FLYEEO Neutral Brown Eye Shadow palette- Rose Gold Dark Brown Eyeshadow Palette Colorful 9 Colors, Matte Shimmer Highly Pigmented Nude Eyeshadow Palette Makeup Naturing-Looking Long Lasting</p><p>$5.88</p><a href="https://www.amazon.com/dp/B0CP49R493?tag=eloabder-20&linkCode=osi&th=1&psc=1">View Product</a></div><div class="product"><a href="https://www.amazon.com/dp/B0CYX9V642?tag=eloabder-20&linkCode=osi&th=1&psc=1"><img src="https://m.media-amazon.com/images/I/51jaIKsO-uL._SL500_.jpg" alt="Product Image"></a><p>imakeupnow 45 Shades Eye Shadow Makeup Palette Set Colorful Bright, High Pigmented Eyeshadow Pallets, Matte Shimmer Glitter for Halloween</p><p>$7.59</p><a href="https://www.amazon.com/dp/B0CYX9V642?tag=eloabder-20&linkCode=osi&th=1&psc=1">View Product</a></div>
<div class="product"><a href="https://www.amazon.com/dp/B0C9TXLWLY?tag=eloabder-20&linkCode=osi&th=1&psc=1"><img src="https://m.media-amazon.com/images/I/31-5KVw5KDL._SL500_.jpg" alt="Product Image"></a><p>PRIME PROMETICS PrimeEyes Glide Eyeliner for Mature Women – Water-Resistant, Long-Stay and Mess-Proof – Gel Cream Texture, Discreet Sharpener and Effective Smudger (Black)</p><p>$28.00 ($28.00 / Count)</p><a href="https://www.amazon.com/dp/B0C9TXLWLY?tag=eloabder-20&linkCode=osi&th=1&psc=1">View Product</a></div><div class="product"><a href="https://www.amazon.com/dp/B07MWSXPT1?tag=eloabder-20&linkCode=osi&th=1&psc=1"><img src="https://m.media-amazon.com/images/I/315xthaPi6L._SL500_.jpg" alt="Product Image"></a><p>e.l.f. No Budge Retractable Eyeliner, Creamy, Ultra-Pigmented & Waterproof, Creates Bold & Defined Lines, Vegan & Cruelty-Free, Black 0.006 Oz</p><p>$4.00</p><a href="https://www.amazon.com/dp/B07MWSXPT1?tag=eloabder-20&linkCode=osi&th=1&psc=1">View Product</a></div><div class="product"><a href="https://www.amazon.com/dp/B07W8JJ61X?tag=eloabder-20&linkCode=osi&th=1&psc=1"><img src="https://m.media-amazon.com/images/I/31wj5vRROwL._SL500_.jpg" alt="Product Image"></a><p>Maybelline Hyper Easy Liquid Pen No-Skip Eyeliner, Satin Finish, Waterproof Formula, Pitch Black, 0.018 Fl Oz</p><p>$8.38</p><a href="https://www.amazon.com/dp/B07W8JJ61X?tag=eloabder-20&linkCode=osi&th=1&psc=1">View Product</a></div><div class="product"><a href="https://www.amazon.com/dp/B01J1A3TFW?tag=eloabder-20&linkCode=osi&th=1&psc=1"><img src="https://m.media-amazon.com/images/I/51z42sdOArL._SL500_.jpg" alt="Product Image"></a><p>Revlon Pencil Eyeliner, ColorStay Eye Makeup with Built-in Sharpener, Waterproof, Smudge-proof, Longwearing with Ultra-Fine Tip, 201 Black, 2 count (Pack of 1)</p><p>$11.38</p><a href="https://www.amazon.com/dp/B01J1A3TFW?tag=eloabder-20&linkCode=osi&th=1&psc=1">View Product</a></div><div class="product"><a href="https://www.amazon.com/dp/B074Y8LM6T?tag=eloabder-20&linkCode=osi&th=1&psc=1"><img src="https://m.media-amazon.com/images/I/316blXt1KxL._SL500_.jpg" alt="Product Image"></a><p>NYX PROFESSIONAL MAKEUP Epic Ink Liner, Waterproof Liquid Eyeliner - Black, Vegan Formula</p><p>$7.50</p><a href="https://www.amazon.com/dp/B074Y8LM6T?tag=eloabder-20&linkCode=osi&th=1&psc=1">View Product</a></div><div class="product"><a href="https://www.amazon.com/dp/B005G9E9FW?tag=eloabder-20&linkCode=osi&th=1&psc=1"><img src="https://m.media-amazon.com/images/I/51poZdEojrL._SL500_.jpg" alt="Product Image"></a><p>NYX PROFESSIONAL MAKEUP Vivid Rich Mechanical Eye Pencil, Vivid Rich Mechanical, Creamy Retractable Eyeliner - Smokin Topaz, Brown Eyeliner</p><p>$6.00</p><a href="https://www.amazon.com/dp/B005G9E9FW?tag=eloabder-20&linkCode=osi&th=1&psc=1">View Product</a></div><div class="product"><a href="https://www.amazon.com/dp/B082YQ8TXR?tag=eloabder-20&linkCode=osi&th=1&psc=1"><img src="https://m.media-amazon.com/images/I/31Et4E-arpL._SL500_.jpg" alt="Product Image"></a><p>wet n wild Mega Last Breakup Proof Liquid Eyeliner - Quick Drying, Smudge-Resistant, 16-Hour Wear - Cruelty-Free & Vegan - Black</p><p>$5.47</p><a href="https://www.amazon.com/dp/B082YQ8TXR?tag=eloabder-20&linkCode=osi&th=1&psc=1">View Product</a></div><div class="product"><a href="https://www.amazon.com/dp/B07NX61ZHN?tag=eloabder-20&linkCode=osi&th=1&psc=1"><img src="https://m.media-amazon.com/images/I/31kQNTwJazL._SL500_.jpg" alt="Product Image"></a><p>Rimmel London exaggerate auto waterproof eye definer in blackest black, 2 Count</p><p>$6.97</p><a href="https://www.amazon.com/dp/B07NX61ZHN?tag=eloabder-20&linkCode=osi&th=1&psc=1">View Product</a></div><div class="product"><a href="https://www.amazon.com/dp/B082YPRCMM?tag=eloabder-20&linkCode=osi&th=1&psc=1"><img src="https://m.media-amazon.com/images/I/317ubI9GTBL._SL500_.jpg" alt="Product Image"></a><p>wet n wild Mega Last Breakup Proof Eyeliner, Quick Drying, Waterproof, 16-Hour Wear - Cruelty-Free & Vegan - Blackest Black</p><p>$2.28</p><a href="https://www.amazon.com/dp/B082YPRCMM?tag=eloabder-20&linkCode=osi&th=1&psc=1">View Product</a></div><div class="product"><a href="https://www.amazon.com/dp/B07GX832KD?tag=eloabder-20&linkCode=osi&th=1&psc=1"><img src="https://m.media-amazon.com/images/I/315wR2F58-L._SL500_.jpg" alt="Product Image"></a><p>Maybelline TattooStudio Long-Lasting Sharpenable Eyeliner Pencil, Glide on Smooth Gel Pigments with 36 Hour Wear, Waterproof, Deep Onyx, 1 Count</p><p>$6.42</p><a href="https://www.amazon.com/dp/B07GX832KD?tag=eloabder-20&linkCode=osi&th=1&psc=1">View Product</a></div>
<div class="product"><a href="https://www.amazon.com/dp/B0BG7MWNNN?tag=eloabder-20&linkCode=osi&th=1&psc=1"><img src="https://m.media-amazon.com/images/I/41E8W4N+FkL._SL500_.jpg" alt="Product Image"></a><p>Prime Prometics PrimeLash Mascara for Older Women – Volumizing, Incredible Length in 2 Coats – Long-Stay, Zero Clumps, Hypoallergenic (Brown)</p><p>$28.00</p><a href="https://www.amazon.com/dp/B0BG7MWNNN?tag=eloabder-20&linkCode=osi&th=1&psc=1">View Product</a></div><div class="product"><a href="https://www.amazon.com/dp/B00T0C9XRK?tag=eloabder-20&linkCode=osi&th=1&psc=1"><img src="https://m.media-amazon.com/images/I/41IP2ZEXFNL._SL500_.jpg" alt="Product Image"></a><p>essence | Lash Princess False Lash Effect Mascara | Volumizing & Lengthening | Cruelty Free & Paraben Free</p><p>$4.99 ($12.17 / Fl Oz )</p><a href="https://www.amazon.com/dp/B00T0C9XRK?tag=eloabder-20&linkCode=osi&th=1&psc=1">View Product</a></div><div class="product"><a href="https://www.amazon.com/dp/B08H3JPH74?tag=eloabder-20&linkCode=osi&th=1&psc=1"><img src="https://m.media-amazon.com/images/I/31hf532TEHL._SL500_.jpg" alt="Product Image"></a><p>Maybelline Lash Sensational Sky High Washable Mascara Makeup, Volumizing, Lengthening, Defining, Curling, Multiplying, Buildable Formula, Blackest Black, 1 Count</p><p>$9.98</p><a href="https://www.amazon.com/dp/B08H3JPH74?tag=eloabder-20&linkCode=osi&th=1&psc=1">View Product</a></div><div class="product"><a href="https://www.amazon.com/dp/B01DPA6OHO?tag=eloabder-20&linkCode=osi&th=1&psc=1"><img src="https://m.media-amazon.com/images/I/31xGLWu4IKL._SL500_.jpg" alt="Product Image"></a><p>L'Oreal Paris Makeup Voluminous Lash Boosting Conditioning Primer Mascara, White Primer, 0.24 fl; oz.</p><p>$8.88</p><a href="https://www.amazon.com/dp/B01DPA6OHO?tag=eloabder-20&linkCode=osi&th=1&psc=1">View Product</a></div><div class="product"><a href="https://www.amazon.com/dp/B06XF2TR11?tag=eloabder-20&linkCode=osi&th=1&psc=1"><img src="https://m.media-amazon.com/images/I/31B6RR270IL._SL500_.jpg" alt="Product Image"></a><p>L'Oreal Paris Voluminous Makeup Lash Paradise Mascara, Voluptuous Volume, Intense Length, Feathery Soft Full Lashes, No Flaking, No Smudging, No Clumping, Blackest Black, 1 Count</p><p>$9.97</p><a href="https://www.amazon.com/dp/B06XF2TR11?tag=eloabder-20&linkCode=osi&th=1&psc=1">View Product</a></div><div class="product"><a href="https://www.amazon.com/dp/B004BCTFVS?tag=eloabder-20&linkCode=osi&th=1&psc=1"><img src="https://m.media-amazon.com/images/I/31-ICBRxi9L._SL500_.jpg" alt="Product Image"></a><p>L'Oreal Paris Makeup Voluminous Original Volume Building Mascara, Blackest Black, 0.28 fl; Oz, 1 Count</p><p>$8.95</p><a href="https://www.amazon.com/dp/B004BCTFVS?tag=eloabder-20&linkCode=osi&th=1&psc=1">View Product</a></div><div class="product"><a href="https://www.amazon.com/dp/B004BD107O?tag=eloabder-20&linkCode=osi&th=1&psc=1"><img src="https://m.media-amazon.com/images/I/31OWqsdljyL._SL500_.jpg" alt="Product Image"></a><p>L'Oreal Paris Makeup Telescopic Original Lengthening Mascara, Blackest Black, 0.27 Fl Oz (1 Count)</p><p>$10.99</p><a href="https://www.amazon.com/dp/B004BD107O?tag=eloabder-20&linkCode=osi&th=1&psc=1">View Product</a></div><div class="product"><a href="https://www.amazon.com/dp/B00PFCT2R0?tag=eloabder-20&linkCode=osi&th=1&psc=1"><img src="https://m.media-amazon.com/images/I/31RyE6ZtDIL._SL500_.jpg" alt="Product Image"></a><p>Maybelline Lash Sensational Washable Mascara, Lengthening and Volumizing for a Full Fan Effect, Blackest Black, 1 Count</p><p>$8.91</p><a href="https://www.amazon.com/dp/B00PFCT2R0?tag=eloabder-20&linkCode=osi&th=1&psc=1">View Product</a></div><div class="product"><a href="https://www.amazon.com/dp/B08TPCHYLW?tag=eloabder-20&linkCode=osi&th=1&psc=1"><img src="https://m.media-amazon.com/images/I/31EWIaihEwL._SL500_.jpg" alt="Product Image"></a><p>Lancôme Lash Idôle Lash-Lifting & Volumizing Mascara - Black Mascara for Instant Volume, Length & Lift - Smudge Proof & Up To 24H Wear - Black</p><p>$30.00 ($111.11 / Fl Oz)</p><a href="https://www.amazon.com/dp/B08TPCHYLW?tag=eloabder-20&linkCode=osi&th=1&psc=1">View Product</a></div><div class="product"><a href="https://www.amazon.com/dp/B079X4DB3J?tag=eloabder-20&linkCode=osi&th=1&psc=1"><img src="https://m.media-amazon.com/images/I/31jCqqzhgIL._SL500_.jpg" alt="Product Image"></a><p>essence | Volume Booster Lash Primer Mascara | Infused with Mango Butter and Acai Oil for Nurtured Lashes | Conditioning Mascara Primer | White | Vegan | Paraben & Cruelty Free (Pack of 1)</p><p>$4.99</p><a href="https://www.amazon.com/dp/B079X4DB3J?tag=eloabder-20&linkCode=osi&th=1&psc=1">View Product</a></div>
<div class="product"><a href="https://www.amazon.com/dp/B079B8BFR3?tag=eloabder-20&linkCode=osi&th=1&psc=1"><img src="https://m.media-amazon.com/images/I/41DSmndr3KL._SL500_.jpg" alt="Product Image"></a><p>KISS Looks So Natural, False Eyelashes, Shy', 12 mm, Includes 5 Pairs Of Lashes, Contact Lens Friendly, Easy to Apply, Reusable Strip Lashes, Glue On</p><p>$7.09</p><a href="https://www.amazon.com/dp/B079B8BFR3?tag=eloabder-20&linkCode=osi&th=1&psc=1">View Product</a></div><div class="product"><a href="https://www.amazon.com/dp/B09MQCDVM7?tag=eloabder-20&linkCode=osi&th=1&psc=1"><img src="https://m.media-amazon.com/images/I/510lQqrrVtL._SL500_.jpg" alt="Product Image"></a><p>False Eyelashes 14mm Faux 3D Mink Lashes Natural Look Fluffy Cat Eye Wispy Lashes Pack by Kiromiro, 14 Pairs</p><p>$8.89</p><a href="https://www.amazon.com/dp/B09MQCDVM7?tag=eloabder-20&linkCode=osi&th=1&psc=1">View Product</a></div><div class="product"><a href="https://www.amazon.com/dp/B0C5QK1QHP?tag=eloabder-20&linkCode=osi&th=1&psc=1"><img src="https://m.media-amazon.com/images/I/51eSQ4cj35L._SL500_.jpg" alt="Product Image"></a><p>Veleasha Lashes 5D Faux Mink Lashes 100% Handmade Luxurious Fake Eyelashes Lightweight Fluffy False Eyelashes 5 Pairs Pack (G2)</p><p>$6.98 ($1.40 / Count)</p><a href="https://www.amazon.com/dp/B0C5QK1QHP?tag=eloabder-20&linkCode=osi&th=1&psc=1">View Product</a></div><div class="product"><a href="https://www.amazon.com/dp/B00DS4EIEE?tag=eloabder-20&linkCode=osi&th=1&psc=1"><img src="https://m.media-amazon.com/images/I/415k4JSKxOL._SL500_.jpg" alt="Product Image"></a><p>KISS So Wispy, False Eyelashes, Style #11', 12 mm, Includes 5 Pairs Of Lashes, Contact Lens Friendly, Easy to Apply, Reusable Strip Lashes, Glue On, Mulitpack</p><p>$8.97 ($1.79 / Count)</p><a href="https://www.amazon.com/dp/B00DS4EIEE?tag=eloabder-20&linkCode=osi&th=1&psc=1">View Product</a></div><div class="product"><a href="https://www.amazon.com/dp/B08R6PR7ND?tag=eloabder-20&linkCode=osi&th=1&psc=1"><img src="https://m.media-amazon.com/images/I/41r4c3ZiCWL._SL500_.jpg" alt="Product Image"></a><p>KISS My Lash But Better, False Eyelashes, All Mine', 10 mm, Includes 1 Pair Of Lashes, Contact Lens Friendly, Easy to Apply, Reusable Strip Lashes, Glue-On</p><p>$3.97</p><a href="https://www.amazon.com/dp/B08R6PR7ND?tag=eloabder-20&linkCode=osi&th=1&psc=1">View Product</a></div><div class="product"><a href="https://www.amazon.com/dp/B0B1LRRTCH?tag=eloabder-20&linkCode=osi&th=1&psc=1"><img src="https://m.media-amazon.com/images/I/41gc2Df+nAL._SL500_.jpg" alt="Product Image"></a><p>GMAGICTOBO False Eyelashes Natural Half Lashes Short Wispy Clear Band Lashes Pack Cat Eye 3D Faux Mink Lashes Fake Eyelashes 7 Pairs Multipack</p><p>$8.59 ($1.23 / Count)</p><a href="https://www.amazon.com/dp/B0B1LRRTCH?tag=eloabder-20&linkCode=osi&th=1&psc=1">View Product</a></div><div class="product"><a href="https://www.amazon.com/dp/B0BX3YHN14?tag=eloabder-20&linkCode=osi&th=1&psc=1"><img src="https://m.media-amazon.com/images/I/51YYa1vTElL._SL500_.jpg" alt="Product Image"></a><p>KISS imPRESS Falsies False Eyelashes, Lash Clusters, Voluminous', 14 mm, Includes 20 Clusters, 1 applicator, Contact Lens Friendly, Easy to Apply, Reusable Strip Lashes</p><p>$12.72</p><a href="https://www.amazon.com/dp/B0BX3YHN14?tag=eloabder-20&linkCode=osi&th=1&psc=1">View Product</a></div><div class="product"><a href="https://www.amazon.com/dp/B00YYHHI1E?tag=eloabder-20&linkCode=osi&th=1&psc=1"><img src="https://m.media-amazon.com/images/I/419bv9iNI9L._SL500_.jpg" alt="Product Image"></a><p>Ardell False Eyelashes Demi Wispies Black, 1 pack (6 pairs per pack)</p><p>$9.74 ($1.95 / Count)</p><a href="https://www.amazon.com/dp/B00YYHHI1E?tag=eloabder-20&linkCode=osi&th=1&psc=1">View Product</a></div><div class="product"><a href="https://www.amazon.com/dp/B0CG5SY8J1?tag=eloabder-20&linkCode=osi&th=1&psc=1"><img src="https://m.media-amazon.com/images/I/41SWlZB3plL._SL500_.jpg" alt="Product Image"></a><p>Natural Lashes Natural Eyelashes Short Eyelashes Natural Look False Eyelashes Wispy Eye Lashes 10mm Small Lashes Fake Lashes K50</p><p>$7.93 ($1.13 / Count)</p><a href="https://www.amazon.com/dp/B0CG5SY8J1?tag=eloabder-20&linkCode=osi&th=1&psc=1">View Product</a></div><div class="product"><a href="https://www.amazon.com/dp/B08SPVMDTV?tag=eloabder-20&linkCode=osi&th=1&psc=1"><img src="https://m.media-amazon.com/images/I/41Q6wh0HacL._SL500_.jpg" alt="Product Image"></a><p>KISS Falscara Multipack False Eyelashes, Lash Clusters, Natural Wispy Wisps', 10mm-12mm-14mm, Includes 24 Assorted Lengths Wisps, Contact Lens Friendly, Easy to Apply, Reusable Strip Lashes</p><p>$6.47 ($0.27 / Count)</p><a href="https://www.amazon.com/dp/B08SPVMDTV?tag=eloabder-20&linkCode=osi&th=1&psc=1">View Product</a></div>
<div class="product"><a href="https://www.amazon.com/dp/B01BMMOAFU?tag=eloabder-20&linkCode=osi&th=1&psc=1"><img src="https://m.media-amazon.com/images/I/41RH+KsNzoS._SL500_.jpg" alt="Product Image"></a><p>KISS Strip Lash Adhesive, Lash Glue, 24hr Strip Eyelash Adhesive, Clear, Includes Lash Adhesive, Long Lasting Wear, Can Be Used with Strip Lashes and Lash Clusters</p><p>$3.97 ($23.35 / Ounce)</p><a href="https://www.amazon.com/dp/B01BMMOAFU?tag=eloabder-20&linkCode=osi&th=1&psc=1">View Product</a></div><div class="product"><a href="https://www.amazon.com/dp/B0BFRB2LNS?tag=eloabder-20&linkCode=osi&th=1&psc=1"><img src="https://m.media-amazon.com/images/I/41uxD-vIXQL._SL500_.jpg" alt="Product Image"></a><p>Cluster Lash Bond and Seal, Lash Cluster Glue for Individual Eyelash Extensions Strong Hold Individual Lash Glue Individual Eyelashes Glue Mascara for Personal Makeup Use at Home(5ml)</p><p>$8.99 ($52.88 / Fl Oz)</p><a href="https://www.amazon.com/dp/B0BFRB2LNS?tag=eloabder-20&linkCode=osi&th=1&psc=1">View Product</a></div><div class="product"><a href="https://www.amazon.com/dp/B006UZMXZY?tag=eloabder-20&linkCode=osi&th=1&psc=1"><img src="https://m.media-amazon.com/images/I/41YrQ9QUhlL._SL500_.jpg" alt="Product Image"></a><p>DUO Brush-On Lash Adhesive with Vitamins A, C & E, Clear, 0.18 oz, 1-Pack</p><p>$4.92 ($27.33 / Ounce)</p><a href="https://www.amazon.com/dp/B006UZMXZY?tag=eloabder-20&linkCode=osi&th=1&psc=1">View Product</a></div><div class="product"><a href="https://www.amazon.com/dp/B0BVLL8ZQF?tag=eloabder-20&linkCode=osi&th=1&psc=1"><img src="https://m.media-amazon.com/images/I/41OSC3l2NuL._SL500_.jpg" alt="Product Image"></a><p>Lash Glue Bond and Seal Long Lasting Strong Hold Waterproof 2 in 1 Cluster Eyelash Glue for DIY Lash Extensions by Mavphnee</p><p>$7.99 ($23.50 / Fl Oz)</p><a href="https://www.amazon.com/dp/B0BVLL8ZQF?tag=eloabder-20&linkCode=osi&th=1&psc=1">View Product</a></div><div class="product"><a href="https://www.amazon.com/dp/B01N143CA0?tag=eloabder-20&linkCode=osi&th=1&psc=1"><img src="https://m.media-amazon.com/images/I/31DwI2yjwYL._SL500_.jpg" alt="Product Image"></a><p>Extra Strong Eyelash Extension Glue Stacy Lash (0.17fl.oz / 5ml) / 0.5-1 Sec Dry/Retention – 8 Weeks/Black Adhesive/Professional Supplies</p><p>$21.49 ($126.41 / Fl Oz)</p><a href="https://www.amazon.com/dp/B01N143CA0?tag=eloabder-20&linkCode=osi&th=1&psc=1">View Product</a></div><div class="product"><a href="https://www.amazon.com/dp/B00RH8XUZK?tag=eloabder-20&linkCode=osi&th=1&psc=1"><img src="https://m.media-amazon.com/images/I/41ywEIr4LGL._SL500_.jpg" alt="Product Image"></a><p>i-Envy by KISS Super Strong Hold Eyelash Adhesive, Brush on, Waterproof Long-Lasting Strip Lash Glue, Natural-Looking Allergy & Latex Free with Brush Applicator (Clear)</p><p>$5.09</p><a href="https://www.amazon.com/dp/B00RH8XUZK?tag=eloabder-20&linkCode=osi&th=1&psc=1">View Product</a></div><div class="product"><a href="https://www.amazon.com/dp/B0B138BNSQ?tag=eloabder-20&linkCode=osi&th=1&psc=1"><img src="https://m.media-amazon.com/images/I/41y28D4CT2L._SL500_.jpg" alt="Product Image"></a><p>AOA Studio Eyelash Lash Glue Enhancers 4pcs Strip Lash Adhesive Strong Hold Water Proof Formula No Irritation Latex Free Long Lasing Quick Dry Eyelash adhesive 0.17oz Each (4 Pack) (Clear)</p><p>$8.95 ($2.24 / Count)</p><a href="https://www.amazon.com/dp/B0B138BNSQ?tag=eloabder-20&linkCode=osi&th=1&psc=1">View Product</a></div><div class="product"><a href="https://www.amazon.com/dp/B0CGKV8WRR?tag=eloabder-20&linkCode=osi&th=1&psc=1"><img src="https://m.media-amazon.com/images/I/31KsdJxWyQL._SL500_.jpg" alt="Product Image"></a><p>FlutterHabit Made for This Adhesive Lash Glue for Eyelash Extensions - Your Ultimate All-Day Hold Lash Cluster Glue for Effortless, Stunning, and Long-Lasting Eyelashes - All-in-one Lash Glue</p><p>$17.99</p><a href="https://www.amazon.com/dp/B0CGKV8WRR?tag=eloabder-20&linkCode=osi&th=1&psc=1">View Product</a></div><div class="product"><a href="https://www.amazon.com/dp/B09HK77CF1?tag=eloabder-20&linkCode=osi&th=1&psc=1"><img src="https://m.media-amazon.com/images/I/41md8lf4CYL._SL500_.jpg" alt="Product Image"></a><p>Lilac St - Pro Lash Glue - Long Lasting & Fast Drying Lash Application - Mini Mascara Wand Applicator - Latex Free - Vegan & Cruelty Free - Black</p><p>$19.00 ($111.76 / Ounce)</p><a href="https://www.amazon.com/dp/B09HK77CF1?tag=eloabder-20&linkCode=osi&th=1&psc=1">View Product</a></div><div class="product"><a href="https://www.amazon.com/dp/B07BGT18DP?tag=eloabder-20&linkCode=osi&th=1&psc=1"><img src="https://m.media-amazon.com/images/I/41FjwdBfRYL._SL500_.jpg" alt="Product Image"></a><p>Extra Strong Evolution Eyelash Extension Glue Stacy Lash (0.17fl.oz/5ml)/1-2 Sec Dry/Retention – 8 Weeks/Professional Supplies/Black Adhesive</p><p>$21.99 ($129.35 / Fl Oz)</p><a href="https://www.amazon.com/dp/B07BGT18DP?tag=eloabder-20&linkCode=osi&th=1&psc=1">View Product</a></div>
<div class="product"><a href="https://www.amazon.com/dp/B09T8DQ1SG?tag=eloabder-20&linkCode=osi&th=1&psc=1"><img src="https://m.media-amazon.com/images/I/41gpuwrIhOL._SL500_.jpg" alt="Product Image"></a><p>Maybelline Super Stay Vinyl Ink Longwear No-Budge Liquid Lipcolor Makeup, Highly Pigmented Color and Instant Shine, Royal, Deep Wine Red Lipstick, 0.14 fl oz, 1 Count</p><p>$9.98</p><a href="https://www.amazon.com/dp/B09T8DQ1SG?tag=eloabder-20&linkCode=osi&th=1&psc=1">View Product</a></div><div class="product"><a href="https://www.amazon.com/dp/B08H4FSGDX?tag=eloabder-20&linkCode=osi&th=1&psc=1"><img src="https://m.media-amazon.com/images/I/31OAiyoloML._SL500_.jpg" alt="Product Image"></a><p>Maybelline Super Stay Matte Ink Liquid Lipstick Makeup, Long Lasting High Impact Color, Up to 16H Wear, Exhilarator, Ruby Red, 1 Count</p><p>$9.18</p><a href="https://www.amazon.com/dp/B08H4FSGDX?tag=eloabder-20&linkCode=osi&th=1&psc=1">View Product</a></div><div class="product"><a href="https://www.amazon.com/dp/B07XTTDTWR?tag=eloabder-20&linkCode=osi&th=1&psc=1"><img src="https://m.media-amazon.com/images/I/31M4QldCq3L._SL500_.jpg" alt="Product Image"></a><p>REVLON Lipstick, Super Lustrous Lipstick, Creamy Formula For Soft, Fuller-Looking Lips, Moisturized Feel in Nudes & Browns, Bare It All (755) 0.15 oz</p><p>$6.48</p><a href="https://www.amazon.com/dp/B07XTTDTWR?tag=eloabder-20&linkCode=osi&th=1&psc=1">View Product</a></div><div class="product"><a href="https://www.amazon.com/dp/B079KFP7NT?tag=eloabder-20&linkCode=osi&th=1&psc=1"><img src="https://m.media-amazon.com/images/I/41Ih8G0FSmL._SL500_.jpg" alt="Product Image"></a><p>wet n wild Silk Finish Lipstick, Hydrating Rich Buildable Lip Color, Formulated with Vitamins A,E, & Macadamia for Ultimate Hydration, Cruelty-Free & Vegan - Raging Red</p><p>$1.29</p><a href="https://www.amazon.com/dp/B079KFP7NT?tag=eloabder-20&linkCode=osi&th=1&psc=1">View Product</a></div><div class="product"><a href="https://www.amazon.com/dp/B002F3R44K?tag=eloabder-20&linkCode=osi&th=1&psc=1"><img src="https://m.media-amazon.com/images/I/41-gXIE96GL._SL500_.jpg" alt="Product Image"></a><p>Revlon Lipstick, Super Lustrous Lipstick, Creamy Formula For Soft, Fuller-Looking Lips, Moisturized Feel in Pinks, Pink In The Afternoon (415) 0.15 oz</p><p>$6.48</p><a href="https://www.amazon.com/dp/B002F3R44K?tag=eloabder-20&linkCode=osi&th=1&psc=1">View Product</a></div><div class="product"><a href="https://www.amazon.com/dp/B001LFER98?tag=eloabder-20&linkCode=osi&th=1&psc=1"><img src="https://m.media-amazon.com/images/I/41wezVKuIoL._SL500_.jpg" alt="Product Image"></a><p>REVLON Lipstick, Super Lustrous Lipstick, Creamy Formula For Soft, Fuller-Looking Lips, Moisturized Feel in Reds & Corals, Peach Me (628) 0.15 oz</p><p>$4.99</p><a href="https://www.amazon.com/dp/B001LFER98?tag=eloabder-20&linkCode=osi&th=1&psc=1">View Product</a></div><div class="product"><a href="https://www.amazon.com/dp/B0046VESH0?tag=eloabder-20&linkCode=osi&th=1&psc=1"><img src="https://m.media-amazon.com/images/I/31yAUm+1KhL._SL500_.jpg" alt="Product Image"></a><p>MAYBELLINE Super Stay 24, 2-Step Liquid Lipstick Makeup, Long Lasting Highly Pigmented Color with Moisturizing Balm, Blush On, Pink, 1 Count</p><p>$8.98</p><a href="https://www.amazon.com/dp/B0046VESH0?tag=eloabder-20&linkCode=osi&th=1&psc=1">View Product</a></div>
<div class="product"><a href="https://www.amazon.com/dp/B09SP2XHKT?tag=eloabder-20&linkCode=osi&th=1&psc=1"><img src="https://m.media-amazon.com/images/I/31KGrScgA8L._SL500_.jpg" alt="Product Image"></a><p>NYX PROFESSIONAL MAKEUP Butter Gloss, Non-Sticky Lip Gloss - Sugar Glass (Clear)</p><p>$5.97</p><a href="https://www.amazon.com/dp/B09SP2XHKT?tag=eloabder-20&linkCode=osi&th=1&psc=1">View Product</a></div><div class="product"><a href="https://www.amazon.com/dp/B08GSTZ7ZW?tag=eloabder-20&linkCode=osi&th=1&psc=1"><img src="https://m.media-amazon.com/images/I/41nPuTtXVgL._SL500_.jpg" alt="Product Image"></a><p>Ruby Kisses Broadway Vita-Lip Clear Lip Gloss - Moisturizing, Hydrating, Nourishing with Mint, Rosehip, Coconut, Mango, Argan, Honey & Shea</p><p>$7.99 ($2.12 / Ounce)</p><a href="https://www.amazon.com/dp/B08GSTZ7ZW?tag=eloabder-20&linkCode=osi&th=1&psc=1">View Product</a></div><div class="product"><a href="https://www.amazon.com/dp/B015RPE14S?tag=eloabder-20&linkCode=osi&th=1&psc=1"><img src="https://m.media-amazon.com/images/I/31FRC3fz7EL._SL500_.jpg" alt="Product Image"></a><p>L.A. Colors High Shine Shea Butter Lip Gloss, Clear, 0.14 Ounce</p><p>$1.98</p><a href="https://www.amazon.com/dp/B015RPE14S?tag=eloabder-20&linkCode=osi&th=1&psc=1">View Product</a></div><div class="product"><a href="https://www.amazon.com/dp/B00Q26VWZI?tag=eloabder-20&linkCode=osi&th=1&psc=1"><img src="https://m.media-amazon.com/images/I/31Bqig96T0L._SL500_.jpg" alt="Product Image"></a><p>Rimmel Stay Glossy Lip Gloss - Non-Sticky and Lightweight Formula for Lip Color and Shine - 130 Blushing Belgraves, .18oz</p><p>$3.97</p><a href="https://www.amazon.com/dp/B00Q26VWZI?tag=eloabder-20&linkCode=osi&th=1&psc=1">View Product</a></div><div class="product"><a href="https://www.amazon.com/dp/B081C6PXZJ?tag=eloabder-20&linkCode=osi&th=1&psc=1"><img src="https://m.media-amazon.com/images/I/51+emO79aqL._SL500_.jpg" alt="Product Image"></a><p>NICKA K NEW YORK VARIETY SET OF 5 NK Hydrating Lip Gel - Vitamin E (Clear, Rosehip Oil, Bubble Gum, Cherry, Strawberry)</p><p>$5.41</p><a href="https://www.amazon.com/dp/B081C6PXZJ?tag=eloabder-20&linkCode=osi&th=1&psc=1">View Product</a></div><div class="product"><a href="https://www.amazon.com/dp/B085S94V2K?tag=eloabder-20&linkCode=osi&th=1&psc=1"><img src="https://m.media-amazon.com/images/I/41fsuEw2mbL._SL500_.jpg" alt="Product Image"></a><p>Maybelline Lifter Gloss, Hydrating Lip Gloss with Hyaluronic Acid, Moon, Nude Pink, 0.18 Ounce</p><p>$7.71</p><a href="https://www.amazon.com/dp/B085S94V2K?tag=eloabder-20&linkCode=osi&th=1&psc=1">View Product</a></div><div class="product"><a href="https://www.amazon.com/dp/B01N1ZC8JZ?tag=eloabder-20&linkCode=osi&th=1&psc=1"><img src="https://m.media-amazon.com/images/I/41fsaqWz6SL._SL500_.jpg" alt="Product Image"></a><p>Broadway Vita-Lip Clear Lip Gloss 0.47oz/14ml (5PCS Mint & Coconut & Rosehip & Mango Butter & Argan Oil) (5 PCS SET)</p><p>$5.99</p><a href="https://www.amazon.com/dp/B01N1ZC8JZ?tag=eloabder-20&linkCode=osi&th=1&psc=1">View Product</a></div><div class="product"><a href="https://www.amazon.com/dp/B07DY2QRF6?tag=eloabder-20&linkCode=osi&th=1&psc=1"><img src="https://m.media-amazon.com/images/I/31qXrVfhvCL._SL500_.jpg" alt="Product Image"></a><p>LANEIGE Lip Glowy Balm Berry: Hydrate, Glossy, Lightweight, Moisturize & Tint with Shea Butter</p><p>$19.00 ($54.29 / Ounce)</p><a href="https://www.amazon.com/dp/B07DY2QRF6?tag=eloabder-20&linkCode=osi&th=1&psc=1">View Product</a></div><div class="product"><a href="https://www.amazon.com/dp/B0BSR85M24?tag=eloabder-20&linkCode=osi&th=1&psc=1"><img src="https://m.media-amazon.com/images/I/31eKHNoE3KL._SL500_.jpg" alt="Product Image"></a><p>e.l.f. Lip Lacquer, Nourishing, Non-Sticky Ultra-Shine Lip Gloss With Sheer Color, Infused With Vitamins A & E, Vegan & Cruelty-Free, Whisper Pink</p><p>$3.00</p><a href="https://www.amazon.com/dp/B0BSR85M24?tag=eloabder-20&linkCode=osi&th=1&psc=1">View Product</a></div><div class="product"><a href="https://www.amazon.com/dp/B09DMGWJKY?tag=eloabder-20&linkCode=osi&th=1&psc=1"><img src="https://m.media-amazon.com/images/I/41nIFmIKHRL._SL500_.jpg" alt="Product Image"></a><p>Broadway Vita-Lip Clear Lip Gloss Moisturizing Hydrating Nourishing Long Lasting High Shine Glossy Lip Care Gloss 0.47oz/14ml (10 PCS SET)</p><p>$9.99</p><a href="https://www.amazon.com/dp/B09DMGWJKY?tag=eloabder-20&linkCode=osi&th=1&psc=1">View Product</a></div>
<div class="product"><a href="https://www.amazon.com/dp/B079ZX2QBD?tag=eloabder-20&linkCode=osi&th=1&psc=1"><img src="https://m.media-amazon.com/images/I/41b133H9ouL._SL500_.jpg" alt="Product Image"></a><p>NYX PROFESSIONAL MAKEUP Slim Lip Pencil, Long-Lasting Creamy Lip Liner - Espresso</p><p>$3.99</p><a href="https://www.amazon.com/dp/B079ZX2QBD?tag=eloabder-20&linkCode=osi&th=1&psc=1">View Product</a></div><div class="product"><a href="https://www.amazon.com/dp/B01LTI19EM?tag=eloabder-20&linkCode=osi&th=1&psc=1"><img src="https://m.media-amazon.com/images/I/31dqwnDSWYL._SL500_.jpg" alt="Product Image"></a><p>Revlon Lip Liner, Colorstay Lip Makeup with Built-in-Sharpener, Longwear Rich Lip Colors, Smooth Application, 630 Nude, 0.01 oz</p><p>$6.94</p><a href="https://www.amazon.com/dp/B01LTI19EM?tag=eloabder-20&linkCode=osi&th=1&psc=1">View Product</a></div><div class="product"><a href="https://www.amazon.com/dp/B07PKW2MKF?tag=eloabder-20&linkCode=osi&th=1&psc=1"><img src="https://m.media-amazon.com/images/I/41Z7GVpsqBL._SL500_.jpg" alt="Product Image"></a><p>wet n wild Lip Liner Perfect Pout Matte Retractable Gel Lip Liner Pencil, Purple Lay Down the Mauves</p><p>$3.29</p><a href="https://www.amazon.com/dp/B07PKW2MKF?tag=eloabder-20&linkCode=osi&th=1&psc=1">View Product</a></div><div class="product"><a href="https://www.amazon.com/dp/B0CMYQBRTW?tag=eloabder-20&linkCode=osi&th=1&psc=1"><img src="https://m.media-amazon.com/images/I/21uY0T3ER3L._SL500_.jpg" alt="Product Image"></a><p>e.l.f. Cream Glide Lip Liner, Highly-Pigmented Pencil For Shaping & Sculpting Lips, Semi-Matte Finish, Vegan & Cruelty-Free, Truth or Bare</p><p>$2.00</p><a href="https://www.amazon.com/dp/B0CMYQBRTW?tag=eloabder-20&linkCode=osi&th=1&psc=1">View Product</a></div><div class="product"><a href="https://www.amazon.com/dp/B01LZ2A9H5?tag=eloabder-20&linkCode=osi&th=1&psc=1"><img src="https://m.media-amazon.com/images/I/317eibjWZ1L._SL500_.jpg" alt="Product Image"></a><p>Maybelline Color Sensational Shaping Lip Liner with Self-Sharpening Tip, Magnetic Mauve, Mauve Pink, 1 Count</p><p>$6.98</p><a href="https://www.amazon.com/dp/B01LZ2A9H5?tag=eloabder-20&linkCode=osi&th=1&psc=1">View Product</a></div><div class="product"><a href="https://www.amazon.com/dp/B0CZBMYB36?tag=eloabder-20&linkCode=osi&th=1&psc=1"><img src="https://m.media-amazon.com/images/I/313kn3zESlL._SL500_.jpg" alt="Product Image"></a><p>MAYBELLINE Lifter Liner Lip Liner Pencil with Hyaluronic Acid, On It, 1 Count</p><p>$7.98</p><a href="https://www.amazon.com/dp/B0CZBMYB36?tag=eloabder-20&linkCode=osi&th=1&psc=1">View Product</a></div><div class="product"><a href="https://www.amazon.com/dp/B013VWRYXE?tag=eloabder-20&linkCode=osi&th=1&psc=1"><img src="https://m.media-amazon.com/images/I/51DYeydMNqL._SL500_.jpg" alt="Product Image"></a><p>12pc Italia Deluxe Ultra Fine Lip Liner set of 12 color</p><p>$9.85</p><a href="https://www.amazon.com/dp/B013VWRYXE?tag=eloabder-20&linkCode=osi&th=1&psc=1">View Product</a></div><div class="product"><a href="https://www.amazon.com/dp/B08CFSS35N?tag=eloabder-20&linkCode=osi&th=1&psc=1"><img src="https://m.media-amazon.com/images/I/212BftJ6SzL._SL500_.jpg" alt="Product Image"></a><p>Rimmel Lasting Finish 8HR Soft Lip Liner Pencil - Vibrant, Blendable Formula to Lock Lipstick in Place for 8 Hours - 705 Cappuccino, .04oz</p><p>$5.99</p><a href="https://www.amazon.com/dp/B08CFSS35N?tag=eloabder-20&linkCode=osi&th=1&psc=1">View Product</a></div><div class="product"><a href="https://www.amazon.com/dp/B0BVPNQW1C?tag=eloabder-20&linkCode=osi&th=1&psc=1"><img src="https://m.media-amazon.com/images/I/31a29qwVsOL._SL500_.jpg" alt="Product Image"></a><p>Sacheu Lip Liner Stay-N - Peel Off Lip Liner Tattoo, Peel Off Lip Stain, Long Lasting Lip Stain Peel Off, Infused with Hyaluronic Acid & Vitamin E, For All Skin Types, p-INKED</p><p>$12.00</p><a href="https://www.amazon.com/dp/B0BVPNQW1C?tag=eloabder-20&linkCode=osi&th=1&psc=1">View Product</a></div><div class="product"><a href="https://www.amazon.com/dp/B005G9LPDQ?tag=eloabder-20&linkCode=osi&th=1&psc=1"><img src="https://m.media-amazon.com/images/I/31S6bAW3pDL._SL500_.jpg" alt="Product Image"></a><p>NYX PROFESSIONAL MAKEUP Mechanical Lip Liner Pencil, Nude Pink</p><p>$4.99</p><a href="https://www.amazon.com/dp/B005G9LPDQ?tag=eloabder-20&linkCode=osi&th=1&psc=1">View Product</a></div>
<div class="product"><a href="https://www.amazon.com/dp/B0C7W6GW8P?tag=eloabder-20&linkCode=osi&th=1&psc=1"><img src="https://m.media-amazon.com/images/I/31Z6RdO3GRL._SL500_.jpg" alt="Product Image"></a><p>e.l.f. Squeeze Me Lip Balm, Moisturizing Lip Balm For A Sheer Tint Of Color, Infused With Hyaluronic Acid, Vegan & Cruelty-free, Strawberry</p><p>$4.00</p><a href="https://www.amazon.com/dp/B0C7W6GW8P?tag=eloabder-20&linkCode=osi&th=1&psc=1">View Product</a></div><div class="product"><a href="https://www.amazon.com/dp/B001R1UD3K?tag=eloabder-20&linkCode=osi&th=1&psc=1"><img src="https://m.media-amazon.com/images/I/41QzfNZqHrL._SL500_.jpg" alt="Product Image"></a><p>Carmex Original Flavor Moisturizing Lip Balm Tube Value Pack,0.35 Ounce (3 Count)</p><p>$2.94</p><a href="https://www.amazon.com/dp/B001R1UD3K?tag=eloabder-20&linkCode=osi&th=1&psc=1">View Product</a></div><div class="product"><a href="https://www.amazon.com/dp/B07QYWXCCT?tag=eloabder-20&linkCode=osi&th=1&psc=1"><img src="https://m.media-amazon.com/images/I/51T+6mCUskL._SL500_.jpg" alt="Product Image"></a><p>Jack Black Intense Therapy Lip Balm, 0.25-Oz., Pack of 3 – Natural Mint & Shea Butter, SPF 25 Sun Protection, Lip Moisturizer, Hydrating Lip Balm with SPF, Long Lasting Treatment</p><p>$24.00 ($32.00 / Ounce)</p><a href="https://www.amazon.com/dp/B07QYWXCCT?tag=eloabder-20&linkCode=osi&th=1&psc=1">View Product</a></div><div class="product"><a href="https://www.amazon.com/dp/B0044B4HSM?tag=eloabder-20&linkCode=osi&th=1&psc=1"><img src="https://m.media-amazon.com/images/I/51-qb5fLclL._SL500_.jpg" alt="Product Image"></a><p>Blistex Medicated Lip Balm, 0.15 Ounce, 3 Count (Pack of 1) Prevent Dryness & Chapping, SPF 15 Sun Protection, Seals in Moisture, Hydrating Lip Balm, Easy Glide Formula for Full Coverage</p><p>$3.94</p><a href="https://www.amazon.com/dp/B0044B4HSM?tag=eloabder-20&linkCode=osi&th=1&psc=1">View Product</a></div><div class="product"><a href="https://www.amazon.com/dp/B0C1TFHMCT?tag=eloabder-20&linkCode=osi&th=1&psc=1"><img src="https://m.media-amazon.com/images/I/51aYODckhsL._SL500_.jpg" alt="Product Image"></a><p>Vaseline Lip Therapy Care Original, Fast-Acting Nourishment, Ideal for Chapped, Dry, Cracked, or Damaged Lips, Lip Balm, 0.16 Ounce (Pack of 4)</p><p>$5.00</p><a href="https://www.amazon.com/dp/B0C1TFHMCT?tag=eloabder-20&linkCode=osi&th=1&psc=1">View Product</a></div><div class="product"><a href="https://www.amazon.com/dp/B0CZXG68J4?tag=eloabder-20&linkCode=osi&th=1&psc=1"><img src="https://m.media-amazon.com/images/I/41Xkis0092L._SL500_.jpg" alt="Product Image"></a><p>CNP Honey Lip Butter (0.5 fl.oz / 15ml) - Propolis Lipcerin™, Hydrating Overnight Manuka Lip Balm & Mask, 12hrs Long-lasting Moisture, Gentle Exfoliation, Hygienic Twist Dispenser, Korean Skin Care</p><p>$13.64 ($27.28 / Fl Oz)</p><a href="https://www.amazon.com/dp/B0CZXG68J4?tag=eloabder-20&linkCode=osi&th=1&psc=1">View Product</a></div><div class="product"><a href="https://www.amazon.com/dp/B07MSG1HPK?tag=eloabder-20&linkCode=osi&th=1&psc=1"><img src="https://m.media-amazon.com/images/I/21RmonQcC5L._SL500_.jpg" alt="Product Image"></a><p>La Roche-Posay Cicaplast Lip Balm B5 | Hydrating Lip Balm with Shea Butter | Lip Treatment for Dry Cracked Lips | Moisturizing and Repairing Lip Balm | Fragrance Free</p><p>$9.99</p><a href="https://www.amazon.com/dp/B07MSG1HPK?tag=eloabder-20&linkCode=osi&th=1&psc=1">View Product</a></div>
<div class="product"><a href="https://www.amazon.com/dp/B099RYFLSW?tag=eloabder-20&linkCode=osi&th=1&psc=1"><img src="https://m.media-amazon.com/images/I/31IMjST8noL._SL500_.jpg" alt="Product Image"></a><p>ETUDE Dear Darling Water Tint Cherry Ade (21AD) | Vivid Color Lip Stain with Moisturizing Weightless & Non-sticky Finish Lip Stain | Smudge-proof & Lightweight Lip Tint | K-beauty</p><p>$6.67 ($20.84 / Fl Oz)</p><a href="https://www.amazon.com/dp/B099RYFLSW?tag=eloabder-20&linkCode=osi&th=1&psc=1">View Product</a></div><div class="product"><a href="https://www.amazon.com/dp/B0C7Q4Q9SX?tag=eloabder-20&linkCode=osi&th=1&psc=1"><img src="https://m.media-amazon.com/images/I/51SO2tY6q-L._SL500_.jpg" alt="Product Image"></a><p>6 Colors Lip Tint Stain Set, Korean Lip Gloss Plumping Mini Liquid Lipstick, Multi-use Lip and Cheek Tint,Waterproof&Long Lasting,Natural Lip Stain Non-Sticky,Vivid Color (Avocado)</p><p>$7.99 ($4.00 / Fl Oz)</p><a href="https://www.amazon.com/dp/B0C7Q4Q9SX?tag=eloabder-20&linkCode=osi&th=1&psc=1">View Product</a></div><div class="product"><a href="https://www.amazon.com/dp/B0B56TC2G5?tag=eloabder-20&linkCode=osi&th=1&psc=1"><img src="https://m.media-amazon.com/images/I/31wrei57oIL._SL500_.jpg" alt="Product Image"></a><p>essence | What a Tint! Lip & Cheek Tint | Long-Lasting Liquid Blush & Lip Stain | Non-Sticky & Kiss-Proof | Vegan & Cruelty Free</p><p>$4.99 ($31.19 / Fl Oz)</p><a href="https://www.amazon.com/dp/B0B56TC2G5?tag=eloabder-20&linkCode=osi&th=1&psc=1">View Product</a></div><div class="product"><a href="https://www.amazon.com/dp/B0163BMUFM?tag=eloabder-20&linkCode=osi&th=1&psc=1"><img src="https://m.media-amazon.com/images/I/41p6DP49DfL._SL500_.jpg" alt="Product Image"></a><p>Burt's Bees Lip Tint Balm with Long Lasting 2 in 1 Duo Tinted Balm Formula, Color Infused with Deeply Hydrating Shea Butter for a Natural Looking Buildable Finish, Fiery Red Dahlia (2-Pack)</p><p>$9.20</p><a href="https://www.amazon.com/dp/B0163BMUFM?tag=eloabder-20&linkCode=osi&th=1&psc=1">View Product</a></div><div class="product"><a href="https://www.amazon.com/dp/B07NTPQRL5?tag=eloabder-20&linkCode=osi&th=1&psc=1"><img src="https://m.media-amazon.com/images/I/21-ZJZEUADL._SL500_.jpg" alt="Product Image"></a><p>Honest Beauty Tinted Lip Balm | Antioxidant-rich Acai Extracts + Avocado Oil | EWG Certified, Vegan, Cruelty Free | Summer Melon</p><p>$7.80</p><a href="https://www.amazon.com/dp/B07NTPQRL5?tag=eloabder-20&linkCode=osi&th=1&psc=1">View Product</a></div><div class="product"><a href="https://www.amazon.com/dp/B0CMJXGCFQ?tag=eloabder-20&linkCode=osi&th=1&psc=1"><img src="https://m.media-amazon.com/images/I/31c6yEqB00L._SL500_.jpg" alt="Product Image"></a><p>e.l.f. Glow Reviver Lip Oil, Nourishing Tinted Lip Oil For A High-shine Finish, Infused With Jojoba Oil, Vegan & Cruelty-free, Jam Session</p><p>$8.00</p><a href="https://www.amazon.com/dp/B0CMJXGCFQ?tag=eloabder-20&linkCode=osi&th=1&psc=1">View Product</a></div><div class="product"><a href="https://www.amazon.com/dp/B0B9YHX8DX?tag=eloabder-20&linkCode=osi&th=1&psc=1"><img src="https://m.media-amazon.com/images/I/31A-yoM7ZqL._SL500_.jpg" alt="Product Image"></a><p>Wonderskin Wonder Blading Lip Stain Peel Off Masque - Long Lasting, Waterproof and Transfer Proof Nude Lip Tint, Matte Finish Peel Off Lip Stain (Whimsical Masque)</p><p>$22.00</p><a href="https://www.amazon.com/dp/B0B9YHX8DX?tag=eloabder-20&linkCode=osi&th=1&psc=1">View Product</a></div><div class="product"><a href="https://www.amazon.com/dp/B0C3CWWMJM?tag=eloabder-20&linkCode=osi&th=1&psc=1"><img src="https://m.media-amazon.com/images/I/51evW1YGQdL._SL500_.jpg" alt="Product Image"></a><p>Eakroo 6 Colors Lip Tint Stain Mini Liquid Lipstick, Korean Lip Gloss Moisturizing Natural, Multi-Use Lip and Cheek Tint, Non-Stick Cup, Lightweight, High Pigment, Long-Lasting, Vivid Color</p><p>$7.99 ($2.89 / Fl Oz)</p><a href="https://www.amazon.com/dp/B0C3CWWMJM?tag=eloabder-20&linkCode=osi&th=1&psc=1">View Product</a></div><div class="product"><a href="https://www.amazon.com/dp/B09LB91W1H?tag=eloabder-20&linkCode=osi&th=1&psc=1"><img src="https://m.media-amazon.com/images/I/21UsOgVkNxL._SL500_.jpg" alt="Product Image"></a><p>CoverGirl Clean Fresh Tinted Lip Balm, Vegan Formula, Hydrating, Natural Finish, Cruelty Free, Bliss You Berry, 1 Count</p><p>$5.88 ($42.00 / Ounce)</p><a href="https://www.amazon.com/dp/B09LB91W1H?tag=eloabder-20&linkCode=osi&th=1&psc=1">View Product</a></div>
<div class="product"><a href="https://www.amazon.com/dp/B0B4F8FP1V?tag=eloabder-20&linkCode=osi&th=1&psc=1"><img src="https://m.media-amazon.com/images/I/31zD0oZazrL._SL500_.jpg" alt="Product Image"></a><p>e.l.f. Cosmetics Glossy Lip Stain, Lightweight, Long-Wear Lip Stain For A Sheer Pop Of Color & Subtle Gloss Effect, Berry Queen</p><p>$6.00</p><a href="https://www.amazon.com/dp/B0B4F8FP1V?tag=eloabder-20&linkCode=osi&th=1&psc=1">View Product</a></div><div class="product"><a href="https://www.amazon.com/dp/B0B9YH9PZK?tag=eloabder-20&linkCode=osi&th=1&psc=1"><img src="https://m.media-amazon.com/images/I/31irqkpVbvL._SL500_.jpg" alt="Product Image"></a><p>Wonderskin Wonder Blading Lip Stain Peel Off Masque - Long Lasting, Waterproof and Transfer Proof Pink Lip Tint, Matte Finish Peel Off Lip Stain (First Kiss Masque)</p><p>$22.00</p><a href="https://www.amazon.com/dp/B0B9YH9PZK?tag=eloabder-20&linkCode=osi&th=1&psc=1">View Product</a></div><div class="product"><a href="https://www.amazon.com/dp/B0CLYN8F9L?tag=eloabder-20&linkCode=osi&th=1&psc=1"><img src="https://m.media-amazon.com/images/I/218WFwKw6qL._SL500_.jpg" alt="Product Image"></a><p>COVERGIRL Outlast, 05 All-Star, Lipstain, Smooth Application, Precise Pen-Like Tip, Transfer-Proof, Satin Stained Finish, Vegan Formula, 0.06oz</p><p>$8.98</p><a href="https://www.amazon.com/dp/B0CLYN8F9L?tag=eloabder-20&linkCode=osi&th=1&psc=1">View Product</a></div><div class="product"><a href="https://www.amazon.com/dp/B0CLDDVBF4?tag=eloabder-20&linkCode=osi&th=1&psc=1"><img src="https://m.media-amazon.com/images/I/318rUce3+fL._SL500_.jpg" alt="Product Image"></a><p>Sacheu Lip Liner Stay-N - Peel Off Lip Liner Tattoo, Peel Off Lip Stain, Long Lasting Lip Stain Peel Off, Infused with Hyaluronic Acid & Vitamin E, For All Skin Types, HEY-zel</p><p>$12.00 ($100.00 / Fl Oz)</p><a href="https://www.amazon.com/dp/B0CLDDVBF4?tag=eloabder-20&linkCode=osi&th=1&psc=1">View Product</a></div><div class="product"><a href="https://www.amazon.com/dp/B001CWGFYU?tag=eloabder-20&linkCode=osi&th=1&psc=1"><img src="https://m.media-amazon.com/images/I/41wMMGxFtlL._SL500_.jpg" alt="Product Image"></a><p>Palladio Lip Stain, Hydrating and Waterproof Formula, Matte Color Look, Longlasting All Day Wear Lip Color, Smudge Proof Natural Finish, Precise Chisel Tip Marker, Nude</p><p>$8.99</p><a href="https://www.amazon.com/dp/B001CWGFYU?tag=eloabder-20&linkCode=osi&th=1&psc=1">View Product</a></div><div class="product"><a href="https://www.amazon.com/dp/B0CHJ8YL6G?tag=eloabder-20&linkCode=osi&th=1&psc=1"><img src="https://m.media-amazon.com/images/I/41amIuqcaJL._SL500_.jpg" alt="Product Image"></a><p>Cilrofelr Peel Off Lip Liner Stain, Long Wear Tattoo Lip Liner with Tweezer, Peel Off Lip Stain with Matte Finish, Long Lasting, Waterproof, Transfer-proof, Highly Pigmented Color (Mauve)</p><p>$14.99 ($187.38 / Fl Oz)</p><a href="https://www.amazon.com/dp/B0CHJ8YL6G?tag=eloabder-20&linkCode=osi&th=1&psc=1">View Product</a></div><div class="product"><a href="https://www.amazon.com/dp/B0CNCSLDBB?tag=eloabder-20&linkCode=osi&th=1&psc=1"><img src="https://m.media-amazon.com/images/I/31EPLmbi1eL._SL500_.jpg" alt="Product Image"></a><p>ETUDE Fixing Tint #05 Midnight Mauve (23AD) | Long Lasting High Pigmented Liquid Lipstick | Waterproof Lightweight Matte Finish Lip Stain | Full Coverage</p><p>$12.00</p><a href="https://www.amazon.com/dp/B0CNCSLDBB?tag=eloabder-20&linkCode=osi&th=1&psc=1">View Product</a></div><div class="product"><a href="https://www.amazon.com/dp/B0CKF2WFNQ?tag=eloabder-20&linkCode=osi&th=1&psc=1"><img src="https://m.media-amazon.com/images/I/41GyA+oYguL._SL500_.jpg" alt="Product Image"></a><p>NOONI Korean Lip Oil - Applefig | Lip Stain, Gift, Long-Lasting, Moisturizing, Plumping, Revitalizing for Dry Lips, Waterproof, No Peel Off, Korean Lip Tint, Magenta Purple, 0.12 Fl Oz</p><p>$12.00 ($100.00 / Fl Oz)</p><a href="https://www.amazon.com/dp/B0CKF2WFNQ?tag=eloabder-20&linkCode=osi&th=1&psc=1">View Product</a></div>
<div class="product"><a href="https://www.amazon.com/dp/B01NAI251H?tag=eloabder-20&linkCode=osi&th=1&psc=1"><img src="https://m.media-amazon.com/images/I/51gC3z3vEIL._SL500_.jpg" alt="Product Image"></a><p>Handmade Heroes 100% Natural Lip Scrub, Vegan Conditioning Coconut Exfoliator - Gentle Exfoliant, Sugar Polish and Scrubber for Chapped Dry Lips, 1oz (Coconut Sorbet)</p><p>$6.99</p><a href="https://www.amazon.com/dp/B01NAI251H?tag=eloabder-20&linkCode=osi&th=1&psc=1">View Product</a></div><div class="product"><a href="https://www.amazon.com/dp/B0C7WQ3Z6H?tag=eloabder-20&linkCode=osi&th=1&psc=1"><img src="https://m.media-amazon.com/images/I/318wm99nh1L._SL500_.jpg" alt="Product Image"></a><p>e.l.f. Lip Exfoliator, Moisturizing Scented Lip Scrub For Exfoliating & Smoothing Lips, Infused With Jojoba Oil, Vegan & Cruelty-free, Strawberry</p><p>$5.00 ($50.00 / Ounce)</p><a href="https://www.amazon.com/dp/B0C7WQ3Z6H?tag=eloabder-20&linkCode=osi&th=1&psc=1">View Product</a></div><div class="product"><a href="https://www.amazon.com/dp/B0759HSBQC?tag=eloabder-20&linkCode=osi&th=1&psc=1"><img src="https://m.media-amazon.com/images/I/3165YiRlcNL._SL500_.jpg" alt="Product Image"></a><p>Revlon Lip Scrub Balm, Kiss Sugar Scrub Exfoliator, Lip Makeup with 24 Hour Long Lasting Hydration, Sugar Mint, 0.09 oz</p><p>$5.48</p><a href="https://www.amazon.com/dp/B0759HSBQC?tag=eloabder-20&linkCode=osi&th=1&psc=1">View Product</a></div><div class="product"><a href="https://www.amazon.com/dp/B0B15MRHM4?tag=eloabder-20&linkCode=osi&th=1&psc=1"><img src="https://m.media-amazon.com/images/I/414XRjPg6AL._SL500_.jpg" alt="Product Image"></a><p>Brooklyn Botany Lip Scrub Exfoliator 1 oz – Lip Moisturizer for Dry Lips and Chapped Lips – Gentle Lip Exfoliator for Smooth and Brighter Lips – Vanilla Flavor</p><p>$7.99</p><a href="https://www.amazon.com/dp/B0B15MRHM4?tag=eloabder-20&linkCode=osi&th=1&psc=1">View Product</a></div><div class="product"><a href="https://www.amazon.com/dp/B0CNQ72M6B?tag=eloabder-20&linkCode=osi&th=1&psc=1"><img src="https://m.media-amazon.com/images/I/310xvYvYEkL._SL500_.jpg" alt="Product Image"></a><p>W7 Sweet Dreams Lip Scrub & Overnight Lip Mask Duo - 2Pcs Set - Strawberry Flavour - Exfoliate, Condition, Soothe & Hydrate</p><p>$9.95 ($4.98 / Count)</p><a href="https://www.amazon.com/dp/B0CNQ72M6B?tag=eloabder-20&linkCode=osi&th=1&psc=1">View Product</a></div><div class="product"><a href="https://www.amazon.com/dp/B09FYYRJ4Y?tag=eloabder-20&linkCode=osi&th=1&psc=1"><img src="https://m.media-amazon.com/images/I/41HDVJYOBRL._SL500_.jpg" alt="Product Image"></a><p>Lip Scrub Treatment, Lip Scrubs Exfoliating Moisturizer Sugar Lip Surb Cruelty-Free for Repairing Dry & Chapped & Peeling and Cracked Lips, the Best Gift for Lip Care in Autumn and Winter(Orange)</p><p>$2.99 ($1.04 / Ounce)</p><a href="https://www.amazon.com/dp/B09FYYRJ4Y?tag=eloabder-20&linkCode=osi&th=1&psc=1">View Product</a></div><div class="product"><a href="https://www.amazon.com/dp/B083588MZP?tag=eloabder-20&linkCode=osi&th=1&psc=1"><img src="https://m.media-amazon.com/images/I/31qe+dPu0WL._SL500_.jpg" alt="Product Image"></a><p>Milani Rose Sugar Lip Scrub - Lip Exfoliator to Help With Lip Care and Lip Repair</p><p>$7.04 ($7.04 / Count)</p><a href="https://www.amazon.com/dp/B083588MZP?tag=eloabder-20&linkCode=osi&th=1&psc=1">View Product</a></div><div class="product"><a href="https://www.amazon.com/dp/B085NDWSZW?tag=eloabder-20&linkCode=osi&th=1&psc=1"><img src="https://m.media-amazon.com/images/I/31QVvbj+z9L._SL500_.jpg" alt="Product Image"></a><p>3 Pcs Lip Scrub Brush,Lip Scrubber Exfoliator,Silicone Lip Brush Tool Double-Sided Mini Exfoliating Brush For Men Women Lip Lightening For Dark Lips Exfoliator Scrub Brush</p><p>$3.47 ($1.16 / Count)</p><a href="https://www.amazon.com/dp/B085NDWSZW?tag=eloabder-20&linkCode=osi&th=1&psc=1">View Product</a></div><div class="product"><a href="https://www.amazon.com/dp/B0CMQ6YN87?tag=eloabder-20&linkCode=osi&th=1&psc=1"><img src="https://m.media-amazon.com/images/I/41KZ7zmBA8L._SL500_.jpg" alt="Product Image"></a><p>EJW Nourishing Lip Scrub - Infused with Coconut Oil, Olive Fruit Oil, and Jojoba Seed Oil, 1.05oz - Exfoliate, Hydrate, and Glow for Chapped Dry, Dark Lips</p><p>$7.27</p><a href="https://www.amazon.com/dp/B0CMQ6YN87?tag=eloabder-20&linkCode=osi&th=1&psc=1">View Product</a></div>
<div class="product"><a href="https://www.amazon.com/dp/B01LYWTZT2?tag=eloabder-20&linkCode=osi&th=1&psc=1"><img src="https://m.media-amazon.com/images/I/315xsyPtBfL._SL500_.jpg" alt="Product Image"></a><p>Too Faced Lip Injection Travel Size Extreme Lip Plumper, Original, 0.1 Fl Oz</p><p>$16.00 ($160.00 / Fl Oz)</p><a href="https://www.amazon.com/dp/B01LYWTZT2?tag=eloabder-20&linkCode=osi&th=1&psc=1">View Product</a></div><div class="product"><a href="https://www.amazon.com/dp/B094LT5LM4?tag=eloabder-20&linkCode=osi&th=1&psc=1"><img src="https://m.media-amazon.com/images/I/1174dCa9FqS._SL500_.jpg" alt="Product Image"></a><p>City Beauty City Lips Plumping Lip Gloss - Ultra High-Shine Gloss for Fuller, Healthier, Younger-Looking Lips | Hydrating & Smoothing Lip Treatment Lip Plumper with Hyaluronic Acid & Oligopeptides</p><p>$35.00 ($218.75 / Fl Oz)</p><a href="https://www.amazon.com/dp/B094LT5LM4?tag=eloabder-20&linkCode=osi&th=1&psc=1">View Product</a></div><div class="product"><a href="https://www.amazon.com/dp/B08XZQ4YQ2?tag=eloabder-20&linkCode=osi&th=1&psc=1"><img src="https://m.media-amazon.com/images/I/41cN7l9csUL._SL500_.jpg" alt="Product Image"></a><p>essence | What the Fake! Plumping Lip Filler | Lip Gloss for Full, Voluminous Lips | Translucent Pearly Finish | Vegan & Cruelty Free, Gluten Free, Paraben Free</p><p>$4.99 ($35.64 / Fl Oz )</p><a href="https://www.amazon.com/dp/B08XZQ4YQ2?tag=eloabder-20&linkCode=osi&th=1&psc=1">View Product</a></div><div class="product"><a href="https://www.amazon.com/dp/B0CR7GSPFP?tag=eloabder-20&linkCode=osi&th=1&psc=1"><img src="https://m.media-amazon.com/images/I/41y+VaB2iDL._SL500_.jpg" alt="Product Image"></a><p>NYX PROFESSIONAL MAKEUP Duck Plump High Pigment Plumping Lip Gloss with Spicy Ginger, Vegan Lip Makeup - Cherry Spice (Transparent Red)</p><p>$9.75</p><a href="https://www.amazon.com/dp/B0CR7GSPFP?tag=eloabder-20&linkCode=osi&th=1&psc=1">View Product</a></div><div class="product"><a href="https://www.amazon.com/dp/B0CPYMLVJJ?tag=eloabder-20&linkCode=osi&th=1&psc=1"><img src="https://m.media-amazon.com/images/I/31qGoOFwP7L._SL500_.jpg" alt="Product Image"></a><p>e.l.f. Pout Clout Lip Plumping Pen, Nourishing Lip Balm For Sheer Color & Shine, Plumps & Moisturizes, Vegan & Cruelty-Free, In The Clear</p><p>$8.00</p><a href="https://www.amazon.com/dp/B0CPYMLVJJ?tag=eloabder-20&linkCode=osi&th=1&psc=1">View Product</a></div><div class="product"><a href="https://www.amazon.com/dp/B086QRYHYT?tag=eloabder-20&linkCode=osi&th=1&psc=1"><img src="https://m.media-amazon.com/images/I/41IVWGl-frL._SL500_.jpg" alt="Product Image"></a><p>KISSIO Lip Plumper,Natural Lip Plumper for Day Use,Lip Plumping Gloss Make Lips Fuller and Moisturizing 5.5ml</p><p>$9.89</p><a href="https://www.amazon.com/dp/B086QRYHYT?tag=eloabder-20&linkCode=osi&th=1&psc=1">View Product</a></div><div class="product"><a href="https://www.amazon.com/dp/B074G382ZR?tag=eloabder-20&linkCode=osi&th=1&psc=1"><img src="https://m.media-amazon.com/images/I/31h-Mpx5OOL._SL500_.jpg" alt="Product Image"></a><p>e.l.f. Lip Plumping Gloss, Hydrating, Nourishing, Invigorating, High-Shine, Plumps, Volumizes, Cools, Soothes, Shimmer, Pink Cosmo 8 Ounce 0.09 Fl Oz</p><p>$7.00</p><a href="https://www.amazon.com/dp/B074G382ZR?tag=eloabder-20&linkCode=osi&th=1&psc=1">View Product</a></div><div class="product"><a href="https://www.amazon.com/dp/B08RRY5PF2?tag=eloabder-20&linkCode=osi&th=1&psc=1"><img src="https://m.media-amazon.com/images/I/41HjvvFXBpL._SL500_.jpg" alt="Product Image"></a><p>Physicians Formula Mineral Wear Diamond Lip Plumper Gloss, Dermatologist Tested, Light Pink Princess Cut</p><p>$7.28</p><a href="https://www.amazon.com/dp/B08RRY5PF2?tag=eloabder-20&linkCode=osi&th=1&psc=1">View Product</a></div>
<div class="product"><a href="https://www.amazon.com/dp/B017PCGAXQ?tag=eloabder-20&linkCode=osi&th=1&psc=1"><img src="https://m.media-amazon.com/images/I/31-daQlUgGL._SL500_.jpg" alt="Product Image"></a><p>Garnier Micellar Water For Waterproof Makeup, Hydrating Facial Cleanser & Makeup Remover, Suitable for Sensitive Skin, Vegan, Cruelty Free, 13.5 Fl Oz (400mL), 1 Count</p><p>$8.97 ($0.66 / Fl Oz)</p><a href="https://www.amazon.com/dp/B017PCGAXQ?tag=eloabder-20&linkCode=osi&th=1&psc=1">View Product</a></div><div class="product"><a href="https://www.amazon.com/dp/B017PCGABI?tag=eloabder-20&linkCode=osi&th=1&psc=1"><img src="https://m.media-amazon.com/images/I/3106WC85aAL._SL500_.jpg" alt="Product Image"></a><p>Garnier Micellar Water, Hydrating Facial Cleanser & Makeup Remover, Suitable for Sensitive Skin, Vegan, Cruelty Free, 13.5 Fl Oz (400mL), 1 Count</p><p>$8.97 ($0.66 / Fl Oz)</p><a href="https://www.amazon.com/dp/B017PCGABI?tag=eloabder-20&linkCode=osi&th=1&psc=1">View Product</a></div><div class="product"><a href="https://www.amazon.com/dp/B00U2VQZDS?tag=eloabder-20&linkCode=osi&th=1&psc=1"><img src="https://m.media-amazon.com/images/I/41VzZfHAKpL._SL500_.jpg" alt="Product Image"></a><p>Neutrogena Makeup Remover Wipes, Ultra-Soft Cleansing Facial Towelettes for Waterproof Makeup, Alcohol-Free, Plant-Based, Twin Pack, 25 Count (Pack of 2)</p><p>$8.97 ($0.18 / Count)</p><a href="https://www.amazon.com/dp/B00U2VQZDS?tag=eloabder-20&linkCode=osi&th=1&psc=1">View Product</a></div><div class="product"><a href="https://www.amazon.com/dp/B07T9JV956?tag=eloabder-20&linkCode=osi&th=1&psc=1"><img src="https://m.media-amazon.com/images/I/310x+0QrxsL._SL500_.jpg" alt="Product Image"></a><p>Neutrogena Gentle Oil-Free Eye Makeup Remover & Cleanser for Sensitive Eyes, Non-Greasy Makeup Remover, Removes Waterproof Mascara, Dermatologist & Ophthalmologist Tested, 8.0 fl. oz</p><p>$9.39 ($1.17 / Fl Oz)</p><a href="https://www.amazon.com/dp/B07T9JV956?tag=eloabder-20&linkCode=osi&th=1&psc=1">View Product</a></div><div class="product"><a href="https://www.amazon.com/dp/B01M31HY3S?tag=eloabder-20&linkCode=osi&th=1&psc=1"><img src="https://m.media-amazon.com/images/I/319i79e7f4L._SL500_.jpg" alt="Product Image"></a><p>Cetaphil Gentle Waterproof Makeup Remover, Mother's Day Gifts, Oil-Free Formula Suitable for Sensitive Skin, 6.0 Fluid Ounce</p><p>$9.87 ($1.64 / Fl Oz)</p><a href="https://www.amazon.com/dp/B01M31HY3S?tag=eloabder-20&linkCode=osi&th=1&psc=1">View Product</a></div><div class="product"><a href="https://www.amazon.com/dp/B07SS6LFRG?tag=eloabder-20&linkCode=osi&th=1&psc=1"><img src="https://m.media-amazon.com/images/I/31Mwa89HfCL._SL500_.jpg" alt="Product Image"></a><p>Amazon Basics Eye Makeup Remover, Removes Waterproof Mascara, Dermatologist Tested, Fragrance Free, 5.5 Fl Oz (Pack of 1)</p><p>$5.99 ($1.09 / Fl Oz)</p><a href="https://www.amazon.com/dp/B07SS6LFRG?tag=eloabder-20&linkCode=osi&th=1&psc=1">View Product</a></div><div class="product"><a href="https://www.amazon.com/dp/B08TQTT8LK?tag=eloabder-20&linkCode=osi&th=1&psc=1"><img src="https://m.media-amazon.com/images/I/31R-Y-dhjEL._SL500_.jpg" alt="Product Image"></a><p>e.l.f. Holy Hydration! Makeup Melting Cleansing Balm, Face Cleanser & Makeup Remover, Infused with Hyaluronic Acid to Hydrate Skin, 2 Oz</p><p>$11.00 ($5.50 / Ounce)</p><a href="https://www.amazon.com/dp/B08TQTT8LK?tag=eloabder-20&linkCode=osi&th=1&psc=1">View Product</a></div><div class="product"><a href="https://www.amazon.com/dp/B08Q3CQM7X?tag=eloabder-20&linkCode=osi&th=1&psc=1"><img src="https://m.media-amazon.com/images/I/31edyzkByfL._SL500_.jpg" alt="Product Image"></a><p>JUNO & Co. Clean 10 Cleansing Balm 10 Ingredients Makeup Remover 85g / 3.0oz</p><p>$14.99 ($5.00 / Ounce)</p><a href="https://www.amazon.com/dp/B08Q3CQM7X?tag=eloabder-20&linkCode=osi&th=1&psc=1">View Product</a></div><div class="product"><a href="https://www.amazon.com/dp/B0B1PP1XCM?tag=eloabder-20&linkCode=osi&th=1&psc=1"><img src="https://m.media-amazon.com/images/I/31kOCqV2+BL._SL500_.jpg" alt="Product Image"></a><p>CeraVe Cleansing Balm for Sensitive Skin | Hydrating Makeup Remover with Ceramides and Plant-based Jojoba Oil for Face | Non-Comedogenic Fragrance Free Non-Greasy |1.3 Ounces</p><p>$9.97 ($7.67 / Ounce)</p><a href="https://www.amazon.com/dp/B0B1PP1XCM?tag=eloabder-20&linkCode=osi&th=1&psc=1">View Product</a></div><div class="product"><a href="https://www.amazon.com/dp/B0BX65V1BZ?tag=eloabder-20&linkCode=osi&th=1&psc=1"><img src="https://m.media-amazon.com/images/I/31t6WiWvdDL._SL500_.jpg" alt="Product Image"></a><p>Prime Prometics PrimeSkin Beauty Water – Deeply Hydrating Pro-Age Make-Up Remover for Mature Women – Clean, One Swipe – for All Skin Types – pH balanced, Hypoallergenic</p><p>$27.00 ($5.29 / Fl Oz)</p><a href="https://www.amazon.com/dp/B0BX65V1BZ?tag=eloabder-20&linkCode=osi&th=1&psc=1">View Product</a></div>
<div class="product"><a href="https://www.amazon.com/dp/B0B642XWV8?tag=eloabder-20&linkCode=osi&th=1&psc=1"><img src="https://m.media-amazon.com/images/I/31PQPhUWqyL._SL500_.jpg" alt="Product Image"></a><p>Cetaphil Face and Body Wipes, Gentle Skin Cleansing Cloths, Mother's Day Gifts, 25 Count (Pack of 2), for Dry, Sensitive Skin, Flip Top Closure, Hypoallergenic, Fragrance Free</p><p>$13.69 ($0.27 / Count)</p><a href="https://www.amazon.com/dp/B0B642XWV8?tag=eloabder-20&linkCode=osi&th=1&psc=1">View Product</a></div><div class="product"><a href="https://www.amazon.com/dp/B0B644ZQLV?tag=eloabder-20&linkCode=osi&th=1&psc=1"><img src="https://m.media-amazon.com/images/I/41E5FGVZrnL._SL500_.jpg" alt="Product Image"></a><p>Cetaphil Face and Body Wipes, Gentle Skin Cleansing Cloths, 25 Count (Pack of 3), for Dry, Sensitive Skin, Flip Top Closure, Great for the Gym, Hypoallergenic, Fragrance Free</p><p>$20.91 ($0.28 / Count)</p><a href="https://www.amazon.com/dp/B0B644ZQLV?tag=eloabder-20&linkCode=osi&th=1&psc=1">View Product</a></div><div class="product"><a href="https://www.amazon.com/dp/B0958JYLZN?tag=eloabder-20&linkCode=osi&th=1&psc=1"><img src="https://m.media-amazon.com/images/I/312T32wjaYL._SL500_.jpg" alt="Product Image"></a><p>The Honest Company Hydrate + Cleanse Naturally Scented Wipes | Cleansing Multi-Tasking Wipes | 99% Water, Plant-Based, Hypoallergenic | Aloe + Cucumber, 60 Count</p><p>$5.97 ($9.95 / 100 Count)</p><a href="https://www.amazon.com/dp/B0958JYLZN?tag=eloabder-20&linkCode=osi&th=1&psc=1">View Product</a></div><div class="product"><a href="https://www.amazon.com/dp/B0BR3GVFL4?tag=eloabder-20&linkCode=osi&th=1&psc=1"><img src="https://m.media-amazon.com/images/I/41E2x2jaumL._SL500_.jpg" alt="Product Image"></a><p>Amazon Basics Hydrating Makeup Remover Wipes, 150 wipes (Pack of 6)</p><p>$17.79 ($0.12 / Count)</p><a href="https://www.amazon.com/dp/B0BR3GVFL4?tag=eloabder-20&linkCode=osi&th=1&psc=1">View Product</a></div><div class="product"><a href="https://www.amazon.com/dp/B093T3LQPP?tag=eloabder-20&linkCode=osi&th=1&psc=1"><img src="https://m.media-amazon.com/images/I/51mLU+qr6tL._SL500_.jpg" alt="Product Image"></a><p>Burt's Bees Rose Water Face Wipes, for All Skin Types, Hydrating Micellar Makeup Remover & Facial Cleansing Towelettes, 30 Ct (3-Pack)</p><p>$16.47 ($0.18 / Count)</p><a href="https://www.amazon.com/dp/B093T3LQPP?tag=eloabder-20&linkCode=osi&th=1&psc=1">View Product</a></div><div class="product"><a href="https://www.amazon.com/dp/B09LXWPB1V?tag=eloabder-20&linkCode=osi&th=1&psc=1"><img src="https://m.media-amazon.com/images/I/4117i-jJMKL._SL500_.jpg" alt="Product Image"></a><p>CeraVe Hydrating Facial Cleansing Makeup Remover Wipes| Plant Based Face Biodegradable in Home Compost| Wash Cloth| Suitable for Sensitive Skin| Fragrance-free Non-comedogenic| 25 Count</p><p>$9.97 ($0.40 / Count)</p><a href="https://www.amazon.com/dp/B09LXWPB1V?tag=eloabder-20&linkCode=osi&th=1&psc=1">View Product</a></div><div class="product"><a href="https://www.amazon.com/dp/B00NUJQG7Y?tag=eloabder-20&linkCode=osi&th=1&psc=1"><img src="https://m.media-amazon.com/images/I/51apu8FIluL._SL500_.jpg" alt="Product Image"></a><p>Burt's Bees Aloe Vera Face Wipes, for Sensitive Skin, Soothing Makeup Remover & Facial Cleansing Towelettes, 30 Ct. (3-Pack)</p><p>$16.41 ($0.18 / Count)</p><a href="https://www.amazon.com/dp/B00NUJQG7Y?tag=eloabder-20&linkCode=osi&th=1&psc=1">View Product</a></div>
<div class="product"><a href="https://www.amazon.com/dp/B08KQMXZFB?tag=eloabder-20&linkCode=osi&th=1&psc=1"><img src="https://m.media-amazon.com/images/I/31HvJEoHtwL._SL500_.jpg" alt="Product Image"></a><p>Garnier Micellar Water with Vitamin C, Facial Cleanser & Makeup Remover, Brightening & Hydrating, For All Skin Types, Vegan, Cruelty Free, 13.5 Fl Oz (400mL), 1 Count</p><p>$8.97 ($0.66 / Fl Oz)</p><a href="https://www.amazon.com/dp/B08KQMXZFB?tag=eloabder-20&linkCode=osi&th=1&psc=1">View Product</a></div><div class="product"><a href="https://www.amazon.com/dp/B0036SFTK4?tag=eloabder-20&linkCode=osi&th=1&psc=1"><img src="https://m.media-amazon.com/images/I/31+tj+uVB+L._SL500_.jpg" alt="Product Image"></a><p>Bioderma Sensibio H2O Micellar Water, Makeup Remover, Gentle for Skin, Fragrance-Free & Alcohol-Free, No Rinse Skincare With Micellar Technology for Normal To Sensitive Skin Types</p><p>$12.99 ($1.55 / Fl Oz)</p><a href="https://www.amazon.com/dp/B0036SFTK4?tag=eloabder-20&linkCode=osi&th=1&psc=1">View Product</a></div><div class="product"><a href="https://www.amazon.com/dp/B07TB2MKJJ?tag=eloabder-20&linkCode=osi&th=1&psc=1"><img src="https://m.media-amazon.com/images/I/41SyeAmsnOL._SL500_.jpg" alt="Product Image"></a><p>Garnier Micellar Water with Rose Water and Glycerin, Hydrating Facial Cleanser & Makeup Remover, For All Skin Types, Vegan, Cruelty Free, 13.5 Fl Oz (400mL), 1 Count</p><p>$8.97 ($0.66 / Fl Oz)</p><a href="https://www.amazon.com/dp/B07TB2MKJJ?tag=eloabder-20&linkCode=osi&th=1&psc=1">View Product</a></div><div class="product"><a href="https://www.amazon.com/dp/B01MQ495N0?tag=eloabder-20&linkCode=osi&th=1&psc=1"><img src="https://m.media-amazon.com/images/I/31wWu56DBJL._SL500_.jpg" alt="Product Image"></a><p>Garnier Micellar Water for Oily Skin, Facial Cleanser & Makeup Remover, Mattifying, For All Skin Types, Vegan, Cruelty Free, 13.5 Fl Oz (400mL), 1 Count</p><p>$8.97 ($0.66 / Fl Oz)</p><a href="https://www.amazon.com/dp/B01MQ495N0?tag=eloabder-20&linkCode=osi&th=1&psc=1">View Product</a></div><div class="product"><a href="https://www.amazon.com/dp/B0B59TJN3R?tag=eloabder-20&linkCode=osi&th=1&psc=1"><img src="https://m.media-amazon.com/images/I/410aYbZluvL._SL500_.jpg" alt="Product Image"></a><p>Garnier Micellar Water with Hyaluronic Acid, Facial Cleanser & Makeup Remover, Hydrating and Plumping, For All Skin Types, Vegan, Cruelty Free, 13.5 Fl Oz (400mL), 2 Count</p><p>$17.94 ($0.66 / Fl Oz)</p><a href="https://www.amazon.com/dp/B0B59TJN3R?tag=eloabder-20&linkCode=osi&th=1&psc=1">View Product</a></div><div class="product"><a href="https://www.amazon.com/dp/B07VHZPBZ3?tag=eloabder-20&linkCode=osi&th=1&psc=1"><img src="https://m.media-amazon.com/images/I/41Ow8cEJaFL._SL500_.jpg" alt="Product Image"></a><p>CeraVe Micellar Water | New & Improved Formula | Hydrating Facial Cleanser & Eye Makeup Remover | Fragrance Free & Non-Irritating | 10 Fl. Oz</p><p>$10.74 ($1.07 / Ounce)</p><a href="https://www.amazon.com/dp/B07VHZPBZ3?tag=eloabder-20&linkCode=osi&th=1&psc=1">View Product</a></div><div class="product"><a href="https://www.amazon.com/dp/B005EZSUS0?tag=eloabder-20&linkCode=osi&th=1&psc=1"><img src="https://m.media-amazon.com/images/I/31Cwqaks+tL._SL500_.jpg" alt="Product Image"></a><p>La Roche-Posay Micellar Cleansing Water for Sensitive Skin, Micellar Water Makeup Remover, Cleanses and Hydrates Skin, Gentle Face Toner, Oil Free</p><p>$18.99 ($1.40 / Fl Oz)</p><a href="https://www.amazon.com/dp/B005EZSUS0?tag=eloabder-20&linkCode=osi&th=1&psc=1">View Product</a></div><div class="product"><a href="https://www.amazon.com/dp/B0CY25DD2N?tag=eloabder-20&linkCode=osi&th=1&psc=1"><img src="https://m.media-amazon.com/images/I/41jb6YrZnRL._SL500_.jpg" alt="Product Image"></a><p>ma:nyo Pure Cleansing Water Sensitive (16.9 fl oz/500ml) - Triple+ Micellar Technology, Makeup Removal Cleanser, Gentle Face Cleanser for all skin types, Cleanses and Hydrates Skin</p><p>$18.99 ($1.12 / Fl Oz)</p><a href="https://www.amazon.com/dp/B0CY25DD2N?tag=eloabder-20&linkCode=osi&th=1&psc=1">View Product</a></div>
<div class="product"><a href="https://www.amazon.com/dp/B09LKXR62L?tag=eloabder-20&linkCode=osi&th=1&psc=1"><img src="https://m.media-amazon.com/images/I/31D6ydy59dL._SL500_.jpg" alt="Product Image"></a><p>CeraVe Hydrating Toner for Face Non-Alcoholic with Hyaluronic Acid, Niacinamide, and Ceramides for Sensitive Dry Skin, Fragrance-Free Non Comedogenic, Full Size, 6.8 Fl Oz</p><p>$9.86 ($1.45 / Ounce)</p><a href="https://www.amazon.com/dp/B09LKXR62L?tag=eloabder-20&linkCode=osi&th=1&psc=1">View Product</a></div><div class="product"><a href="https://www.amazon.com/dp/B08CMS8P67?tag=eloabder-20&linkCode=osi&th=1&psc=1"><img src="https://m.media-amazon.com/images/I/31LVyuSsJEL._SL500_.jpg" alt="Product Image"></a><p>Anua Heartleaf 77 Soothing Toner I pH 5.5 Trouble Care, Calming Skin, Refreshing, Hydrating, Purifying, Cruelty Free, Vegan,(250ml / 8.45 fl.oz.)</p><p>$19.69 ($2.33 / Fl Oz)</p><a href="https://www.amazon.com/dp/B08CMS8P67?tag=eloabder-20&linkCode=osi&th=1&psc=1">View Product</a></div><div class="product"><a href="https://www.amazon.com/dp/B001BR97A0?tag=eloabder-20&linkCode=osi&th=1&psc=1"><img src="https://m.media-amazon.com/images/I/41ooiOilk5L._SL500_.jpg" alt="Product Image"></a><p>THAYERS Alcohol-Free, Hydrating Cucumber Witch Hazel Facial Toner with Aloe Vera Formula, Vegan, Dermatologist Tested and Recommended, 12 Oz</p><p>$10.53 ($0.88 / Fl Oz)</p><a href="https://www.amazon.com/dp/B001BR97A0?tag=eloabder-20&linkCode=osi&th=1&psc=1">View Product</a></div><div class="product"><a href="https://www.amazon.com/dp/B0CG1H8YRS?tag=eloabder-20&linkCode=osi&th=1&psc=1"><img src="https://m.media-amazon.com/images/I/31OZES5j9LL._SL500_.jpg" alt="Product Image"></a><p>TIRTIR Milk Skin Rice Toner | Deep Moisturizing, Instant Glow, 2% Niacinamide, Rice Bran Extract, Ceramide, Panthenol, Cruelty-Free, Fungal Acne Friendly, Vegan, 5.07 fl.oz.</p><p>$24.99 ($4.93 / Fl Oz)</p><a href="https://www.amazon.com/dp/B0CG1H8YRS?tag=eloabder-20&linkCode=osi&th=1&psc=1">View Product</a></div><div class="product"><a href="https://www.amazon.com/dp/B008EPPIQ4?tag=eloabder-20&linkCode=osi&th=1&psc=1"><img src="https://m.media-amazon.com/images/I/31-lQL0AkZL._SL500_.jpg" alt="Product Image"></a><p>Paula's Choice Skin Balancing Pore-Reducing Toner for Combination and Oily Skin, Minimizes Large Pores, 6.4 Fluid Ounce Bottle</p><p>$26.00 ($4.06 / Fl Oz)</p><a href="https://www.amazon.com/dp/B008EPPIQ4?tag=eloabder-20&linkCode=osi&th=1&psc=1">View Product</a></div><div class="product"><a href="https://www.amazon.com/dp/B0BNC5ZF3T?tag=eloabder-20&linkCode=osi&th=1&psc=1"><img src="https://m.media-amazon.com/images/I/31ZMbyd3gbL._SL500_.jpg" alt="Product Image"></a><p>Neutrogena Alcohol-Free Gentle Daily Fragrance-Free Face Toner to Tone & Refresh Skin, Toner Gently Removes Impurities & Reconditions Skin, Hypoallergenic, 8 fl. oz</p><p>$6.08 ($0.76 / Fl Oz)</p><a href="https://www.amazon.com/dp/B0BNC5ZF3T?tag=eloabder-20&linkCode=osi&th=1&psc=1">View Product</a></div><div class="product"><a href="https://www.amazon.com/dp/B00LO2RO7K?tag=eloabder-20&linkCode=osi&th=1&psc=1"><img src="https://m.media-amazon.com/images/I/31Wb52+KYzL._SL500_.jpg" alt="Product Image"></a><p>La Roche-Posay Effaclar Clarifying Solution Acne Toner with Salicylic Acid and Glycolic Acid, Pore Refining Oily Skin Toner, Gentle Exfoliant to Unclog Pores and Remove Dead Skin Cells</p><p>$16.99 ($2.51 / Fl Oz)</p><a href="https://www.amazon.com/dp/B00LO2RO7K?tag=eloabder-20&linkCode=osi&th=1&psc=1">View Product</a></div><div class="product"><a href="https://www.amazon.com/dp/B000GCQ04C?tag=eloabder-20&linkCode=osi&th=1&psc=1"><img src="https://m.media-amazon.com/images/I/31Jk+E96wIL._SL500_.jpg" alt="Product Image"></a><p>Dickinson's Original Witch Hazel Pore Perfecting Toner, 100% Natural, 16 Ounce Fragrance free</p><p>$4.94 ($0.31 / Fl Oz)</p><a href="https://www.amazon.com/dp/B000GCQ04C?tag=eloabder-20&linkCode=osi&th=1&psc=1">View Product</a></div><div class="product"><a href="https://www.amazon.com/dp/B073P6BPF5?tag=eloabder-20&linkCode=osi&th=1&psc=1"><img src="https://m.media-amazon.com/images/I/31hqlVDLizL._SL500_.jpg" alt="Product Image"></a><p>COSRX AHA/BHA Clarifying Treatment Toner, 5.07 fl.oz / 150ml | Exfoliating Facial Spray | Korean Skin Care, Hydrating, Mild Exfoliation, Vegan, Animal Testing Free, Paraben Free</p><p>$10.75 ($2.11 / Fl Oz)</p><a href="https://www.amazon.com/dp/B073P6BPF5?tag=eloabder-20&linkCode=osi&th=1&psc=1">View Product</a></div>
<div class="product"><a href="https://www.amazon.com/dp/B01N34XW93?tag=eloabder-20&linkCode=osi&th=1&psc=1"><img src="https://m.media-amazon.com/images/I/31OMOTCxlmL._SL500_.jpg" alt="Product Image"></a><p>La Roche-Posay Toleriane Purifying Foaming Facial Cleanser, Oil Free Face Wash for Oily Skin and for Sensitive Skin with Niacinamide, Pore Cleanser Won’t Dry Out Skin, Unscented</p><p>$17.99 ($1.33 / Fl Oz)</p><a href="https://www.amazon.com/dp/B01N34XW93?tag=eloabder-20&linkCode=osi&th=1&psc=1">View Product</a></div><div class="product"><a href="https://www.amazon.com/dp/B01MSSDEPK?tag=eloabder-20&linkCode=osi&th=1&psc=1"><img src="https://m.media-amazon.com/images/I/41YuSwjJUIL._SL500_.jpg" alt="Product Image"></a><p>CeraVe Hydrating Facial Cleanser | Moisturizing Face Wash For Dry Skin | Hyaluronic Acid + Ceramides + Glycerin | Hydrating Cleanser For Normal To Dry Skin | National Eczema Assosiation Certified</p><p>$15.48 ($0.97 / Fl Oz)</p><a href="https://www.amazon.com/dp/B01MSSDEPK?tag=eloabder-20&linkCode=osi&th=1&psc=1">View Product</a></div><div class="product"><a href="https://www.amazon.com/dp/B01N1LL62W?tag=eloabder-20&linkCode=osi&th=1&psc=1"><img src="https://m.media-amazon.com/images/I/41kwN8dWWzL._SL500_.jpg" alt="Product Image"></a><p>CeraVe Foaming Facial Cleanser | Daily Face Wash for Oily Skin with Hyaluronic Acid, Ceramides, and Niacinamide| Fragrance Free | 16 Fluid Ounce</p><p>$15.19 ($0.95 / Fl Oz)</p><a href="https://www.amazon.com/dp/B01N1LL62W?tag=eloabder-20&linkCode=osi&th=1&psc=1">View Product</a></div><div class="product"><a href="https://www.amazon.com/dp/B01N7T7JKJ?tag=eloabder-20&linkCode=osi&th=1&psc=1"><img src="https://m.media-amazon.com/images/I/31VXK3y1KYL._SL500_.jpg" alt="Product Image"></a><p>La Roche-Posay Toleriane Hydrating Gentle Face Cleanser, Daily Facial Cleanser with Niacinamide and Ceramides for Sensitive Skin, Moisturizing Face Wash for Normal to Dry Skin, Fragrance Free</p><p>$17.99 ($1.33 / Fl Oz)</p><a href="https://www.amazon.com/dp/B01N7T7JKJ?tag=eloabder-20&linkCode=osi&th=1&psc=1">View Product</a></div><div class="product"><a href="https://www.amazon.com/dp/B0719GRD5R?tag=eloabder-20&linkCode=osi&th=1&psc=1"><img src="https://m.media-amazon.com/images/I/41YE7bBHNCL._SL500_.jpg" alt="Product Image"></a><p>Clean & Clear Deep Action Exfoliating Cleanser with Pro-Vitamin B5, Gentle Exfoliating Daily Face Scrub Cleans Deep Down to the Pore for Soft, Smooth, Hydrated Skin, Oil Free Face Wash, 7 FL OZ</p><p>$5.32 ($0.76 / Fl Oz)</p><a href="https://www.amazon.com/dp/B0719GRD5R?tag=eloabder-20&linkCode=osi&th=1&psc=1">View Product</a></div><div class="product"><a href="https://www.amazon.com/dp/B08CQ9T6KN?tag=eloabder-20&linkCode=osi&th=1&psc=1"><img src="https://m.media-amazon.com/images/I/31IpigAgxZL._SL500_.jpg" alt="Product Image"></a><p>CeraVe SA Cleanser | Salicylic Acid Cleanser with Hyaluronic Acid, Niacinamide & Ceramides| BHA Exfoliant for Face | Fragrance Free Non-Comedogenic | 16 Ounce</p><p>$15.48 ($0.97 / Fl Oz)</p><a href="https://www.amazon.com/dp/B08CQ9T6KN?tag=eloabder-20&linkCode=osi&th=1&psc=1">View Product</a></div><div class="product"><a href="https://www.amazon.com/dp/B09Y4HHY1P?tag=eloabder-20&linkCode=osi&th=1&psc=1"><img src="https://m.media-amazon.com/images/I/41Crw80Q3yL._SL500_.jpg" alt="Product Image"></a><p>Cetaphil Face Wash, Daily Facial Cleanser for Sensitive, Combination to Oily Skin, NEW 16 oz, Fragrance Free, Gentle Foaming, Soap Free, Hypoallergenic (Packaging May Vary)</p><p>$11.97 ($0.75 / Fl Oz)</p><a href="https://www.amazon.com/dp/B09Y4HHY1P?tag=eloabder-20&linkCode=osi&th=1&psc=1">View Product</a></div><div class="product"><a href="https://www.amazon.com/dp/B099MSZX25?tag=eloabder-20&linkCode=osi&th=1&psc=1"><img src="https://m.media-amazon.com/images/I/41VHDzUYE6L._SL500_.jpg" alt="Product Image"></a><p>Cetaphil Face Wash, Daily Facial Cleanser for Sensitive, Combination to Oily Skin, Mother's Day Gifts, NEW 20 oz, Gentle Foaming, Soap Free, Hypoallergenic</p><p>$13.97 ($0.70 / Fl Oz)</p><a href="https://www.amazon.com/dp/B099MSZX25?tag=eloabder-20&linkCode=osi&th=1&psc=1">View Product</a></div><div class="product"><a href="https://www.amazon.com/dp/B00LO1DNXU?tag=eloabder-20&linkCode=osi&th=1&psc=1"><img src="https://m.media-amazon.com/images/I/31blEnDdwIL._SL500_.jpg" alt="Product Image"></a><p>La Roche-Posay Effaclar Medicated Gel Cleanser | 2% Salicylic Acid Cleanser + LHA + Glycerin | Foaming Acne Face Wash | Helps Clear & Prevent Acne Breakouts | Oil Free Acne Wash | Targets Excess Oil</p><p>$16.99 ($2.51 / Fl Oz)</p><a href="https://www.amazon.com/dp/B00LO1DNXU?tag=eloabder-20&linkCode=osi&th=1&psc=1">View Product</a></div><div class="product"><a href="https://www.amazon.com/dp/B00FFJ4W0U?tag=eloabder-20&linkCode=osi&th=1&psc=1"><img src="https://m.media-amazon.com/images/I/31NIZChUu9L._SL500_.jpg" alt="Product Image"></a><p>Clean & Clear Morning Burst Hydrating Facial Cleanser with BHA, Cucumber and Aloe Extracts, Oil-Free Face Wash Gently Removes Oil and Pore Clogging Impurities, 8 FL OZ</p><p>$4.97 ($0.62 / Fl Oz)</p><a href="https://www.amazon.com/dp/B00FFJ4W0U?tag=eloabder-20&linkCode=osi&th=1&psc=1">View Product</a></div>
<div class="product"><a href="https://www.amazon.com/dp/B00QY1XZ4W?tag=eloabder-20&linkCode=osi&th=1&psc=1"><img src="https://m.media-amazon.com/images/I/319pG+OQZxL._SL500_.jpg" alt="Product Image"></a><p>Vanicream Gentle Facial Cleanser with Pump Dispenser - 8 fl oz - Formulated Without Common Irritants for Those with Sensitive Skin</p><p>$8.86 ($1.11 / Fl Oz)</p><a href="https://www.amazon.com/dp/B00QY1XZ4W?tag=eloabder-20&linkCode=osi&th=1&psc=1">View Product</a></div><div class="product"><a href="https://www.amazon.com/dp/B00UT47WZ8?tag=eloabder-20&linkCode=osi&th=1&psc=1"><img src="https://m.media-amazon.com/images/I/31LuYFIOBXL._SL500_.jpg" alt="Product Image"></a><p>Neutrogena Deep Clean Daily Facial Cleanser with Beta Hydroxy Acid for Normal to Oily Skin, Alcohol-Free, Oil-Free & Non-Comedogenic, 6.7 fl. oz</p><p>$6.49 ($0.97 / Fl Oz)</p><a href="https://www.amazon.com/dp/B00UT47WZ8?tag=eloabder-20&linkCode=osi&th=1&psc=1">View Product</a></div><div class="product"><a href="https://www.amazon.com/dp/B0BVV8BNYJ?tag=eloabder-20&linkCode=osi&th=1&psc=1"><img src="https://m.media-amazon.com/images/I/31tSZvBReoL._SL500_.jpg" alt="Product Image"></a><p>ANUA Heartleaf Quercetinol Pore Deep Cleansing Foam, Facial Cleanser, for Double Cleansing, BHA, Hyaluronic Acid, Glycerin, Face Wash, Blackhead Remover, Korean Skincare (150ml/5.07 fl.oz.)</p><p>$13.00 ($2.56 / Fl Oz)</p><a href="https://www.amazon.com/dp/B0BVV8BNYJ?tag=eloabder-20&linkCode=osi&th=1&psc=1">View Product</a></div><div class="product"><a href="https://www.amazon.com/dp/B004HLSZYQ?tag=eloabder-20&linkCode=osi&th=1&psc=1"><img src="https://m.media-amazon.com/images/I/31KXj2UGrOL._SL500_.jpg" alt="Product Image"></a><p>EltaMD Foaming Facial Cleanser, Gentle Foaming Face Wash and Makeup Remover, Oil Free Face Wash, 7 oz Pump</p><p>$35.00 ($5.00 / Fl Oz)</p><a href="https://www.amazon.com/dp/B004HLSZYQ?tag=eloabder-20&linkCode=osi&th=1&psc=1">View Product</a></div>
<div class="product"><a href="https://www.amazon.com/dp/B07C5SS6YD?tag=eloabder-20&linkCode=osi&th=1&psc=1"><img src="https://m.media-amazon.com/images/I/31tzIszvgAL._SL500_.jpg" alt="Product Image"></a><p>Paula's Choice Skin Perfecting 2% BHA Liquid Salicylic Acid Exfoliant, Gentle Facial Exfoliator for Blackheads, Large Pores, Wrinkles & Fine Lines, Travel Size, 1 Fluid Ounce</p><p>$14.00</p><a href="https://www.amazon.com/dp/B07C5SS6YD?tag=eloabder-20&linkCode=osi&th=1&psc=1">View Product</a></div><div class="product"><a href="https://www.amazon.com/dp/B07VW3YSWH?tag=eloabder-20&linkCode=osi&th=1&psc=1"><img src="https://m.media-amazon.com/images/I/410j9ZFktHL._SL500_.jpg" alt="Product Image"></a><p>Tree Hut Vitamin C Shea Sugar Scrub, 18 oz, Ultra Hydrating and Exfoliating Scrub for Nourishing Essential Body Care</p><p>$8.94 ($0.50 / Ounce)</p><a href="https://www.amazon.com/dp/B07VW3YSWH?tag=eloabder-20&linkCode=osi&th=1&psc=1">View Product</a></div><div class="product"><a href="https://www.amazon.com/dp/B08YN28CS4?tag=eloabder-20&linkCode=osi&th=1&psc=1"><img src="https://m.media-amazon.com/images/I/41WIWNeKrxL._SL500_.jpg" alt="Product Image"></a><p>Seraphic Skincare (Original) Premium Exfoliating Mitt for Body (1pc) – 100% Vegan Viscose Traditional Body Scrub Glove Kessa Korean Washcloth – Body Exfoliator for Self-Tan Removal & Keratosis Pilaris</p><p>$8.99 ($8.99 / Count)</p><a href="https://www.amazon.com/dp/B08YN28CS4?tag=eloabder-20&linkCode=osi&th=1&psc=1">View Product</a></div><div class="product"><a href="https://www.amazon.com/dp/B001VMJSCW?tag=eloabder-20&linkCode=osi&th=1&psc=1"><img src="https://m.media-amazon.com/images/I/31N7x4-aJAL._SL500_.jpg" alt="Product Image"></a><p>Dermalogica Daily Microfoliant, Face Exfoliator Scrub Powder with Salicylic Acid and Papaya Enzyme, Achieve Brighter, Smoother Skin Daily, 0.45 Oz</p><p>$19.00 ($42.22 / Ounce)</p><a href="https://www.amazon.com/dp/B001VMJSCW?tag=eloabder-20&linkCode=osi&th=1&psc=1">View Product</a></div><div class="product"><a href="https://www.amazon.com/dp/B076KYPY23?tag=eloabder-20&linkCode=osi&th=1&psc=1"><img src="https://m.media-amazon.com/images/I/31F7Ozgy+WL._SL500_.jpg" alt="Product Image"></a><p>DRMTLGY Microdermabrasion Facial Scrub and Face Mask. Non-Abrasive Face Exfoliator Improves Acne Scars, Blackheads, Pore Size, and Skin Texture. 2 oz</p><p>$20.00 ($10.00 / Ounce)</p><a href="https://www.amazon.com/dp/B076KYPY23?tag=eloabder-20&linkCode=osi&th=1&psc=1">View Product</a></div><div class="product"><a href="https://www.amazon.com/dp/B018H32LHQ?tag=eloabder-20&linkCode=osi&th=1&psc=1"><img src="https://m.media-amazon.com/images/I/41NfDFms3KL._SL500_.jpg" alt="Product Image"></a><p>Era Organics Microdermabrasion Facial Scrub & Face Exfoliator - Spa Quality Exfoliating Mask with Manuka Honey Walnut Moisturizing Exfoliant for Dry Skin, Blackheads Wrinkles (2 oz)</p><p>$16.99 ($8.50 / Ounce)</p><a href="https://www.amazon.com/dp/B018H32LHQ?tag=eloabder-20&linkCode=osi&th=1&psc=1">View Product</a></div><div class="product"><a href="https://www.amazon.com/dp/B0BNWXFH3P?tag=eloabder-20&linkCode=osi&th=1&psc=1"><img src="https://m.media-amazon.com/images/I/51HkdST1FCL._SL500_.jpg" alt="Product Image"></a><p>Dermasuri Deep Exfoliating Glove for Shower - Exfoliating Mitt Body Scrubber - Skin Exfoliator & Dead Skin Remover - Keratosis Pilaris Scrub - Spray Tan Remover - Korean Skincare for Body (2 Pack)</p><p>$19.99 ($10.00 / Count)</p><a href="https://www.amazon.com/dp/B0BNWXFH3P?tag=eloabder-20&linkCode=osi&th=1&psc=1">View Product</a></div><div class="product"><a href="https://www.amazon.com/dp/B09Q88TVGJ?tag=eloabder-20&linkCode=osi&th=1&psc=1"><img src="https://m.media-amazon.com/images/I/31jQFJt0t7L._SL500_.jpg" alt="Product Image"></a><p>tingl Face and Body Exfoliator Pads - Anti Aging Acne Treatment with Glycolic Acid, Lactic Acid, and Salicylic Acid - Pore Minimizer, Oil Cleanser, Blackhead Remover and Skin Exfoliator in One</p><p>$38.00 ($38.00 / Count)</p><a href="https://www.amazon.com/dp/B09Q88TVGJ?tag=eloabder-20&linkCode=osi&th=1&psc=1">View Product</a></div><div class="product"><a href="https://www.amazon.com/dp/B08T4FLJQZ?tag=eloabder-20&linkCode=osi&th=1&psc=1"><img src="https://m.media-amazon.com/images/I/317LIpGPZiL._SL500_.jpg" alt="Product Image"></a><p>Dove Scrub Brown Sugar & Coconut Butter For Silky Smooth Skin Body Scrub Exfoliates & Restores Skin's Natural Nutrients 10.5 oz</p><p>$6.97 ($0.66 / Ounce)</p><a href="https://www.amazon.com/dp/B08T4FLJQZ?tag=eloabder-20&linkCode=osi&th=1&psc=1">View Product</a></div>
<div class="product"><a href="https://www.amazon.com/dp/B07XG6BKCV?tag=eloabder-20&linkCode=osi&th=1&psc=1"><img src="https://m.media-amazon.com/images/I/31gg8aKaOeL._SL500_.jpg" alt="Product Image"></a><p>First Aid Beauty KP Bump Eraser Body Scrub Exfoliant for Keratosis Pilaris with 10% AHA – 8 oz</p><p>$30.00 ($3.75 / Ounce)</p><a href="https://www.amazon.com/dp/B07XG6BKCV?tag=eloabder-20&linkCode=osi&th=1&psc=1">View Product</a></div><div class="product"><a href="https://www.amazon.com/dp/B08Y5X8GJ9?tag=eloabder-20&linkCode=osi&th=1&psc=1"><img src="https://m.media-amazon.com/images/I/51MmIF4H+2L._SL500_.jpg" alt="Product Image"></a><p>Tree Hut Watermelon Shea Sugar Exfoliating & Hydrating Body Scrub, 18oz</p><p>$8.49 ($0.47 / Ounce)</p><a href="https://www.amazon.com/dp/B08Y5X8GJ9?tag=eloabder-20&linkCode=osi&th=1&psc=1">View Product</a></div><div class="product"><a href="https://www.amazon.com/dp/B003Z4OD24?tag=eloabder-20&linkCode=osi&th=1&psc=1"><img src="https://m.media-amazon.com/images/I/31C3rfE0XfL._SL500_.jpg" alt="Product Image"></a><p>Acure Brightening Facial Scrub for a Youthful, Brighter, Radiant Complexion | With Sea Kelp & French Green Clay, 4 Fl Oz</p><p>$11.83 ($2.96 / Fl Oz)</p><a href="https://www.amazon.com/dp/B003Z4OD24?tag=eloabder-20&linkCode=osi&th=1&psc=1">View Product</a></div><div class="product"><a href="https://www.amazon.com/dp/B07TH9YNL7?tag=eloabder-20&linkCode=osi&th=1&psc=1"><img src="https://m.media-amazon.com/images/I/4152M3OTu9L._SL500_.jpg" alt="Product Image"></a><p>Brooklyn Botany Dead Sea Salt and Coconut Milk Body Scrub - Moisturizing and Exfoliating Body, Face, Hand, Foot Scrub - Fights Stretch Marks, Fine Lines, Wrinkles - Great Gifts for Women & Men - 10 oz</p><p>$8.99 ($0.86 / Ounce)</p><a href="https://www.amazon.com/dp/B07TH9YNL7?tag=eloabder-20&linkCode=osi&th=1&psc=1">View Product</a></div><div class="product"><a href="https://www.amazon.com/dp/B07Q9C3YTQ?tag=eloabder-20&linkCode=osi&th=1&psc=1"><img src="https://m.media-amazon.com/images/I/31L0XCMqHoL._SL500_.jpg" alt="Product Image"></a><p>SheaMoisture Body Scrub for Dull Skin Illuminating Coconut and Hibiscus Cruelty-Free Skin Care 12 oz</p><p>$8.94 ($0.74 / Ounce)</p><a href="https://www.amazon.com/dp/B07Q9C3YTQ?tag=eloabder-20&linkCode=osi&th=1&psc=1">View Product</a></div><div class="product"><a href="https://www.amazon.com/dp/B09X6CVS53?tag=eloabder-20&linkCode=osi&th=1&psc=1"><img src="https://m.media-amazon.com/images/I/51a7ibTDAQL._SL500_.jpg" alt="Product Image"></a><p>Exfoliating Body Scrub Turmeric Body Scrub and Skin Exfoliator with Collagen and Coconut Oil Gently Exfoliate Face Body Hand and Foot Scrub Moisturizing Body SkinCare products by M3 Naturals</p><p>$25.81 ($2.15 / Ounce)</p><a href="https://www.amazon.com/dp/B09X6CVS53?tag=eloabder-20&linkCode=osi&th=1&psc=1">View Product</a></div><div class="product"><a href="https://www.amazon.com/dp/B08TM4QBDT?tag=eloabder-20&linkCode=osi&th=1&psc=1"><img src="https://m.media-amazon.com/images/I/51ToKkQ3fMS._SL500_.jpg" alt="Product Image"></a><p>First Botany, Himalayan Salt Body Scrub with Collagen & Stem Cells, Natural Exfoliating Salt Scrub Body & Face Souffle helps with Moisturizing Skin, Acne, Cellulite, Dead Skin Scars, Wrinkles, 11 oz</p><p>$13.89 ($1.26 / Ounce)</p><a href="https://www.amazon.com/dp/B08TM4QBDT?tag=eloabder-20&linkCode=osi&th=1&psc=1">View Product</a></div>
<div class="product"><a href="https://www.amazon.com/dp/B0B2RM68G2?tag=eloabder-20&linkCode=osi&th=1&psc=1"><img src="https://m.media-amazon.com/images/I/41VafG53fjL._SL500_.jpg" alt="Product Image"></a><p>BIODANCE Bio-Collagen Real Deep Mask, Hydrating Overnight Hydrogel Mask, Pore Minimizing, Elasticity Improvement, 34g x4ea</p><p>$19.00 ($4.75 / Count)</p><a href="https://www.amazon.com/dp/B0B2RM68G2?tag=eloabder-20&linkCode=osi&th=1&psc=1">View Product</a></div><div class="product"><a href="https://www.amazon.com/dp/B0722LVW3B?tag=eloabder-20&linkCode=osi&th=1&psc=1"><img src="https://m.media-amazon.com/images/I/51Vm0lozSIL._SL500_.jpg" alt="Product Image"></a><p>DERMAL 24 Combo Pack A Collagen Essence Korean Face Mask - Hydrating & Soothing Facial Mask with Panthenol - Hypoallergenic Self Care Sheet Mask for All Skin Types - Natural Home Spa Treatment Mask</p><p>$16.99 ($0.71 / Count)</p><a href="https://www.amazon.com/dp/B0722LVW3B?tag=eloabder-20&linkCode=osi&th=1&psc=1">View Product</a></div><div class="product"><a href="https://www.amazon.com/dp/B08YRD11VS?tag=eloabder-20&linkCode=osi&th=1&psc=1"><img src="https://m.media-amazon.com/images/I/41QL8zBoz0S._SL500_.jpg" alt="Product Image"></a><p>Vitamin C Face Mask with Kaolin Clay and Turmeric for Dark Spots, Dull Skin, Skincare Facial Mask for Controlling Oil and Refining Pores 5.29 Oz</p><p>$14.99 ($2.83 / Ounce)</p><a href="https://www.amazon.com/dp/B08YRD11VS?tag=eloabder-20&linkCode=osi&th=1&psc=1">View Product</a></div><div class="product"><a href="https://www.amazon.com/dp/B06VV8FBDQ?tag=eloabder-20&linkCode=osi&th=1&psc=1"><img src="https://m.media-amazon.com/images/I/41GEI9zFceL._SL500_.jpg" alt="Product Image"></a><p>LA PURE Korean Face Mask - 10ct Snail Mucin Hydrating Face Masks Anti Wrinkle Anti Aging Deep Moisturizing Natural Snail Mucin Mask Sheet Mask Paraben Free Facial Skin Care Products Korean Skin Care</p><p>$24.95 ($2.50 / Count)</p><a href="https://www.amazon.com/dp/B06VV8FBDQ?tag=eloabder-20&linkCode=osi&th=1&psc=1">View Product</a></div><div class="product"><a href="https://www.amazon.com/dp/B09XWVH7XX?tag=eloabder-20&linkCode=osi&th=1&psc=1"><img src="https://m.media-amazon.com/images/I/413x5TISr1L._SL500_.jpg" alt="Product Image"></a><p>Mediheal Best Korean Watermide Essential Face Mask - 10 Hydrating and Moisturizing Sheet Masks With Water 3x Complex For All Skin Types</p><p>$19.90 ($1.99 / Count)</p><a href="https://www.amazon.com/dp/B09XWVH7XX?tag=eloabder-20&linkCode=osi&th=1&psc=1">View Product</a></div><div class="product"><a href="https://www.amazon.com/dp/B07K6V8P2R?tag=eloabder-20&linkCode=osi&th=1&psc=1"><img src="https://m.media-amazon.com/images/I/41FtxFr0Z-L._SL500_.jpg" alt="Product Image"></a><p>Ebanel 15 Pack Collagen Peptide Hydrating Face Masks, Instant Brightening Firming Anti Aging Face Sheet Masks, Moisturizing Spa Face Masks Skincare with Hyaluronic Acid, Vitamin C, Chamomile, Aloe</p><p>$18.99 ($1.81 / Ounce)</p><a href="https://www.amazon.com/dp/B07K6V8P2R?tag=eloabder-20&linkCode=osi&th=1&psc=1">View Product</a></div><div class="product"><a href="https://www.amazon.com/dp/B0CYGT3CR4?tag=eloabder-20&linkCode=osi&th=1&psc=1"><img src="https://m.media-amazon.com/images/I/51LbfzrqiUL._SL500_.jpg" alt="Product Image"></a><p>KONEUK 14 Pack Sheet Face Masks Skincare for All Skin Types, Hydrating Face Masks Suitable for Sensitive Skin, Bulk Facial Mask Set for Women Skin Care, Face Mask Gifts Set for Face Spa</p><p>$8.99 ($0.64 / Count)</p><a href="https://www.amazon.com/dp/B0CYGT3CR4?tag=eloabder-20&linkCode=osi&th=1&psc=1">View Product</a></div><div class="product"><a href="https://www.amazon.com/dp/B07L8XY5B7?tag=eloabder-20&linkCode=osi&th=1&psc=1"><img src="https://m.media-amazon.com/images/I/41v5eqhBSIL._SL500_.jpg" alt="Product Image"></a><p>BRO MASK: Korean Face Mask for Men | 2 Pc. Hydrating Anti Aging Sheet Masks Contains Vitamin C, Vitamin E, Hyaluronic Acid, Hydrolyzed Collagen for Face Care & Acne Treatment by Jaxon Lane (4 Pack)</p><p>$28.00 ($7.00 / Count)</p><a href="https://www.amazon.com/dp/B07L8XY5B7?tag=eloabder-20&linkCode=osi&th=1&psc=1">View Product</a></div><div class="product"><a href="https://www.amazon.com/dp/B01KSIO76G?tag=eloabder-20&linkCode=osi&th=1&psc=1"><img src="https://m.media-amazon.com/images/I/21n0DJ3XOiL._SL500_.jpg" alt="Product Image"></a><p>Kiehl's Rare Earth Deep Pore Cleansing Mask, Pore-Minimizing Face Mask for Clogged Pores, Detoxifies & Refines Skin, Absorbs Excess Oil, with Amazonian White Clay & Aloe Vera - 0.95 fl oz</p><p>$26.00 ($27.37 / Ounce)</p><a href="https://www.amazon.com/dp/B01KSIO76G?tag=eloabder-20&linkCode=osi&th=1&psc=1">View Product</a></div>
<div class="product"><a href="https://www.amazon.com/dp/B08JSL9W6K?tag=eloabder-20&linkCode=osi&th=1&psc=1"><img src="https://m.media-amazon.com/images/I/410lOOpCRwL._SL500_.jpg" alt="Product Image"></a><p>COSRX Snail Mucin Sheet Mask 10 EA, Snail Essence Leave-on Face Masks for Dry, Sensitive Skin, Snail Secretion Filtrate, Not Tested on Animals, No Parabens, No Sulfates, Korean Skincare</p><p>$18.75 ($1.88 / Count)</p><a href="https://www.amazon.com/dp/B08JSL9W6K?tag=eloabder-20&linkCode=osi&th=1&psc=1">View Product</a></div><div class="product"><a href="https://www.amazon.com/dp/B07FPJHPX1?tag=eloabder-20&linkCode=osi&th=1&psc=1"><img src="https://m.media-amazon.com/images/I/51uNOnTpxTL._SL500_.jpg" alt="Product Image"></a><p>Celavi Essence Facial Sheet Face Mask Variety Set Classic Authentic Korean Moisturizing Skincare (12-Packs)</p><p>$9.40 ($0.78 / Count)</p><a href="https://www.amazon.com/dp/B07FPJHPX1?tag=eloabder-20&linkCode=osi&th=1&psc=1">View Product</a></div><div class="product"><a href="https://www.amazon.com/dp/B083X5R6VR?tag=eloabder-20&linkCode=osi&th=1&psc=1"><img src="https://m.media-amazon.com/images/I/31NleokJYmL._SL500_.jpg" alt="Product Image"></a><p>VT COSMETICS Daily Soothing Mask 30ea, Facial Sheet Mask for Moist & Hydrating, 30 Day Supply, Cica Face Mask</p><p>$18.50 ($0.62 / Count)</p><a href="https://www.amazon.com/dp/B083X5R6VR?tag=eloabder-20&linkCode=osi&th=1&psc=1">View Product</a></div><div class="product"><a href="https://www.amazon.com/dp/B0B57TX64F?tag=eloabder-20&linkCode=osi&th=1&psc=1"><img src="https://m.media-amazon.com/images/I/41+ywvmpRoL._SL500_.jpg" alt="Product Image"></a><p>Mediheal Best Korean Sheet Mask - Watermide Essential Face Mask 4 Sheets For All Skin Types Korean Best Sheet Mask Hydrating Moisturizing with Water 3x Complex</p><p>$7.90 ($1.98 / Count)</p><a href="https://www.amazon.com/dp/B0B57TX64F?tag=eloabder-20&linkCode=osi&th=1&psc=1">View Product</a></div><div class="product"><a href="https://www.amazon.com/dp/B0BPLLXT7Y?tag=eloabder-20&linkCode=osi&th=1&psc=1"><img src="https://m.media-amazon.com/images/I/41vG52wcgaL._SL500_.jpg" alt="Product Image"></a><p>NEXTBEAU [PACK OF 10] Solution Sheet Mask Pack 5types x 2pc Aloe, Niacinamide, Collagen, Hemp seed, Hyaluronic Acid</p><p>$8.99 ($0.90 / Count)</p><a href="https://www.amazon.com/dp/B0BPLLXT7Y?tag=eloabder-20&linkCode=osi&th=1&psc=1">View Product</a></div><div class="product"><a href="https://www.amazon.com/dp/B00BAM7F8C?tag=eloabder-20&linkCode=osi&th=1&psc=1"><img src="https://m.media-amazon.com/images/I/51jsS9SDHeL._SL500_.jpg" alt="Product Image"></a><p>DERMAL 16 Combo Pack A Collagen Essencce Korean Face Mask - Hydrating & Soothing Facial Mask with Panthenol - Hypoallergenic Self Care Sheet Mask for All Skin Types - Natural Home Spa Treatment Masks</p><p>$11.99</p><a href="https://www.amazon.com/dp/B00BAM7F8C?tag=eloabder-20&linkCode=osi&th=1&psc=1">View Product</a></div><div class="product"><a href="https://www.amazon.com/dp/B076H45H68?tag=eloabder-20&linkCode=osi&th=1&psc=1"><img src="https://m.media-amazon.com/images/I/41JP+9JeO5L._SL500_.jpg" alt="Product Image"></a><p>Neutrogena Hydro Boost Moisturizing & Hydrating 100% Hydrogel Sheet Face Mask for Dry Skin with Hyaluronic Acid, Gentle & Non-Comedogenic, 1 Ounce (Pack of 12)</p><p>$34.44 ($2.87 / Ounce)</p><a href="https://www.amazon.com/dp/B076H45H68?tag=eloabder-20&linkCode=osi&th=1&psc=1">View Product</a></div><div class="product"><a href="https://www.amazon.com/dp/B078YB11V4?tag=eloabder-20&linkCode=osi&th=1&psc=1"><img src="https://m.media-amazon.com/images/I/51shUi8PVmL._SL500_.jpg" alt="Product Image"></a><p>TONYMOLY I'm Real Radiance Sheet Mask 5 Count, Hydrates and Moisturizes Face</p><p>$12.00 ($2.40 / Count)</p><a href="https://www.amazon.com/dp/B078YB11V4?tag=eloabder-20&linkCode=osi&th=1&psc=1">View Product</a></div>
<div class="product"><a href="https://www.amazon.com/dp/B081FK6L1G?tag=eloabder-20&linkCode=osi&th=1&psc=1"><img src="https://m.media-amazon.com/images/I/51gWAvQb9aL._SL500_.jpg" alt="Product Image"></a><p>Aztec Secret– Indian Healing Clay 1 lb – Deep Pore Cleansing Facial & Body Mask – The Original 100% Natural Calcium Bentonite Clay – New Version 2</p><p>$14.95 ($0.93 / Ounce)</p><a href="https://www.amazon.com/dp/B081FK6L1G?tag=eloabder-20&linkCode=osi&th=1&psc=1">View Product</a></div><div class="product"><a href="https://www.amazon.com/dp/B0CQZ3W88P?tag=eloabder-20&linkCode=osi&th=1&psc=1"><img src="https://m.media-amazon.com/images/I/41I90W9bHuL._SL500_.jpg" alt="Product Image"></a><p>innisfree Super Volcanic Pore Clay Mask, Korean Pore Clearing Clay Mask with Volcanic Clusters and AHA</p><p>$16.00 ($4.73 / Ounce)</p><a href="https://www.amazon.com/dp/B0CQZ3W88P?tag=eloabder-20&linkCode=osi&th=1&psc=1">View Product</a></div><div class="product"><a href="https://www.amazon.com/dp/B07SDQDMZ4?tag=eloabder-20&linkCode=osi&th=1&psc=1"><img src="https://m.media-amazon.com/images/I/41vC+ro0S-L._SL500_.jpg" alt="Product Image"></a><p>Cetaphil Clay Mask Pro, Dermacontrol Purifying Clay Exfoliating Face Mask For Nourishment with Bentonite Clay for Blackheads and Pores, Designed for Oily, Sensitive Skin, 3 oz</p><p>$15.99 ($5.33 / Ounce)</p><a href="https://www.amazon.com/dp/B07SDQDMZ4?tag=eloabder-20&linkCode=osi&th=1&psc=1">View Product</a></div><div class="product"><a href="https://www.amazon.com/dp/B0CHN72MCJ?tag=eloabder-20&linkCode=osi&th=1&psc=1"><img src="https://m.media-amazon.com/images/I/41OPjUXZYlL._SL500_.jpg" alt="Product Image"></a><p>Aztec Secret Essential Indian Clay Mask Kit by Etana – 100% Natural Calcium Bentonite for Deep Pore Cleansing - Facial, Hair & Body Detox Set Wtih Accessories</p><p>$21.95 ($1.37 / Ounce)</p><a href="https://www.amazon.com/dp/B0CHN72MCJ?tag=eloabder-20&linkCode=osi&th=1&psc=1">View Product</a></div><div class="product"><a href="https://www.amazon.com/dp/B0CPDBW579?tag=eloabder-20&linkCode=osi&th=1&psc=1"><img src="https://m.media-amazon.com/images/I/31tDriIWYmL._SL500_.jpg" alt="Product Image"></a><p>FULLY Green Tomato Clay Mask Cleanser, Pore Purifying with 49% Green Tomato Extract, Sebum & Clogged Pore Care, Exfoliation, Fragrance-Free, Vegan & Dermatologically Tested, 4.05 fl.oz</p><p>$20.00 ($4.94 / Fl Oz)</p><a href="https://www.amazon.com/dp/B0CPDBW579?tag=eloabder-20&linkCode=osi&th=1&psc=1">View Product</a></div><div class="product"><a href="https://www.amazon.com/dp/B007CY2C76?tag=eloabder-20&linkCode=osi&th=1&psc=1"><img src="https://m.media-amazon.com/images/I/31-131ZWvEL._SL500_.jpg" alt="Product Image"></a><p>Freeman Dead Sea Minerals Anti-Stress Clay Facial Mask, Hydrating & Clarifying, Clears Pores, Face Mask With Lavender & Bergamot For Radiant Skin, For All Skin Types, 6 fl. oz./175 mL Tube, 1 Count</p><p>$3.86 ($0.64 / Ounce)</p><a href="https://www.amazon.com/dp/B007CY2C76?tag=eloabder-20&linkCode=osi&th=1&psc=1">View Product</a></div><div class="product"><a href="https://www.amazon.com/dp/B08HCVWG7B?tag=eloabder-20&linkCode=osi&th=1&psc=1"><img src="https://m.media-amazon.com/images/I/51nz+uBxoSL._SL500_.jpg" alt="Product Image"></a><p>Gleamin Vitamin C Clay Mask - 10-Minutes for Dark Spots, Turmeric Face Mask Skin Care, Deep Cleansing Pores - Facial Improves Uneven Tone, Post-Blemish, Visibly Brighten, Scarring and Texture - 2.5 Oz</p><p>$41.00 ($16.40 / Ounce)</p><a href="https://www.amazon.com/dp/B08HCVWG7B?tag=eloabder-20&linkCode=osi&th=1&psc=1">View Product</a></div>
<div class="product"><a href="https://www.amazon.com/dp/B000ZEA6WS?tag=eloabder-20&linkCode=osi&th=1&psc=1"><img src="https://m.media-amazon.com/images/I/31rFp2ip1IL._SL500_.jpg" alt="Product Image"></a><p>Freeman Renewing Cucumber Peel-Off Gel Facial Mask, Face Mask Refreshes Skin, Aloe Soothes & Moisturizes, Get Rejuvenated Skin, For Normal & Combination Skin, 6 fl. oz./175 mL Tube, 1 Count</p><p>$3.86 ($0.64 / Fl Oz)</p><a href="https://www.amazon.com/dp/B000ZEA6WS?tag=eloabder-20&linkCode=osi&th=1&psc=1">View Product</a></div><div class="product"><a href="https://www.amazon.com/dp/B08RYC42CZ?tag=eloabder-20&linkCode=osi&th=1&psc=1"><img src="https://m.media-amazon.com/images/I/31ApUlGl6zL._SL500_.jpg" alt="Product Image"></a><p>Aprilskin Calendula Peel Off Pore Minimizing Facial Mask | Vegan | Blackhead Remover, Exfoliating, Deep Cleansing | PHA BHA | Korean Skin Care | K Beauty | 3.52 oz</p><p>$16.90 ($4.80 / Fl Oz)</p><a href="https://www.amazon.com/dp/B08RYC42CZ?tag=eloabder-20&linkCode=osi&th=1&psc=1">View Product</a></div><div class="product"><a href="https://www.amazon.com/dp/B07DLDKCS1?tag=eloabder-20&linkCode=osi&th=1&psc=1"><img src="https://m.media-amazon.com/images/I/41Mx5AMIGyL._SL500_.jpg" alt="Product Image"></a><p>AZURE 24K Gold Firming Peel Off Face Mask- Anti Aging, Lifting, Illuminating & Revitalizing - Removes Blackheads, Dirt & Oils - With Hyaluronic Acid and Collagen - Skin Care Made in Korea - 150mL</p><p>$9.99 ($1.96 / Fl Oz)</p><a href="https://www.amazon.com/dp/B07DLDKCS1?tag=eloabder-20&linkCode=osi&th=1&psc=1">View Product</a></div><div class="product"><a href="https://www.amazon.com/dp/B07R16LBDL?tag=eloabder-20&linkCode=osi&th=1&psc=1"><img src="https://m.media-amazon.com/images/I/41yu6tuykaL._SL500_.jpg" alt="Product Image"></a><p>SUNATORIA Blackhead Remover Mask - Activated Charcoal Peel Off Face Mask - for All Skin Types - Deep Pore Cleaner Nose Blackhead Remover Pore Release - Black Head Remover for Face</p><p>$9.95 ($4.88 / Fl Oz)</p><a href="https://www.amazon.com/dp/B07R16LBDL?tag=eloabder-20&linkCode=osi&th=1&psc=1">View Product</a></div><div class="product"><a href="https://www.amazon.com/dp/B071KRTXX8?tag=eloabder-20&linkCode=osi&th=1&psc=1"><img src="https://m.media-amazon.com/images/I/51GSgsJO94L._SL500_.jpg" alt="Product Image"></a><p>SHILLS Charcoal Face Mask, Peel Off Mask, Charcoal Mask, Peel Off Mask, Deep Cleansing, Purifying, Activated Charcoal Mask with Brush</p><p>$9.94</p><a href="https://www.amazon.com/dp/B071KRTXX8?tag=eloabder-20&linkCode=osi&th=1&psc=1">View Product</a></div><div class="product"><a href="https://www.amazon.com/dp/B00E5NALCK?tag=eloabder-20&linkCode=osi&th=1&psc=1"><img src="https://m.media-amazon.com/images/I/31Is3s5+U7L._SL500_.jpg" alt="Product Image"></a><p>Freeman Cleansing Pomegranate Peel-Off Gel Facial Mask, Shrinks Pores, Purifies Skin, Made With 8 Different Antioxidants, Protects Skin, Cruelty-Free Skincare, 6 fl. oz./175 mL Tubes, 1 Count</p><p>$4.29 ($0.72 / Fl Oz)</p><a href="https://www.amazon.com/dp/B00E5NALCK?tag=eloabder-20&linkCode=osi&th=1&psc=1">View Product</a></div><div class="product"><a href="https://www.amazon.com/dp/B0CRTPJ5N3?tag=eloabder-20&linkCode=osi&th=1&psc=1"><img src="https://m.media-amazon.com/images/I/51zTZyHPVWL._SL500_.jpg" alt="Product Image"></a><p>Rednow Gold Foil Peel-Off Mask,Gold Peel Off Face Mask Anti-Wrinkle,98.4% Golden Peel Off Mask,Anti-Aging Gold Face Mask for Moisturizing,Removes Blackheads,Reduces Fine Lines,Cleans Pores(2PCS)</p><p>$14.99 ($7.50 / Fl Oz)</p><a href="https://www.amazon.com/dp/B0CRTPJ5N3?tag=eloabder-20&linkCode=osi&th=1&psc=1">View Product</a></div>
<div class="product"><a href="https://www.amazon.com/dp/B01NCM25K7?tag=eloabder-20&linkCode=osi&th=1&psc=1"><img src="https://m.media-amazon.com/images/I/416P4kSw1VL._SL500_.jpg" alt="Product Image"></a><p>New York Biology Dead Sea Mud Mask for Face and Body - Spa Quality Pore Reducer for Acne, Blackheads & Oily Skin, Natural Skincare for Women, Men - Tightens Skin for A Healthier Complexion - 8.8 oz</p><p>$16.95 ($1.93 / Ounce)</p><a href="https://www.amazon.com/dp/B01NCM25K7?tag=eloabder-20&linkCode=osi&th=1&psc=1">View Product</a></div><div class="product"><a href="https://www.amazon.com/dp/B00UREAGU8?tag=eloabder-20&linkCode=osi&th=1&psc=1"><img src="https://m.media-amazon.com/images/I/510FCuOHsNL._SL500_.jpg" alt="Product Image"></a><p>MAJESTIC PURE Dead Sea Mud Mask for Face and Body - Natural Skin Care for Women and Men - Best Facial Cleansing Clay for Blackhead, Whitehead, Acne and Pores - 8.8 fl. Oz</p><p>$9.99 ($1.14 / Fl Oz)</p><a href="https://www.amazon.com/dp/B00UREAGU8?tag=eloabder-20&linkCode=osi&th=1&psc=1">View Product</a></div><div class="product"><a href="https://www.amazon.com/dp/B0BNP68BMG?tag=eloabder-20&linkCode=osi&th=1&psc=1"><img src="https://m.media-amazon.com/images/I/41WoBVjFkyL._SL500_.jpg" alt="Product Image"></a><p>Aromasong 100% Pure Dead Sea Mud Mask for Face - Cleansing Natural Skin Care for Women and Men to Help Reduce Acne and Pores</p><p>$9.97 ($1.25 / Ounce)</p><a href="https://www.amazon.com/dp/B0BNP68BMG?tag=eloabder-20&linkCode=osi&th=1&psc=1">View Product</a></div><div class="product"><a href="https://www.amazon.com/dp/B08XY82146?tag=eloabder-20&linkCode=osi&th=1&psc=1"><img src="https://m.media-amazon.com/images/I/41Fcc-QZoiL._SL500_.jpg" alt="Product Image"></a><p>Borghese Advanced Fango Active Purifying Mud Mask, Detoxify & Clarify with Natural Minerals, For Face and Body, 7.5 Oz</p><p>$53.00 ($7.07 / Fl Oz)</p><a href="https://www.amazon.com/dp/B08XY82146?tag=eloabder-20&linkCode=osi&th=1&psc=1">View Product</a></div><div class="product"><a href="https://www.amazon.com/dp/B086V843R8?tag=eloabder-20&linkCode=osi&th=1&psc=1"><img src="https://m.media-amazon.com/images/I/410evC+SQHL._SL500_.jpg" alt="Product Image"></a><p>ANAI RUI Turmeric Clay Mask - Green Tea Clay Mask - Dead Sea Minerals Mud Mask, Spa Facial Mask Set, Face Mask Gift Set 2.5 oz each</p><p>$22.99</p><a href="https://www.amazon.com/dp/B086V843R8?tag=eloabder-20&linkCode=osi&th=1&psc=1">View Product</a></div><div class="product"><a href="https://www.amazon.com/dp/B0BZVQJMN2?tag=eloabder-20&linkCode=osi&th=1&psc=1"><img src="https://m.media-amazon.com/images/I/414evHf2H+L._SL500_.jpg" alt="Product Image"></a><p>20 Pods Clay Mask Set, Face Mask Skin Care，Green Tea, Turmeric, Dead Sea Mud, Rose, 24K Gold, Eggplant, Avocado, Mud Mask Deep Pore Cleansing Acne Blackhead Removal, Men & Women Facial Mask .</p><p>$17.97</p><a href="https://www.amazon.com/dp/B0BZVQJMN2?tag=eloabder-20&linkCode=osi&th=1&psc=1">View Product</a></div><div class="product"><a href="https://www.amazon.com/dp/B0D1G7XF9X?tag=eloabder-20&linkCode=osi&th=1&psc=1"><img src="https://m.media-amazon.com/images/I/31KAhEPTT2L._SL500_.jpg" alt="Product Image"></a><p>Medicube Zero Pore Blackhead Mud Facial Mask - Skin Cooling & Pore Tightening - 3 Minute Quick Dry Formula with AHA, BHA, PHA, and Pore-Purifying Clay - Korean Face Mask 3.52 oz</p><p>$17.90 ($5.09 / Ounce)</p><a href="https://www.amazon.com/dp/B0D1G7XF9X?tag=eloabder-20&linkCode=osi&th=1&psc=1">View Product</a></div><div class="product"><a href="https://www.amazon.com/dp/B0B538QDNY?tag=eloabder-20&linkCode=osi&th=1&psc=1"><img src="https://m.media-amazon.com/images/I/51MTBYPFdwL._SL500_.jpg" alt="Product Image"></a><p>4 Pcs Clay Facial Mask Set - Turmeric, Vitamin C, Green Tea, Dead Sea Mud, and Rose Clay for Deep Cleansing, Moisturizing, and Refining Pores - 240g</p><p>$19.99 ($2.36 / Ounce)</p><a href="https://www.amazon.com/dp/B0B538QDNY?tag=eloabder-20&linkCode=osi&th=1&psc=1">View Product</a></div><div class="product"><a href="https://www.amazon.com/dp/B09MN94BZW?tag=eloabder-20&linkCode=osi&th=1&psc=1"><img src="https://m.media-amazon.com/images/I/41dNAUrUGKL._SL500_.jpg" alt="Product Image"></a><p>Pure Clay Mud Mask, Clay Mask Pores for Face and Skin, Detox Clay Face Masks Skincare, Exfoliating Facial Treatment, Cleans & Purify Pores For Clear & Glowing Skin, Face Mask for Oily Skin & Normal</p><p>$5.99 ($0.70 / Ounce)</p><a href="https://www.amazon.com/dp/B09MN94BZW?tag=eloabder-20&linkCode=osi&th=1&psc=1">View Product</a></div>
<div class="product"><a href="https://www.amazon.com/dp/B08SHHLS4H?tag=eloabder-20&linkCode=osi&th=1&psc=1"><img src="https://m.media-amazon.com/images/I/51mcEX1fQQL._SL500_.jpg" alt="Product Image"></a><p>2PCS Gel Eye Mask Reusable Hot Cold Therapy Gel Bead Eye Mask for Puffiness/Dark Circles/Eye Bags/Dry Eyes/Headaches/Migraines/Stress Relief, Cooling Eye Mask Hot/Cold Compress Eye Mask (Blue)</p><p>$11.99 ($11.99 / Count)</p><a href="https://www.amazon.com/dp/B08SHHLS4H?tag=eloabder-20&linkCode=osi&th=1&psc=1">View Product</a></div><div class="product"><a href="https://www.amazon.com/dp/B0C8NR3Q5M?tag=eloabder-20&linkCode=osi&th=1&psc=1"><img src="https://m.media-amazon.com/images/I/51A6iv-SfEL._SL500_.jpg" alt="Product Image"></a><p>BeeVines Gel Eye Mask, 2 Pack Cooling Ice Masks for Puffy Eyes for Men & Women, Cold & Warm Compress for Post Surgery, Puffiness, Allergies, Sinuses & Migraines Treatment</p><p>$9.99 ($5.00 / Count)</p><a href="https://www.amazon.com/dp/B0C8NR3Q5M?tag=eloabder-20&linkCode=osi&th=1&psc=1">View Product</a></div><div class="product"><a href="https://www.amazon.com/dp/B07HD61PYN?tag=eloabder-20&linkCode=osi&th=1&psc=1"><img src="https://m.media-amazon.com/images/I/51NrypqKlOL._SL500_.jpg" alt="Product Image"></a><p>Cold Face Eye Mask Ice Pack Reduce Face Puff, Dark Circles, Gel Beads Hot Heat Cold Compress Pack, Face SPA for Woman Sleeping, Pressure, Headaches, Skin Care, Post Laser Care[Blue]</p><p>$9.99 ($9.99 / Count)</p><a href="https://www.amazon.com/dp/B07HD61PYN?tag=eloabder-20&linkCode=osi&th=1&psc=1">View Product</a></div><div class="product"><a href="https://www.amazon.com/dp/B075M9ZLB2?tag=eloabder-20&linkCode=osi&th=1&psc=1"><img src="https://m.media-amazon.com/images/I/51keceyL42L._SL500_.jpg" alt="Product Image"></a><p>Cooling Eye Mask - Reusable Gel Eye Mask Cold Pack - Our Ice Eye Mask Soothes Puffy Eyes & Dark Circles - Relieve Your Headaches & Sinus Pain with Cold Eye Mask & Eye Gel Mask Therapy - Halos</p><p>$9.99</p><a href="https://www.amazon.com/dp/B075M9ZLB2?tag=eloabder-20&linkCode=osi&th=1&psc=1">View Product</a></div><div class="product"><a href="https://www.amazon.com/dp/B0B9YLR2D6?tag=eloabder-20&linkCode=osi&th=1&psc=1"><img src="https://m.media-amazon.com/images/I/41byYk5cDeL._SL500_.jpg" alt="Product Image"></a><p>Lancity Jelly Mask Peel Off Face Masks SkinCare, Natural Gel Powder for Facial Mask, Professional hydrojelly Mask, Moisturizing & Hydrating 23 Fl Oz (Hyaluronic Acid)</p><p>$21.99 ($0.73 / Ounce)</p><a href="https://www.amazon.com/dp/B0B9YLR2D6?tag=eloabder-20&linkCode=osi&th=1&psc=1">View Product</a></div><div class="product"><a href="https://www.amazon.com/dp/B06XG249X4?tag=eloabder-20&linkCode=osi&th=1&psc=1"><img src="https://m.media-amazon.com/images/I/51YWeyoyTxL._SL500_.jpg" alt="Product Image"></a><p>Advanced Clinicals Hyaluronic Acid Gel Facial Mask Skin Care Treatment, Brightening, Hydrating Anti Aging Face Mask & Moisturizer Helps Transform Dry Skin W/Collagen, Chamomile, & Aloe Vera, 5 Fl Oz</p><p>$13.99 ($2.80 / Fl Oz)</p><a href="https://www.amazon.com/dp/B06XG249X4?tag=eloabder-20&linkCode=osi&th=1&psc=1">View Product</a></div><div class="product"><a href="https://www.amazon.com/dp/B0080FIRGQ?tag=eloabder-20&linkCode=osi&th=1&psc=1"><img src="https://m.media-amazon.com/images/I/41nFEw5jATS._SL500_.jpg" alt="Product Image"></a><p>Peter Thomas Roth | Cucumber Gel Mask | Extreme De-Tox Hydrator, Cooling and Hydrating Facial Mask, Helps Soothe the Look of Dry and Irritated Skin, 5 fl oz (Pack of 1)</p><p>$44.29 ($8.86 / Fl Oz)</p><a href="https://www.amazon.com/dp/B0080FIRGQ?tag=eloabder-20&linkCode=osi&th=1&psc=1">View Product</a></div>
<div class="product"><a href="https://www.amazon.com/dp/B014E2D6BY?tag=eloabder-20&linkCode=osi&th=1&psc=1"><img src="https://m.media-amazon.com/images/I/51V2D2PS2tL._SL500_.jpg" alt="Product Image"></a><p>grace & stella Under Eye Mask (Gold, 24 Pairs) Reduce Dark Circles, Puffy Eyes, Undereye Bags, Wrinkles - Gel Under Eye Patches - Gifts for Women - Birthday Gifts for Women - Vegan Cruelty Free</p><p>$21.95 ($0.91 / Count)</p><a href="https://www.amazon.com/dp/B014E2D6BY?tag=eloabder-20&linkCode=osi&th=1&psc=1">View Product</a></div><div class="product"><a href="https://www.amazon.com/dp/B0CPT8W3RV?tag=eloabder-20&linkCode=osi&th=1&psc=1"><img src="https://m.media-amazon.com/images/I/4184Q3-F9HL._SL500_.jpg" alt="Product Image"></a><p>grace & stella Purple Eye Treatment Gels - Dermatologist Tested - Under Eye Masks With Retinol - Restoring Under Eye Patches for Puffy Eyes and Dark Circles - Vegan, Cruelty-Free, 24 Pairs</p><p>$23.95 ($1.00 / Count)</p><a href="https://www.amazon.com/dp/B0CPT8W3RV?tag=eloabder-20&linkCode=osi&th=1&psc=1">View Product</a></div><div class="product"><a href="https://www.amazon.com/dp/B08DG3C22G?tag=eloabder-20&linkCode=osi&th=1&psc=1"><img src="https://m.media-amazon.com/images/I/51NCnFVfYTL._SL500_.jpg" alt="Product Image"></a><p>Celor Under Eye Patches for Puffy Eyes and Dark Circles - Eye Masks with Amino Acids & Collagen, Eye Care for Wrinkles - Birthday Gift for Women - Skincare Self Care - USA Tested (20 Pairs)</p><p>$9.99 ($0.50 / Count)</p><a href="https://www.amazon.com/dp/B08DG3C22G?tag=eloabder-20&linkCode=osi&th=1&psc=1">View Product</a></div><div class="product"><a href="https://www.amazon.com/dp/B0CQ2VBK8M?tag=eloabder-20&linkCode=osi&th=1&psc=1"><img src="https://m.media-amazon.com/images/I/61yjNxVwmgL._SL500_.jpg" alt="Product Image"></a><p>Under Eye Patches for Dark Circles and Puffy Eyes (30 Pairs), Marine Collagen Eye Gel Pads for Puffiness with Vitamin C, Hyaluronic Acid, and Pearl Extract, Eye Mask for Dark Circles and Puffiness</p><p>$19.95 ($0.66 / Count)</p><a href="https://www.amazon.com/dp/B0CQ2VBK8M?tag=eloabder-20&linkCode=osi&th=1&psc=1">View Product</a></div><div class="product"><a href="https://www.amazon.com/dp/B0CJJZYR9Y?tag=eloabder-20&linkCode=osi&th=1&psc=1"><img src="https://m.media-amazon.com/images/I/41Wxw8DLNVL._SL500_.jpg" alt="Product Image"></a><p>DRMTLGY Brightening Eye Masks (30 Pairs) - Caffeine Eye Masks for Dark Circles and Puffiness with Hyaluronic Acid, Eye Patches for Puffy Eyes</p><p>$44.00 ($0.73 / Count)</p><a href="https://www.amazon.com/dp/B0CJJZYR9Y?tag=eloabder-20&linkCode=osi&th=1&psc=1">View Product</a></div><div class="product"><a href="https://www.amazon.com/dp/B0CZ8JBDHQ?tag=eloabder-20&linkCode=osi&th=1&psc=1"><img src="https://m.media-amazon.com/images/I/41jK7RZj1NL._SL500_.jpg" alt="Product Image"></a><p>YOYORY Under Eye Patches Masks - for Dark Circles, Puffy Eyes, Fine Lines, Wrinkles, Eye Bags Treatment with Collagen and Hyaluronic Acid, Moisturizing and Hydrating (60 Pcs)…</p><p>$19.99 ($0.33 / Fl Oz)</p><a href="https://www.amazon.com/dp/B0CZ8JBDHQ?tag=eloabder-20&linkCode=osi&th=1&psc=1">View Product</a></div><div class="product"><a href="https://www.amazon.com/dp/B0C4NWGVTF?tag=eloabder-20&linkCode=osi&th=1&psc=1"><img src="https://m.media-amazon.com/images/I/51lAmpjfDsL._SL500_.jpg" alt="Product Image"></a><p>Taimand Under Eye Patches (30 Pairs), 24K Gold Under Eye Mask for Puffy Eyes, Dark Circles,Bags and Wrinkles with Collagen,Relieves Pressure and Reduces Wrinkles,Revitalises and Refreshes Your Skin</p><p>$7.99 ($0.27 / Count)</p><a href="https://www.amazon.com/dp/B0C4NWGVTF?tag=eloabder-20&linkCode=osi&th=1&psc=1">View Product</a></div><div class="product"><a href="https://www.amazon.com/dp/B0BDD7D34M?tag=eloabder-20&linkCode=osi&th=1&psc=1"><img src="https://m.media-amazon.com/images/I/51O5AVRXcUL._SL500_.jpg" alt="Product Image"></a><p>Maskiss 24k Gold Under Eye Patches (25 Pairs), eye mask, Collagen Skin Care Products, Eye Patches for Puffy Eyes, eye masks for dark circles and puffiness</p><p>$14.99 ($0.60 / Count)</p><a href="https://www.amazon.com/dp/B0BDD7D34M?tag=eloabder-20&linkCode=osi&th=1&psc=1">View Product</a></div><div class="product"><a href="https://www.amazon.com/dp/B0B1MFMS7W?tag=eloabder-20&linkCode=osi&th=1&psc=1"><img src="https://m.media-amazon.com/images/I/41BGKrFfFxL._SL500_.jpg" alt="Product Image"></a><p>CorneaCare Rest: Self Heating Warm Compress for Eyes | Heated Eye Mask for Fast Relief of Dry Eyes | No Microwave Needed | Eye Treatment Products for Dry Eye Relief | 30 Count | FSA & HSA Eligible</p><p>$35.00 ($1.17 / Count)</p><a href="https://www.amazon.com/dp/B0B1MFMS7W?tag=eloabder-20&linkCode=osi&th=1&psc=1">View Product</a></div><div class="product"><a href="https://www.amazon.com/dp/B0CTF8XSFX?tag=eloabder-20&linkCode=osi&th=1&psc=1"><img src="https://m.media-amazon.com/images/I/519z+NIvFHL._SL500_.jpg" alt="Product Image"></a><p>Under Eye Patches for Puffy Eyes Treatment 30 Pairs, 24K Gold Under Eye Masks for Dark Circles and Puffiness, Eye Gel Pads w/Collagen, Sodium Hyaluronate, Rose Essence for Eye Bags Treatment</p><p>$6.99 ($0.23 / Count)</p><a href="https://www.amazon.com/dp/B0CTF8XSFX?tag=eloabder-20&linkCode=osi&th=1&psc=1">View Product</a></div>
<div class="product"><a href="https://www.amazon.com/dp/B00JJPMXDO?tag=eloabder-20&linkCode=osi&th=1&psc=1"><img src="https://m.media-amazon.com/images/I/41xUbY21ojL._SL500_.jpg" alt="Product Image"></a><p>CeraVe Eye Repair Cream | Under Eye Cream For Puffiness And Bags Under Eyes | Hyaluronic Acid + Niacinamide + Marine Botanical Complex | Hydrating Eye Cream | Oil Free & Opthalmologist Tested</p><p>$10.70 ($21.40 / Ounce)</p><a href="https://www.amazon.com/dp/B00JJPMXDO?tag=eloabder-20&linkCode=osi&th=1&psc=1">View Product</a></div><div class="product"><a href="https://www.amazon.com/dp/B0B3GCCRVH?tag=eloabder-20&linkCode=osi&th=1&psc=1"><img src="https://m.media-amazon.com/images/I/41EdCdrw-AL._SL500_.jpg" alt="Product Image"></a><p>CeraVe Skin Renewing Eye Cream For Wrinkles | Under Eye Cream With Peptides + Caffeine + Niacinamide | Anti Aging Eye Cream For Wrinkles & Crows Feet | Paraben Free & Opthalmologist Tested</p><p>$18.49 ($36.98 / Ounce)</p><a href="https://www.amazon.com/dp/B0B3GCCRVH?tag=eloabder-20&linkCode=osi&th=1&psc=1">View Product</a></div><div class="product"><a href="https://www.amazon.com/dp/B00005333I?tag=eloabder-20&linkCode=osi&th=1&psc=1"><img src="https://m.media-amazon.com/images/I/31webfO63dL._SL500_.jpg" alt="Product Image"></a><p>L'Oreal Paris Dermo-Expertise Eye Defense Eye Cream with Caffeine and Hyaluronic Acid 0.5 oz</p><p>$12.27 ($24.54 / Ounce)</p><a href="https://www.amazon.com/dp/B00005333I?tag=eloabder-20&linkCode=osi&th=1&psc=1">View Product</a></div><div class="product"><a href="https://www.amazon.com/dp/B0CZJ8N83D?tag=eloabder-20&linkCode=osi&th=1&psc=1"><img src="https://m.media-amazon.com/images/I/31fQO3OHiML._SL500_.jpg" alt="Product Image"></a><p>PRIME PROMETICS PrimeEyes Hydrate Under Eye Cream for Mature Women – Hydrating Eye Cream for Dark Circles and Wrinkle Repair – Soft, Glowing & Healthy Under Eyes</p><p>$62.00</p><a href="https://www.amazon.com/dp/B0CZJ8N83D?tag=eloabder-20&linkCode=osi&th=1&psc=1">View Product</a></div><div class="product"><a href="https://www.amazon.com/dp/B0009RFB76?tag=eloabder-20&linkCode=osi&th=1&psc=1"><img src="https://m.media-amazon.com/images/I/31M2iQDNDOL._SL500_.jpg" alt="Product Image"></a><p>RoC Retinol Correxion Under Eye Cream for Dark Circles & Puffiness, Daily Wrinkle Cream, Anti Aging Line Smoothing Skin Care Treatment for Women and Men, 0.5 oz (Packaging May Vary)</p><p>$19.02 ($38.04 / Fl Oz)</p><a href="https://www.amazon.com/dp/B0009RFB76?tag=eloabder-20&linkCode=osi&th=1&psc=1">View Product</a></div><div class="product"><a href="https://www.amazon.com/dp/B0D3TG6MN3?tag=eloabder-20&linkCode=osi&th=1&psc=1"><img src="https://m.media-amazon.com/images/I/21-DQIJf5xL._SL500_.jpg" alt="Product Image"></a><p>Dr.Melaxin Eyephalt Eyebag Cream for Puffiness, Dark Circles & Fine Lines, Wrinkle, EGF Anti-Aging Under Eye Moisturizer with Niacinamide&Ceramide 0.33 fl.oz.</p><p>$59.00 ($178.79 / Fl Oz)</p><a href="https://www.amazon.com/dp/B0D3TG6MN3?tag=eloabder-20&linkCode=osi&th=1&psc=1">View Product</a></div><div class="product"><a href="https://www.amazon.com/dp/B07CKJRJXB?tag=eloabder-20&linkCode=osi&th=1&psc=1"><img src="https://m.media-amazon.com/images/I/31pJCzbhXrL._SL500_.jpg" alt="Product Image"></a><p>No7 Lift & Luminate Triple Action Eye Cream - Anti-Aging Under Eye Cream for Dark Circles, Puffiness & Wrinkles - Formulated with Vitamin C to Brighten and Refresh Tired Eyes (0.5 Fl Oz)</p><p>$15.93</p><a href="https://www.amazon.com/dp/B07CKJRJXB?tag=eloabder-20&linkCode=osi&th=1&psc=1">View Product</a></div><div class="product"><a href="https://www.amazon.com/dp/B07ZRF416W?tag=eloabder-20&linkCode=osi&th=1&psc=1"><img src="https://m.media-amazon.com/images/I/31cH7vzfBxL._SL500_.jpg" alt="Product Image"></a><p>COSRX Snail Peptide Eye Cream with 73.7% Snail Mucin and Niacinamide - Brightening Korean Night Cream for Fine Lines and Dark Circles</p><p>$13.89 ($16.34 / Fl Oz)</p><a href="https://www.amazon.com/dp/B07ZRF416W?tag=eloabder-20&linkCode=osi&th=1&psc=1">View Product</a></div>
<div class="product"><a href="https://www.amazon.com/dp/B01N9SPQHQ?tag=eloabder-20&linkCode=osi&th=1&psc=1"><img src="https://m.media-amazon.com/images/I/41NHgWAaYAL._SL500_.jpg" alt="Product Image"></a><p>La Roche-Posay Toleriane Double Repair Face Moisturizer, Daily Moisturizer Face Cream with Ceramide and Niacinamide for All Skin Types, Oil Free, Fragrance Free</p><p>$23.99 ($7.10 / Fl Oz)</p><a href="https://www.amazon.com/dp/B01N9SPQHQ?tag=eloabder-20&linkCode=osi&th=1&psc=1">View Product</a></div><div class="product"><a href="https://www.amazon.com/dp/B08BW46XXK?tag=eloabder-20&linkCode=osi&th=1&psc=1"><img src="https://m.media-amazon.com/images/I/41oCJ4BF8oL._SL500_.jpg" alt="Product Image"></a><p>Vanicream Daily Facial Moisturizer With Ceramides and Hyaluronic Acid - Formulated Without Common Irritants for Those with Sensitive Skin, 3 fl oz (Pack of 1)</p><p>$12.97 ($4.32 / Fl Oz)</p><a href="https://www.amazon.com/dp/B08BW46XXK?tag=eloabder-20&linkCode=osi&th=1&psc=1">View Product</a></div><div class="product"><a href="https://www.amazon.com/dp/B00TTD9BRC?tag=eloabder-20&linkCode=osi&th=1&psc=1"><img src="https://m.media-amazon.com/images/I/41Kc6H7fboL._SL500_.jpg" alt="Product Image"></a><p>CeraVe Moisturizing Cream | Body and Face Moisturizer for Dry Skin | Body Cream with Hyaluronic Acid and Ceramides | Daily Moisturizer | Oil-Free | Fragrance Free | Non-Comedogenic | 19 Ounce</p><p>$17.78 ($0.94 / Ounce)</p><a href="https://www.amazon.com/dp/B00TTD9BRC?tag=eloabder-20&linkCode=osi&th=1&psc=1">View Product</a></div><div class="product"><a href="https://www.amazon.com/dp/B000YJ2SLG?tag=eloabder-20&linkCode=osi&th=1&psc=1"><img src="https://m.media-amazon.com/images/I/31J9bWXnQ+L._SL500_.jpg" alt="Product Image"></a><p>CeraVe Daily Moisturizing Lotion for Dry Skin | Body Lotion & Face Moisturizer with Hyaluronic Acid and Ceramides | Daily Moisturizer | Fragrance Free | Oil-Free | 12 Ounce</p><p>$13.68 ($1.14 / Fl Oz)</p><a href="https://www.amazon.com/dp/B000YJ2SLG?tag=eloabder-20&linkCode=osi&th=1&psc=1">View Product</a></div><div class="product"><a href="https://www.amazon.com/dp/B01LEJ5MSK?tag=eloabder-20&linkCode=osi&th=1&psc=1"><img src="https://m.media-amazon.com/images/I/418xEMrk6LL._SL500_.jpg" alt="Product Image"></a><p>COSRX Snail Mucin 92% Repair Cream, Daily Face Gel Moisturizer for Dry Skin, Acne-prone, Sensitive Skin, Not Tested on Animals, No Parabens, Korean Skincare (3.52 Fl Oz (Pack of 1))</p><p>$13.99 ($3.97 / Fl Oz)</p><a href="https://www.amazon.com/dp/B01LEJ5MSK?tag=eloabder-20&linkCode=osi&th=1&psc=1">View Product</a></div><div class="product"><a href="https://www.amazon.com/dp/B0BBSP2JNQ?tag=eloabder-20&linkCode=osi&th=1&psc=1"><img src="https://m.media-amazon.com/images/I/51qb7tiAJgL._SL500_.jpg" alt="Product Image"></a><p>SimplyVital Face Moisturizer Collagen Cream - Anti Aging Neck and Décolleté - Made in USA Day & Night Face Cream - Moisturizing, Lifting & Recovery – 1.7oz</p><p>$22.89 ($13.46 / Fl Oz)</p><a href="https://www.amazon.com/dp/B0BBSP2JNQ?tag=eloabder-20&linkCode=osi&th=1&psc=1">View Product</a></div><div class="product"><a href="https://www.amazon.com/dp/B01NCWV3KM?tag=eloabder-20&linkCode=osi&th=1&psc=1"><img src="https://m.media-amazon.com/images/I/41Q1ESUhSeL._SL500_.jpg" alt="Product Image"></a><p>La Roche-Posay Toleriane Double Repair UV SPF Moisturizer for Face, Daily Facial Moisturizer with Sunscreen SPF 30, Niacinamide and Glycerin, Oil Free, Moisturizing Sun Protection</p><p>$24.99 ($10.00 / Fl Oz)</p><a href="https://www.amazon.com/dp/B01NCWV3KM?tag=eloabder-20&linkCode=osi&th=1&psc=1">View Product</a></div><div class="product"><a href="https://www.amazon.com/dp/B00F97FHAW?tag=eloabder-20&linkCode=osi&th=1&psc=1"><img src="https://m.media-amazon.com/images/I/41K+11aLxaL._SL500_.jpg" alt="Product Image"></a><p>CeraVe AM Facial Moisturizing Lotion with SPF 30 | Oil-Free Face Moisturizer with SPF | Formulated with Hyaluronic Acid, Niacinamide & Ceramides | Non-Comedogenic | Broad Spectrum Sunscreen | 3 Ounce</p><p>$14.99 ($5.00 / Fl Oz)</p><a href="https://www.amazon.com/dp/B00F97FHAW?tag=eloabder-20&linkCode=osi&th=1&psc=1">View Product</a></div><div class="product"><a href="https://www.amazon.com/dp/B00NR1YQHM?tag=eloabder-20&linkCode=osi&th=1&psc=1"><img src="https://m.media-amazon.com/images/I/41yzZFTW63L._SL500_.jpg" alt="Product Image"></a><p>Neutrogena Hydro Boost Face Moisturizer with Hyaluronic Acid for Dry Skin, Oil-Free and Non-Comedogenic Water Gel Face Lotion, 1.7 oz</p><p>$13.00 ($7.65 / Ounce)</p><a href="https://www.amazon.com/dp/B00NR1YQHM?tag=eloabder-20&linkCode=osi&th=1&psc=1">View Product</a></div><div class="product"><a href="https://www.amazon.com/dp/B08127SC4G?tag=eloabder-20&linkCode=osi&th=1&psc=1"><img src="https://m.media-amazon.com/images/I/31lAajvgToL._SL500_.jpg" alt="Product Image"></a><p>e.l.f. SKIN Holy Hydration! Face Cream, Moisturizer For Nourishing & Plumping Skin, Infused With Hyaluronic Acid, Vegan & Cruelty-Free, 1.8 Oz</p><p>$13.00 ($7.39 / Ounce)</p><a href="https://www.amazon.com/dp/B08127SC4G?tag=eloabder-20&linkCode=osi&th=1&psc=1">View Product</a></div>
<div class="product"><a href="https://www.amazon.com/dp/B00SNPCSUY?tag=eloabder-20&linkCode=osi&th=1&psc=1"><img src="https://m.media-amazon.com/images/I/411crd4ECqL._SL500_.jpg" alt="Product Image"></a><p>CeraVe Skin Renewing Night Cream | Niacinamide, Peptide Complex, and Hyaluronic Acid Moisturizer for Face | 1.7 Ounce, Packaging may Vary</p><p>$17.44 ($10.26 / Ounce)</p><a href="https://www.amazon.com/dp/B00SNPCSUY?tag=eloabder-20&linkCode=osi&th=1&psc=1">View Product</a></div><div class="product"><a href="https://www.amazon.com/dp/B00HNSSPDG?tag=eloabder-20&linkCode=osi&th=1&psc=1"><img src="https://m.media-amazon.com/images/I/41zARcUorbL._SL500_.jpg" alt="Product Image"></a><p>Neutrogena Triple Age Repair Anti-Aging Night Cream with Vitamin C; Fights Wrinkles & Evens Tone, Firming Anti-Wrinkle Face & Neck Cream; Glycerin & Shea Butter, 1.7 oz</p><p>$20.44 ($12.02 / Ounce)</p><a href="https://www.amazon.com/dp/B00HNSSPDG?tag=eloabder-20&linkCode=osi&th=1&psc=1">View Product</a></div><div class="product"><a href="https://www.amazon.com/dp/B01M4R7CC5?tag=eloabder-20&linkCode=osi&th=1&psc=1"><img src="https://m.media-amazon.com/images/I/414vBUMc1QL._SL500_.jpg" alt="Product Image"></a><p>Night Cream by Olay Regenerist Night Recovery Anti-Aging Face Moisturizer 1.7 oz</p><p>$21.34 ($12.55 / Ounce)</p><a href="https://www.amazon.com/dp/B01M4R7CC5?tag=eloabder-20&linkCode=osi&th=1&psc=1">View Product</a></div><div class="product"><a href="https://www.amazon.com/dp/B00365DABC?tag=eloabder-20&linkCode=osi&th=1&psc=1"><img src="https://m.media-amazon.com/images/I/41rqUy3OtML._SL500_.jpg" alt="Product Image"></a><p>CeraVe PM Facial Moisturizing Lotion | Night Cream with Hyaluronic Acid and Niacinamide | Ultra-Lightweight, Oil-Free Moisturizer for Face | 3 Ounce</p><p>$15.99 ($5.33 / Ounce)</p><a href="https://www.amazon.com/dp/B00365DABC?tag=eloabder-20&linkCode=osi&th=1&psc=1">View Product</a></div><div class="product"><a href="https://www.amazon.com/dp/B0877PX27D?tag=eloabder-20&linkCode=osi&th=1&psc=1"><img src="https://m.media-amazon.com/images/I/41UsZNavFeL._SL500_.jpg" alt="Product Image"></a><p>Eucerin Q10 Anti-Wrinkle Night Cream + Pro-Retinol, Facial Cream for Sensitive Skin, 1.7 Oz Jar</p><p>$12.49 ($7.35 / Ounce)</p><a href="https://www.amazon.com/dp/B0877PX27D?tag=eloabder-20&linkCode=osi&th=1&psc=1">View Product</a></div><div class="product"><a href="https://www.amazon.com/dp/B09843F4WG?tag=eloabder-20&linkCode=osi&th=1&psc=1"><img src="https://m.media-amazon.com/images/I/41rbHY+4UCL._SL500_.jpg" alt="Product Image"></a><p>L'Oreal Paris Age Perfect Collagen Expert Anti-Aging, Anti-Wrinkle Night Moisturizer 2.5 oz</p><p>$14.06 ($5.62 / Ounce)</p><a href="https://www.amazon.com/dp/B09843F4WG?tag=eloabder-20&linkCode=osi&th=1&psc=1">View Product</a></div><div class="product"><a href="https://www.amazon.com/dp/B00D440TZU?tag=eloabder-20&linkCode=osi&th=1&psc=1"><img src="https://m.media-amazon.com/images/I/41th+Ofm0oL._SL500_.jpg" alt="Product Image"></a><p>RoC Multi Correxion 5 in 1 Restoring/Anti Aging Facial Night Cream with Hexinol, 1.7 Ounces (Packaging May Vary)</p><p>$24.47 ($14.39 / Ounce)</p><a href="https://www.amazon.com/dp/B00D440TZU?tag=eloabder-20&linkCode=osi&th=1&psc=1">View Product</a></div><div class="product"><a href="https://www.amazon.com/dp/B0C15N3473?tag=eloabder-20&linkCode=osi&th=1&psc=1"><img src="https://m.media-amazon.com/images/I/415J39xM8eL._SL500_.jpg" alt="Product Image"></a><p>Cetaphil Healthy Renew Skin Tightening Night Cream 1.7 Oz, Wrinkle Repair Cream for Face with Peptides, Retinol Alternative Cream For Sensitive Skin, Fragrance Free</p><p>$16.64 ($9.79 / Fl Oz)</p><a href="https://www.amazon.com/dp/B0C15N3473?tag=eloabder-20&linkCode=osi&th=1&psc=1">View Product</a></div><div class="product"><a href="https://www.amazon.com/dp/B09W4TZVPZ?tag=eloabder-20&linkCode=osi&th=1&psc=1"><img src="https://m.media-amazon.com/images/I/411CiT2MjTL._SL500_.jpg" alt="Product Image"></a><p>Eight Saints Skin Care Up the Anti Night Cream Face Moisturizer to Reduce Fine Lines and Wrinkles, Natural and Organic Anti Aging Cream For Face & Neck with Niacinamide and Hyaluronic Acid, 2 Ounces</p><p>$34.00 ($17.00 / Ounce)</p><a href="https://www.amazon.com/dp/B09W4TZVPZ?tag=eloabder-20&linkCode=osi&th=1&psc=1">View Product</a></div><div class="product"><a href="https://www.amazon.com/dp/B0B64GY9MC?tag=eloabder-20&linkCode=osi&th=1&psc=1"><img src="https://m.media-amazon.com/images/I/416zsLeSx8L._SL500_.jpg" alt="Product Image"></a><p>L'Oreal Paris Age Perfect Anti-Aging Midnight Cream, Reduce Wrinkles & Firm 1.7oz + Serum Sample</p><p>$27.77 ($16.34 / Ounce)</p><a href="https://www.amazon.com/dp/B0B64GY9MC?tag=eloabder-20&linkCode=osi&th=1&psc=1">View Product</a></div>
<div class="product"><a href="https://www.amazon.com/dp/B002JDUMFO?tag=eloabder-20&linkCode=osi&th=1&psc=1"><img src="https://m.media-amazon.com/images/I/41h3+tOcptL._SL500_.jpg" alt="Product Image"></a><p>L’Oréal Paris Collagen Daily Face Moisturizer, Reduce Wrinkles, Face Cream 1.7 oz</p><p>$7.14 ($4.20 / Ounce)</p><a href="https://www.amazon.com/dp/B002JDUMFO?tag=eloabder-20&linkCode=osi&th=1&psc=1">View Product</a></div><div class="product"><a href="https://www.amazon.com/dp/B07D61XRFT?tag=eloabder-20&linkCode=osi&th=1&psc=1"><img src="https://m.media-amazon.com/images/I/41jMcJ9ZkDL._SL500_.jpg" alt="Product Image"></a><p>L'Oreal Paris Skincare Age Perfect Hydra-Nutrition Anti-Aging Day Cream with Manuka Honey Extract, 1.7 Ounce</p><p>$14.99 ($8.82 / Ounce)</p><a href="https://www.amazon.com/dp/B07D61XRFT?tag=eloabder-20&linkCode=osi&th=1&psc=1">View Product</a></div><div class="product"><a href="https://www.amazon.com/dp/B00OYBAMKY?tag=eloabder-20&linkCode=osi&th=1&psc=1"><img src="https://m.media-amazon.com/images/I/31F5FUo3BnL._SL500_.jpg" alt="Product Image"></a><p>Grown Alchemist Hydra-Repair Day Cream. Face Moisturizer that Primes and Hydrates Skin (100ml).</p><p>$65.00 ($19.23 / Fl Oz)</p><a href="https://www.amazon.com/dp/B00OYBAMKY?tag=eloabder-20&linkCode=osi&th=1&psc=1">View Product</a></div><div class="product"><a href="https://www.amazon.com/dp/B0C9VXS6VY?tag=eloabder-20&linkCode=osi&th=1&psc=1"><img src="https://m.media-amazon.com/images/I/41jZJbsswdL._SL500_.jpg" alt="Product Image"></a><p>La Vie Protective Anti-Aging Face Cream – Day Cream with Hyaluronic Acid, Shea Butter & Vitamins – Firming Face Cream with SPF & Aloe Vera – 1.7Fl Oz</p><p>$21.50 ($12.65 / Fl Oz)</p><a href="https://www.amazon.com/dp/B0C9VXS6VY?tag=eloabder-20&linkCode=osi&th=1&psc=1">View Product</a></div><div class="product"><a href="https://www.amazon.com/dp/B0CWVN2PKH?tag=eloabder-20&linkCode=osi&th=1&psc=1"><img src="https://m.media-amazon.com/images/I/41qIK3gKbEL._SL500_.jpg" alt="Product Image"></a><p>EnaSkin Retinol Cream for Wrinkles: Face Collagen Cream for Tightening Skin - Anti Aging Facial Moisturizer Day and Night for Women and Men 1.7 Fl OZ</p><p>$19.89 ($11.70 / Fl Oz)</p><a href="https://www.amazon.com/dp/B0CWVN2PKH?tag=eloabder-20&linkCode=osi&th=1&psc=1">View Product</a></div>
<div class="product"><a href="https://www.amazon.com/dp/B0CKPQJ13T?tag=eloabder-20&linkCode=osi&th=1&psc=1"><img src="https://m.media-amazon.com/images/I/31h2CQ5KWBL._SL500_.jpg" alt="Product Image"></a><p>Niacinamide Serum for Face, Anti Aging Serum, Hydrating Serum for Moisturize Skin, Oil Control, Pores Reducer, Reduces Skin Dullness and Delay Aging, Niacinamide Face Serum for all Skin Type</p><p>$9.99 ($9.99 / Fl Oz)</p><a href="https://www.amazon.com/dp/B0CKPQJ13T?tag=eloabder-20&linkCode=osi&th=1&psc=1">View Product</a></div><div class="product"><a href="https://www.amazon.com/dp/B072K1LNNY?tag=eloabder-20&linkCode=osi&th=1&psc=1"><img src="https://m.media-amazon.com/images/I/51frH2pII1L._SL500_.jpg" alt="Product Image"></a><p>SeoulCeuticals Korean Skin Care 20% Vitamin C Hyaluronic Acid Serum + CE Ferulic Acid - Potent Anti Aging, Anti Wrinkle Korean Beauty 1oz</p><p>$19.98</p><a href="https://www.amazon.com/dp/B072K1LNNY?tag=eloabder-20&linkCode=osi&th=1&psc=1">View Product</a></div><div class="product"><a href="https://www.amazon.com/dp/B01M4MCUAF?tag=eloabder-20&linkCode=osi&th=1&psc=1"><img src="https://m.media-amazon.com/images/I/41aQhk7cn+L._SL500_.jpg" alt="Product Image"></a><p>TruSkin Vitamin C Serum – Anti Aging Facial Serum with Vitamin C, Hyaluronic Acid, Vitamin E & More – Brightening Serum for Dark Spots, Even Skin Tone, Eye Area, Fine Lines & Wrinkles, 1 Fl Oz</p><p>$21.97</p><a href="https://www.amazon.com/dp/B01M4MCUAF?tag=eloabder-20&linkCode=osi&th=1&psc=1">View Product</a></div><div class="product"><a href="https://www.amazon.com/dp/B08L8B5JR2?tag=eloabder-20&linkCode=osi&th=1&psc=1"><img src="https://m.media-amazon.com/images/I/51Ee0RzYONL._SL500_.jpg" alt="Product Image"></a><p>Vibriance Super C Serum for Mature Skin, Made in USA, All-In-One Formula Hydrates, Firms, Lifts, Smooths, Targets Age Spots, Wrinkles, Vitamin C Serum; 1 fl oz</p><p>$32.90</p><a href="https://www.amazon.com/dp/B08L8B5JR2?tag=eloabder-20&linkCode=osi&th=1&psc=1">View Product</a></div><div class="product"><a href="https://www.amazon.com/dp/B07P5TMHD9?tag=eloabder-20&linkCode=osi&th=1&psc=1"><img src="https://m.media-amazon.com/images/I/51xr2lw0Y7L._SL500_.jpg" alt="Product Image"></a><p>Vitamin C Face Serum - Dark Spot Remover Facial Serum, Vit C Serum with Hyaluronic Acid, Ferulic Acid, & Vit E - Anti Aging and Skin Brightening Serum, Pure Vitamin C Serum Skin Care</p><p>$9.98</p><a href="https://www.amazon.com/dp/B07P5TMHD9?tag=eloabder-20&linkCode=osi&th=1&psc=1">View Product</a></div><div class="product"><a href="https://www.amazon.com/dp/B09TPXJP8R?tag=eloabder-20&linkCode=osi&th=1&psc=1"><img src="https://m.media-amazon.com/images/I/41wFAnopZkL._SL500_.jpg" alt="Product Image"></a><p>Vichy LiftActiv Vitamin C Serum, Brightening and Anti Aging Serum for Face with 15% Pure Vitamin C, Skin Firming and Antioxidant Facial Serum for Brightness and Moisturizing</p><p>$34.99 ($52.22 / Fl Oz)</p><a href="https://www.amazon.com/dp/B09TPXJP8R?tag=eloabder-20&linkCode=osi&th=1&psc=1">View Product</a></div><div class="product"><a href="https://www.amazon.com/dp/B075VX4QVM?tag=eloabder-20&linkCode=osi&th=1&psc=1"><img src="https://m.media-amazon.com/images/I/31uFKKKGUhL._SL500_.jpg" alt="Product Image"></a><p>La Roche-Posay Hyalu B5 Pure Hyaluronic Acid Serum for Face | Vitamin B5 + Hyaluronic Acid + Madecassoside | Hydrating Serum Visibly Plumps Skin | Sensitive Skin Safe | Anti Aging Serum | Oil-Free</p><p>$39.99</p><a href="https://www.amazon.com/dp/B075VX4QVM?tag=eloabder-20&linkCode=osi&th=1&psc=1">View Product</a></div><div class="product"><a href="https://www.amazon.com/dp/B0CLLV2T1P?tag=eloabder-20&linkCode=osi&th=1&psc=1"><img src="https://m.media-amazon.com/images/I/31ZBa-zgbjL._SL500_.jpg" alt="Product Image"></a><p>Anua 10% Niacinamide+ 4% Tranexamic Acid Serum, Ceramide, Hyaluronic Acid, Vitamin B12 natural color, for Sensitive skin, Korean Glass Skin, Fragrance-Free (30ml /1.01 fl.oz.)</p><p>$19.00 ($18.81 / Fl Oz)</p><a href="https://www.amazon.com/dp/B0CLLV2T1P?tag=eloabder-20&linkCode=osi&th=1&psc=1">View Product</a></div><div class="product"><a href="https://www.amazon.com/dp/B07VWSN95S?tag=eloabder-20&linkCode=osi&th=1&psc=1"><img src="https://m.media-amazon.com/images/I/411Y0nzh9zL._SL500_.jpg" alt="Product Image"></a><p>CeraVe Retinol Serum for Post-Acne Marks and Skin Texture | Pore Refining, Resurfacing, Brightening Facial Serum with Retinol and Niacinamide | Fragrance Free, Paraben Free & Non-Comedogenic| 1 Oz</p><p>$18.68</p><a href="https://www.amazon.com/dp/B07VWSN95S?tag=eloabder-20&linkCode=osi&th=1&psc=1">View Product</a></div>
<div class="product"><a href="https://www.amazon.com/dp/B00J1FNW28?tag=eloabder-20&linkCode=osi&th=1&psc=1"><img src="https://m.media-amazon.com/images/I/414w8iNQRqL._SL500_.jpg" alt="Product Image"></a><p>Palmer's Cocoa Butter Formula Moisturizing Skin Therapy Oil for Face with Vitamin E, C & 10 Pure Facial Oil Blend, Rosehip Fragrance, 1 Ounce</p><p>$10.97 ($10.97 / Fl Oz)</p><a href="https://www.amazon.com/dp/B00J1FNW28?tag=eloabder-20&linkCode=osi&th=1&psc=1">View Product</a></div><div class="product"><a href="https://www.amazon.com/dp/B01N3340K7?tag=eloabder-20&linkCode=osi&th=1&psc=1"><img src="https://m.media-amazon.com/images/I/41QYm09uWiL._SL500_.jpg" alt="Product Image"></a><p>Kate Blanc Cosmetics Rosehip Oil for Face & Skin. Rosehip Seed Face Oil for Facial & Gua Sha Massage (1oz, Organic, Pure, Cold Pressed)</p><p>$8.99</p><a href="https://www.amazon.com/dp/B01N3340K7?tag=eloabder-20&linkCode=osi&th=1&psc=1">View Product</a></div><div class="product"><a href="https://www.amazon.com/dp/B01GYHLW4U?tag=eloabder-20&linkCode=osi&th=1&psc=1"><img src="https://m.media-amazon.com/images/I/31oeUKDfrOL._SL500_.jpg" alt="Product Image"></a><p>KORA Organics Noni Glow Hydrating Face Oil with Antioxidants, Nourish & Illuminate, Certified Organic, Cruelty Free, 0.34 fl oz</p><p>$29.00 ($85.29 / Fl Oz)</p><a href="https://www.amazon.com/dp/B01GYHLW4U?tag=eloabder-20&linkCode=osi&th=1&psc=1">View Product</a></div><div class="product"><a href="https://www.amazon.com/dp/B09Q2XYMLM?tag=eloabder-20&linkCode=osi&th=1&psc=1"><img src="https://m.media-amazon.com/images/I/41LM+-HnjiL._SL500_.jpg" alt="Product Image"></a><p>Good Molecules Squalane Oil - Moisturizer for Face, Skin, and Hair, Plumping, Firming, Anti-Aging - Skincare for Face to Hydrate and Calm the Skin</p><p>$8.00 ($18.18 / Fl Oz)</p><a href="https://www.amazon.com/dp/B09Q2XYMLM?tag=eloabder-20&linkCode=osi&th=1&psc=1">View Product</a></div><div class="product"><a href="https://www.amazon.com/dp/B0CNG6YPB8?tag=eloabder-20&linkCode=osi&th=1&psc=1"><img src="https://m.media-amazon.com/images/I/41gbDKoodrL._SL500_.jpg" alt="Product Image"></a><p>Black Seed Oil, Rosehip Oil, Castor Oil Organic Cold Pressed for Face Anti-Aging Miracle Facial Moisturizer Serum Natural Skincare Fortifying Hydrates Skin Moisturizing Beauty Glow Oil 1 Fl Oz/30mL</p><p>$16.99 ($16.99 / Fl Oz)</p><a href="https://www.amazon.com/dp/B0CNG6YPB8?tag=eloabder-20&linkCode=osi&th=1&psc=1">View Product</a></div><div class="product"><a href="https://www.amazon.com/dp/B000VPPUEA?tag=eloabder-20&linkCode=osi&th=1&psc=1"><img src="https://m.media-amazon.com/images/I/31e4JzjWhkL._SL500_.jpg" alt="Product Image"></a><p>Bio-Oil Skincare Body Oil, Vitamin E, Serum for Scars & Stretchmarks, Face & Body Moisturizer, 2 oz, All Skin Types</p><p>$11.04 ($5.52 / Fl Oz)</p><a href="https://www.amazon.com/dp/B000VPPUEA?tag=eloabder-20&linkCode=osi&th=1&psc=1">View Product</a></div><div class="product"><a href="https://www.amazon.com/dp/B001UE60E0?tag=eloabder-20&linkCode=osi&th=1&psc=1"><img src="https://m.media-amazon.com/images/I/31cFL31-1pL._SL500_.jpg" alt="Product Image"></a><p>DHC Deep Cleansing Oil, Facial Cleansing Oil, Makeup Remover, Cleanses without Clogging Pores, Residue-Free, Fragrance and Colorant Free, All Skin Types, 6.7 fl. oz.</p><p>$21.99 ($3.28 / Fl Oz)</p><a href="https://www.amazon.com/dp/B001UE60E0?tag=eloabder-20&linkCode=osi&th=1&psc=1">View Product</a></div><div class="product"><a href="https://www.amazon.com/dp/B0BN2PX8V3?tag=eloabder-20&linkCode=osi&th=1&psc=1"><img src="https://m.media-amazon.com/images/I/31vN6RNetML._SL500_.jpg" alt="Product Image"></a><p>ANUA Heartleaf Pore Control Cleansing Oil, Oil Cleanser for Face, Makeup Blackhead Remover, Korean Skin Care 6.76 fl oz(200ml) (original)</p><p>$17.69 ($2.64 / Fl Oz)</p><a href="https://www.amazon.com/dp/B0BN2PX8V3?tag=eloabder-20&linkCode=osi&th=1&psc=1">View Product</a></div><div class="product"><a href="https://www.amazon.com/dp/B07H2GP6VX?tag=eloabder-20&linkCode=osi&th=1&psc=1"><img src="https://m.media-amazon.com/images/I/41OxX+xF61L._SL500_.jpg" alt="Product Image"></a><p>Skin Glow Serum for Face Care - Gua Sha Oil for Glowing Skin with Turmeric Oil for Face Dark Spots Fine Lines & Wrinkles - Hydrating Face Oil for Women's Vegan Organic Skin Care (30mL)</p><p>$29.70 ($29.70 / Fl Oz)</p><a href="https://www.amazon.com/dp/B07H2GP6VX?tag=eloabder-20&linkCode=osi&th=1&psc=1">View Product</a></div><div class="product"><a href="https://www.amazon.com/dp/B098553XRB?tag=eloabder-20&linkCode=osi&th=1&psc=1"><img src="https://m.media-amazon.com/images/I/31jJT07RSqL._SL500_.jpg" alt="Product Image"></a><p>Derma E Vitamin C Glow Face Oil, Facial Oil Nourishes, Brightens and Illuminates for a Radiant Glow, Moisturizing Face Oil with Turmeric, Seabuckthorn and Red Raspberry, 1 Fl Oz</p><p>$13.05</p><a href="https://www.amazon.com/dp/B098553XRB?tag=eloabder-20&linkCode=osi&th=1&psc=1">View Product</a></div>
<div class="product"><a href="https://www.amazon.com/dp/B005IHT94S?tag=eloabder-20&linkCode=osi&th=1&psc=1"><img src="https://m.media-amazon.com/images/I/31YAXVCRMAL._SL500_.jpg" alt="Product Image"></a><p>Neutrogena Ultra Sheer Dry-Touch Water Resistant and Non-Greasy Sunscreen Lotion with Broad Spectrum SPF 70, 3 Fl Oz (Pack of 1)</p><p>$9.88 ($3.29 / Fl Oz)</p><a href="https://www.amazon.com/dp/B005IHT94S?tag=eloabder-20&linkCode=osi&th=1&psc=1">View Product</a></div><div class="product"><a href="https://www.amazon.com/dp/B078BC1NJ6?tag=eloabder-20&linkCode=osi&th=1&psc=1"><img src="https://m.media-amazon.com/images/I/51V4LMN2zEL._SL500_.jpg" alt="Product Image"></a><p>Coppertone Sport Sunscreen Spray SPF 50, Water Resistant Spray Sunscreen, Broad Spectrum SPF 50 Sunscreen, Bulk Sunscreen Pack, 5.5 Oz Bottle, Pack of 3</p><p>$20.63 ($1.25 / Ounce)</p><a href="https://www.amazon.com/dp/B078BC1NJ6?tag=eloabder-20&linkCode=osi&th=1&psc=1">View Product</a></div><div class="product"><a href="https://www.amazon.com/dp/B01MQXX9US?tag=eloabder-20&linkCode=osi&th=1&psc=1"><img src="https://m.media-amazon.com/images/I/41Zi7BP15NL._SL500_.jpg" alt="Product Image"></a><p>Banana Boat Sport Ultra SPF 50 Sunscreen Spray Twin Pack | Banana Boat Sunscreen Spray SPF 50, Spray On Sunscreen, Water Resistant Sunscreen, Oxybenzone Free Sunscreen Pack, 6oz each</p><p>$13.97 ($1.16 / Ounce)</p><a href="https://www.amazon.com/dp/B01MQXX9US?tag=eloabder-20&linkCode=osi&th=1&psc=1">View Product</a></div><div class="product"><a href="https://www.amazon.com/dp/B002MSN3QQ?tag=eloabder-20&linkCode=osi&th=1&psc=1"><img src="https://m.media-amazon.com/images/I/3100avaA74L._SL500_.jpg" alt="Product Image"></a><p>EltaMD UV Clear Face Sunscreen, Oil Free Sunscreen with Zinc Oxide, Dermatologist Recommended Sunscreen, 1.7 oz Pump</p><p>$43.00 ($25.29 / Ounce)</p><a href="https://www.amazon.com/dp/B002MSN3QQ?tag=eloabder-20&linkCode=osi&th=1&psc=1">View Product</a></div><div class="product"><a href="https://www.amazon.com/dp/B00AEN4QZ8?tag=eloabder-20&linkCode=osi&th=1&psc=1"><img src="https://m.media-amazon.com/images/I/31QMrCJPoeL._SL500_.jpg" alt="Product Image"></a><p>Neutrogena Beach Defense Water-Resistant Face & Body SPF 70 Sunscreen Lotion with Broad Spectrum UVA/UVB Protection, Oil-Free Fast-Absorbing Sunscreen Lotion, Oxybenzone-Free, 6.7 oz</p><p>$9.60 ($1.43 / Fl Oz)</p><a href="https://www.amazon.com/dp/B00AEN4QZ8?tag=eloabder-20&linkCode=osi&th=1&psc=1">View Product</a></div><div class="product"><a href="https://www.amazon.com/dp/B076GZX3KL?tag=eloabder-20&linkCode=osi&th=1&psc=1"><img src="https://m.media-amazon.com/images/I/41BQoEZMuTL._SL500_.jpg" alt="Product Image"></a><p>Neutrogena Sunscreen Spray, Ultra Sheer ® Body Mist, Broad Spectrum SPF 70, Non-Greasy Water Resistant Body Sunscreen Mist, Non-Comedogenic, 5 oz (Pack of 3)</p><p>$22.60 ($1.51 / Ounce)</p><a href="https://www.amazon.com/dp/B076GZX3KL?tag=eloabder-20&linkCode=osi&th=1&psc=1">View Product</a></div><div class="product"><a href="https://www.amazon.com/dp/B004D2DR0Q?tag=eloabder-20&linkCode=osi&th=1&psc=1"><img src="https://m.media-amazon.com/images/I/41QwzCWNnFL._SL500_.jpg" alt="Product Image"></a><p>Neutrogena Ultra Sheer Dry-Touch Water Resistant and Non-Greasy Sunscreen Lotion with Broad Spectrum SPF 45, TSA-Compliant travel Size, 3 Fl Oz, Pack of 2, 6 Fl Oz</p><p>$13.99 ($2.33 / Fl Oz)</p><a href="https://www.amazon.com/dp/B004D2DR0Q?tag=eloabder-20&linkCode=osi&th=1&psc=1">View Product</a></div><div class="product"><a href="https://www.amazon.com/dp/B07YGVSGMW?tag=eloabder-20&linkCode=osi&th=1&psc=1"><img src="https://m.media-amazon.com/images/I/416T611PGUL._SL500_.jpg" alt="Product Image"></a><p>La Roche-Posay Anthelios Melt-In Milk Sunscreen SPF 100 | Sunscreen For Body & Face | Broad Spectrum SPF + Antioxidants | Oil Free Sunscreen Lotion | For Sun Sensitive Skin | Oxybenzone Free</p><p>$26.99 ($9.00 / Fl Oz)</p><a href="https://www.amazon.com/dp/B07YGVSGMW?tag=eloabder-20&linkCode=osi&th=1&psc=1">View Product</a></div><div class="product"><a href="https://www.amazon.com/dp/B002CML1VG?tag=eloabder-20&linkCode=osi&th=1&psc=1"><img src="https://m.media-amazon.com/images/I/41ufC4L5QQL._SL500_.jpg" alt="Product Image"></a><p>La Roche-Posay Anthelios Melt-In Milk Sunscreen SPF 60 | Sunscreen For Body & Face | Broad Spectrum SPF + Antioxidants | Oil Free Sunscreen Lotion | Lightweight & Fast Absorbing | Oxybenzone Free</p><p>$37.99 ($7.60 / Fl Oz)</p><a href="https://www.amazon.com/dp/B002CML1VG?tag=eloabder-20&linkCode=osi&th=1&psc=1">View Product</a></div>
<div class="product"><a href="https://www.amazon.com/dp/B004CDV7EY?tag=eloabder-20&linkCode=osi&th=1&psc=1"><img src="https://m.media-amazon.com/images/I/41tTwTi8GdL._SL500_.jpg" alt="Product Image"></a><p>Banana Boat Sport Ultra SPF 50 Sunscreen Lotion, 12oz | Banana Boat Sunscreen SPF 50 Lotion, Oxybenzone Free Sunscreen, Sunblock Lotion Sunscreen, Family Size Sunscreen, 12oz</p><p>$10.97 ($0.91 / Fl Oz)</p><a href="https://www.amazon.com/dp/B004CDV7EY?tag=eloabder-20&linkCode=osi&th=1&psc=1">View Product</a></div><div class="product"><a href="https://www.amazon.com/dp/B001P92FMG?tag=eloabder-20&linkCode=osi&th=1&psc=1"><img src="https://m.media-amazon.com/images/I/41G20SiwQqL._SL500_.jpg" alt="Product Image"></a><p>Neutrogena Sport Face Sunscreen, Broad Spectrum Sunblock SPF 70+, Water Resistant Sunscreen For Face, Sweat Resistant Oil Free Sunscreen Lotion, 2.5 FL OZ</p><p>$10.30 ($4.12 / Fl Oz)</p><a href="https://www.amazon.com/dp/B001P92FMG?tag=eloabder-20&linkCode=osi&th=1&psc=1">View Product</a></div><div class="product"><a href="https://www.amazon.com/dp/B01MY051NZ?tag=eloabder-20&linkCode=osi&th=1&psc=1"><img src="https://m.media-amazon.com/images/I/316sFsnyZ6L._SL500_.jpg" alt="Product Image"></a><p>Hawaiian Tropic Everyday Active Lotion Sunscreen SPF 50, 8oz | Hawaiian Tropic Sunscreen SPF 50, Sunblock, Broad Spectrum Sunscreen, Oxybenzone Free Sunscreen, Water Resistant Sunscreen, 8oz</p><p>$10.97 ($1.37 / Fl Oz)</p><a href="https://www.amazon.com/dp/B01MY051NZ?tag=eloabder-20&linkCode=osi&th=1&psc=1">View Product</a></div><div class="product"><a href="https://www.amazon.com/dp/B074WBHHYY?tag=eloabder-20&linkCode=osi&th=1&psc=1"><img src="https://m.media-amazon.com/images/I/41uIcq6eNrL._SL500_.jpg" alt="Product Image"></a><p>Coppertone Sport Sunscreen Spray SPF 50, Water Resistant Spray Sunscreen, Broad Spectrum SPF 50 Sunscreen, Bulk Sunscreen Pack, 5.5 Oz Bottle, Pack of 2</p><p>$14.49 ($1.32 / Ounce)</p><a href="https://www.amazon.com/dp/B074WBHHYY?tag=eloabder-20&linkCode=osi&th=1&psc=1">View Product</a></div><div class="product"><a href="https://www.amazon.com/dp/B077D7L95C?tag=eloabder-20&linkCode=osi&th=1&psc=1"><img src="https://m.media-amazon.com/images/I/4124cUh+pGL._SL500_.jpg" alt="Product Image"></a><p>Banana Boat Kids Sport Sunscreen Spray SPF 50, Twin Pack | Kids Sunscreen Spray, Kids Sunblock Spray, Oxybenzone Free Sunscreen for Kids, Spray Sunscreen SPF 50, 6oz each</p><p>$13.97 ($1.16 / Ounce)</p><a href="https://www.amazon.com/dp/B077D7L95C?tag=eloabder-20&linkCode=osi&th=1&psc=1">View Product</a></div>
<div class="product"><a href="https://www.amazon.com/dp/B08Q2R18HH?tag=eloabder-20&linkCode=osi&th=1&psc=1"><img src="https://m.media-amazon.com/images/I/51uR35zoH+L._SL500_.jpg" alt="Product Image"></a><p>Hawaiian Tropic Lime Coolada After Sun Lotion, 16oz | After Sun Care, Daily Moisturizing Lotion, After Sun Aloe, Cocoa Butter Lotion, Shea Butter Lotion, After Sun Skin Care, 16oz each Twin Pack</p><p>$14.99 ($0.47 / Fl Oz)</p><a href="https://www.amazon.com/dp/B08Q2R18HH?tag=eloabder-20&linkCode=osi&th=1&psc=1">View Product</a></div><div class="product"><a href="https://www.amazon.com/dp/B08Q2QK7F1?tag=eloabder-20&linkCode=osi&th=1&psc=1"><img src="https://m.media-amazon.com/images/I/41I370DTitL._SL500_.jpg" alt="Product Image"></a><p>Hawaiian Tropic Silk Hydration After Sun Lotion 6 Fl Oz (Pack of 2)</p><p>$19.98 ($1.66 / Fl Oz)</p><a href="https://www.amazon.com/dp/B08Q2QK7F1?tag=eloabder-20&linkCode=osi&th=1&psc=1">View Product</a></div><div class="product"><a href="https://www.amazon.com/dp/B004YAUZKM?tag=eloabder-20&linkCode=osi&th=1&psc=1"><img src="https://m.media-amazon.com/images/I/31QrLmSRyrL._SL500_.jpg" alt="Product Image"></a><p>Sun Bum Cool Down Aloe Vera Lotion - Vegan After Sun Care with Cocoa Butter to Soothe and Hydrate Sunburn- 8 oz</p><p>$12.99 ($1.62 / Fl Oz)</p><a href="https://www.amazon.com/dp/B004YAUZKM?tag=eloabder-20&linkCode=osi&th=1&psc=1">View Product</a></div><div class="product"><a href="https://www.amazon.com/dp/B07BH4DD2M?tag=eloabder-20&linkCode=osi&th=1&psc=1"><img src="https://m.media-amazon.com/images/I/41+JG2VHifL._SL500_.jpg" alt="Product Image"></a><p>Hawaiian Tropic After Sun Body Butter with Coconut Oil, 8oz | After Sun Lotion, Moisturizing Body Lotion, After Sun Moisturizer, Coconut Body Butter, After Sun Care, After Sun Skin Care, 8oz</p><p>$12.49 ($1.56 / Fl Oz)</p><a href="https://www.amazon.com/dp/B07BH4DD2M?tag=eloabder-20&linkCode=osi&th=1&psc=1">View Product</a></div><div class="product"><a href="https://www.amazon.com/dp/B091YZ5L12?tag=eloabder-20&linkCode=osi&th=1&psc=1"><img src="https://m.media-amazon.com/images/I/31otykDIBaL._SL500_.jpg" alt="Product Image"></a><p>B.TAN After Sun Lotion | Ooooh Aftersun Delight - Aloe Vera & Hyaluronic Acid, Sun Burn Skin Relief, Moisturizing Body Cream, 16 Fl oz</p><p>$12.99 ($0.81 / Fl Oz)</p><a href="https://www.amazon.com/dp/B091YZ5L12?tag=eloabder-20&linkCode=osi&th=1&psc=1">View Product</a></div><div class="product"><a href="https://www.amazon.com/dp/B0013L55U0?tag=eloabder-20&linkCode=osi&th=1&psc=1"><img src="https://m.media-amazon.com/images/I/41BErPueiSL._SL500_.jpg" alt="Product Image"></a><p>Burt's Bees After Sun Lotion with Hydrating Aloe Vera & Coconut Oil - Summer Essentials, Sunburn Relief, Natural After Sun Soother, 6 oz</p><p>$12.96 ($2.16 / Fl Oz)</p><a href="https://www.amazon.com/dp/B0013L55U0?tag=eloabder-20&linkCode=osi&th=1&psc=1">View Product</a></div><div class="product"><a href="https://www.amazon.com/dp/B01N6SVTBN?tag=eloabder-20&linkCode=osi&th=1&psc=1"><img src="https://m.media-amazon.com/images/I/51sE2A31qgL._SL500_.jpg" alt="Product Image"></a><p>Sunburnt Advanced After-Sun Lotion, 6 Ounce</p><p>$9.79 ($1.63 / Ounce)</p><a href="https://www.amazon.com/dp/B01N6SVTBN?tag=eloabder-20&linkCode=osi&th=1&psc=1">View Product</a></div><div class="product"><a href="https://www.amazon.com/dp/B098CTZYJX?tag=eloabder-20&linkCode=osi&th=1&psc=1"><img src="https://m.media-amazon.com/images/I/31hNQRVEp2L._SL500_.jpg" alt="Product Image"></a><p>Coola Organic Radical Recovery After Sun Body Lotion, Includes Aloe Vera, Agave and Lavender Oil for Sunburn Relief, 5 Fl Oz</p><p>$32.00 ($6.40 / Fl Oz)</p><a href="https://www.amazon.com/dp/B098CTZYJX?tag=eloabder-20&linkCode=osi&th=1&psc=1">View Product</a></div>
<div class="product"><a href="https://www.amazon.com/dp/B0CTBF3WLS?tag=eloabder-20&linkCode=osi&th=1&psc=1"><img src="https://m.media-amazon.com/images/I/41nFaIDnL9L._SL500_.jpg" alt="Product Image"></a><p>b.tan UV Tanning Bed Lotion | I Want The Darkest Tan Possible - x4000 Tan Intensifiers, Indoor & Outdoor Tan Accelerator, Best Browning Lotion, 12 Fl Oz</p><p>$14.99 ($1.25 / Fl Oz)</p><a href="https://www.amazon.com/dp/B0CTBF3WLS?tag=eloabder-20&linkCode=osi&th=1&psc=1">View Product</a></div><div class="product"><a href="https://www.amazon.com/dp/B001UTK76C?tag=eloabder-20&linkCode=osi&th=1&psc=1"><img src="https://m.media-amazon.com/images/I/31JM3ZgxMjL._SL500_.jpg" alt="Product Image"></a><p>Jergens Natural Glow +FIRMING Self Tanner, Sunless Tanning Lotion for Fair to Medium Skin Tone, Anti Cellulite Firming Body Lotion for Natural-Looking Tan, 7.5 Ounce</p><p>$10.47 ($1.40 / Fl Oz)</p><a href="https://www.amazon.com/dp/B001UTK76C?tag=eloabder-20&linkCode=osi&th=1&psc=1">View Product</a></div><div class="product"><a href="https://www.amazon.com/dp/B07XGS1NW9?tag=eloabder-20&linkCode=osi&th=1&psc=1"><img src="https://m.media-amazon.com/images/I/411h-bfoKfL._SL500_.jpg" alt="Product Image"></a><p>European Gold Flash Black 4000X Indoor Tanning Lotion with Time-Release DHA Bronzers, 12 oz</p><p>$13.99 ($1.17 / Fl Oz)</p><a href="https://www.amazon.com/dp/B07XGS1NW9?tag=eloabder-20&linkCode=osi&th=1&psc=1">View Product</a></div><div class="product"><a href="https://www.amazon.com/dp/B0058E3XJI?tag=eloabder-20&linkCode=osi&th=1&psc=1"><img src="https://m.media-amazon.com/images/I/41KNj0nprcL._SL500_.jpg" alt="Product Image"></a><p>Millennium Tanning Solid Black 100X Indoor Tanning Lotion for Tanning Beds (13.5 Fluid Ounces)</p><p>$29.99 ($2.22 / Fl Oz)</p><a href="https://www.amazon.com/dp/B0058E3XJI?tag=eloabder-20&linkCode=osi&th=1&psc=1">View Product</a></div><div class="product"><a href="https://www.amazon.com/dp/B003GX5SSC?tag=eloabder-20&linkCode=osi&th=1&psc=1"><img src="https://m.media-amazon.com/images/I/314WWYZVTGL._SL500_.jpg" alt="Product Image"></a><p>Australian Gold Dark Tanning Accelerator Lotion With Bronzer, 8 Ounce, New Package Same Formula, B003GX5SSC</p><p>$8.99 ($1.12 / Fl Oz)</p><a href="https://www.amazon.com/dp/B003GX5SSC?tag=eloabder-20&linkCode=osi&th=1&psc=1">View Product</a></div><div class="product"><a href="https://www.amazon.com/dp/B009YKK78C?tag=eloabder-20&linkCode=osi&th=1&psc=1"><img src="https://m.media-amazon.com/images/I/51VhZauUFYS._SL500_.jpg" alt="Product Image"></a><p>Ed Hardy Coconut Kisses Golden Tanning Lotion Cruelty Free, Gluten Free, Mineral Oil Free, DHA Free for All skin type,13.5 oz</p><p>$25.95 ($1.92 / Fl Oz)</p><a href="https://www.amazon.com/dp/B009YKK78C?tag=eloabder-20&linkCode=osi&th=1&psc=1">View Product</a></div><div class="product"><a href="https://www.amazon.com/dp/B09J1LZCWH?tag=eloabder-20&linkCode=osi&th=1&psc=1"><img src="https://m.media-amazon.com/images/I/41RzUs3u55L._SL500_.jpg" alt="Product Image"></a><p>Tanning Lotion Self Tanner - With Natural and Organic Ingredients Non Toxic Sunless Browning Lotion - Best Gradual Tan Lotion for Men and Women, Fair to Medium</p><p>$35.99 ($4.80 / Fl Oz)</p><a href="https://www.amazon.com/dp/B09J1LZCWH?tag=eloabder-20&linkCode=osi&th=1&psc=1">View Product</a></div><div class="product"><a href="https://www.amazon.com/dp/B00T7MZQ3S?tag=eloabder-20&linkCode=osi&th=1&psc=1"><img src="https://m.media-amazon.com/images/I/41yGeo8I0IL._SL500_.jpg" alt="Product Image"></a><p>Australian Gold Rapid Tanning Intensifier Lotion, 8.5 Fl Oz | With Tea Tree Oil and Aloe Vera | Vitamin E</p><p>$7.37 ($0.87 / Fl Oz)</p><a href="https://www.amazon.com/dp/B00T7MZQ3S?tag=eloabder-20&linkCode=osi&th=1&psc=1">View Product</a></div><div class="product"><a href="https://www.amazon.com/dp/B08MVJ5Y8Y?tag=eloabder-20&linkCode=osi&th=1&psc=1"><img src="https://m.media-amazon.com/images/I/51Mugq3kI+L._SL500_.jpg" alt="Product Image"></a><p>Tanning Paradise Black Coconut Love Tanning Lotion | Coconut Oil | Age-Defying | Tattoo Protecting Formula | Ultra Hydrating Dark Tanning Lotion, 13.5oz</p><p>$27.99 ($2.07 / Fl Oz)</p><a href="https://www.amazon.com/dp/B08MVJ5Y8Y?tag=eloabder-20&linkCode=osi&th=1&psc=1">View Product</a></div>
<div class="product"><a href="https://www.amazon.com/dp/B08FZZ4HPM?tag=eloabder-20&linkCode=osi&th=1&psc=1"><img src="https://m.media-amazon.com/images/I/31mReI9Wc6L._SL500_.jpg" alt="Product Image"></a><p>b.tan Ultra Dark Self Tanner | Too Tan - Fast, 1 Hour Express Sunless Tanning Mousse, No Gimmicks, No Fake Tan Smell, No Added Nasties, Vegan, Cruelty & Paraben Free, 6.7 Fl Oz</p><p>$9.97 ($1.49 / Fl Oz)</p><a href="https://www.amazon.com/dp/B08FZZ4HPM?tag=eloabder-20&linkCode=osi&th=1&psc=1">View Product</a></div><div class="product"><a href="https://www.amazon.com/dp/B0888B6TBN?tag=eloabder-20&linkCode=osi&th=1&psc=1"><img src="https://m.media-amazon.com/images/I/41K4-e3Kj9L._SL500_.jpg" alt="Product Image"></a><p>b.tan Darker Self Tanner Kit | Fall In Love at First Tan Bundle - Darker Self Tan Mousse with Self Tanning Mitt Applicator, Violet Base, 1 Hour Sunless Fast Tanner, No Fake Tan Smell, No Added Nasties, Vegan, Cruelty Free, 6.7 Fl Oz</p><p>$14.99 ($2.24 / Fl Oz)</p><a href="https://www.amazon.com/dp/B0888B6TBN?tag=eloabder-20&linkCode=osi&th=1&psc=1">View Product</a></div><div class="product"><a href="https://www.amazon.com/dp/B013WVAHJ2?tag=eloabder-20&linkCode=osi&th=1&psc=1"><img src="https://m.media-amazon.com/images/I/21yYdk2vOnL._SL500_.jpg" alt="Product Image"></a><p>Bondi Sands Self Tanning Foam | Lightweight, Self-Tanner Foam Enriched with Aloe Vera and Coconut Provides an Even, Streak-Free Tan | 6.76 oz/200 mL</p><p>$24.00 ($3.55 / Fl Oz )</p><a href="https://www.amazon.com/dp/B013WVAHJ2?tag=eloabder-20&linkCode=osi&th=1&psc=1">View Product</a></div><div class="product"><a href="https://www.amazon.com/dp/B09551QSJ3?tag=eloabder-20&linkCode=osi&th=1&psc=1"><img src="https://m.media-amazon.com/images/I/41tFLINqKrL._SL500_.jpg" alt="Product Image"></a><p>Self Tanner Mousse - USA Made with Natural & Organic Ingredients, Self Tanning Mousse for Dark Fake Tan, Sunless Tanner, Clear & Non Toxic Tanning Foam for Streak Free Finish, No Nasty Smell</p><p>$34.99 ($4.67 / Fl Oz)</p><a href="https://www.amazon.com/dp/B09551QSJ3?tag=eloabder-20&linkCode=osi&th=1&psc=1">View Product</a></div><div class="product"><a href="https://www.amazon.com/dp/B07Z53DKH3?tag=eloabder-20&linkCode=osi&th=1&psc=1"><img src="https://m.media-amazon.com/images/I/31WXxRTQ9rL._SL500_.jpg" alt="Product Image"></a><p>Coco & Eve Sunny Honey Bali Bronzing Foam (Ultra Dark). Natural Sunless Self Tanner Mousse. Anti Cellulite, Anti Aging, Organic Sunless Self Tanning Lotion</p><p>$38.00 ($5.59 / Fl Oz)</p><a href="https://www.amazon.com/dp/B07Z53DKH3?tag=eloabder-20&linkCode=osi&th=1&psc=1">View Product</a></div><div class="product"><a href="https://www.amazon.com/dp/B00GLS5DHU?tag=eloabder-20&linkCode=osi&th=1&psc=1"><img src="https://m.media-amazon.com/images/I/31EOp3BgHcL._SL500_.jpg" alt="Product Image"></a><p>Jergens Natural Glow 3-Day Self Tanner for Fair to Medium Skin Tone, Sunless Tanning Daily Moisturizer, for Streak-free and Natural-Looking Color, 10 Ounce</p><p>$14.49 ($1.45 / Fl Oz)</p><a href="https://www.amazon.com/dp/B00GLS5DHU?tag=eloabder-20&linkCode=osi&th=1&psc=1">View Product</a></div><div class="product"><a href="https://www.amazon.com/dp/B08G1LQGLN?tag=eloabder-20&linkCode=osi&th=1&psc=1"><img src="https://m.media-amazon.com/images/I/411EXWnc3cS._SL500_.jpg" alt="Product Image"></a><p>Coco & Eve Self Tanner Mousse Kit - All Natural Sunless Tanning (Dark) | Instant Lotion with Bronzer Mitt Applicator Sunny Honey Bali Bronzing</p><p>$41.00 ($6.12 / Fl Oz)</p><a href="https://www.amazon.com/dp/B08G1LQGLN?tag=eloabder-20&linkCode=osi&th=1&psc=1">View Product</a></div><div class="product"><a href="https://www.amazon.com/dp/B00KSS3MJ0?tag=eloabder-20&linkCode=osi&th=1&psc=1"><img src="https://m.media-amazon.com/images/I/31pZi3ANSfL._SL500_.jpg" alt="Product Image"></a><p>St.Tropez Self Tan Express Mousse, Fast Acting Fake Tan, Develops in 1-3 Hours, Streak-Free Finish, Vegan, Natural & Cruelty Free, 6.7 Fl Oz</p><p>$46.00 ($6.87 / Fl Oz)</p><a href="https://www.amazon.com/dp/B00KSS3MJ0?tag=eloabder-20&linkCode=osi&th=1&psc=1">View Product</a></div>
<div class="product"><a href="https://www.amazon.com/dp/B08KT2Z93D?tag=eloabder-20&linkCode=osi&th=1&psc=1"><img src="https://m.media-amazon.com/images/I/31IObY4C0xL._SL500_.jpg" alt="Product Image"></a><p>eos Shea Better Body Lotion- Vanilla Cashmere, 24-Hour Moisture Skin Care, Lightweight & Non-Greasy, Made with Natural Shea, Vegan, 16 fl oz</p><p>$8.98 ($0.56 / Fl Oz)</p><a href="https://www.amazon.com/dp/B08KT2Z93D?tag=eloabder-20&linkCode=osi&th=1&psc=1">View Product</a></div><div class="product"><a href="https://www.amazon.com/dp/B076G2XGY3?tag=eloabder-20&linkCode=osi&th=1&psc=1"><img src="https://m.media-amazon.com/images/I/41jIXvha20L._SL500_.jpg" alt="Product Image"></a><p>NIVEA Essentially Enriched Body Lotion for Dry Skin, Pack of 2, 16.9 Fl Oz Pump Bottles</p><p>$10.98 ($0.32 / Fl Oz)</p><a href="https://www.amazon.com/dp/B076G2XGY3?tag=eloabder-20&linkCode=osi&th=1&psc=1">View Product</a></div><div class="product"><a href="https://www.amazon.com/dp/B00DG8EZKO?tag=eloabder-20&linkCode=osi&th=1&psc=1"><img src="https://m.media-amazon.com/images/I/31DT3ghuyXL._SL500_.jpg" alt="Product Image"></a><p>NIVEA Intense Healing Body Lotion for Dry Skin, 72-Hour Moisturizing Lotion with Deep Nourishing Serum and Provitamin B5, 16.9 Fl Oz Pump Bottle</p><p>$6.24 ($0.37 / Fl Oz)</p><a href="https://www.amazon.com/dp/B00DG8EZKO?tag=eloabder-20&linkCode=osi&th=1&psc=1">View Product</a></div><div class="product"><a href="https://www.amazon.com/dp/B07RK4HST7?tag=eloabder-20&linkCode=osi&th=1&psc=1"><img src="https://m.media-amazon.com/images/I/412DGoW35mL._SL500_.jpg" alt="Product Image"></a><p>CeraVe Daily Moisturizing Lotion for Dry Skin | Body Lotion & Face Moisturizer with Hyaluronic Acid and Ceramides | Daily Moisturizer | Fragrance Free | Oil-Free | 19 Ounce</p><p>$18.50 ($0.97 / Fl Oz)</p><a href="https://www.amazon.com/dp/B07RK4HST7?tag=eloabder-20&linkCode=osi&th=1&psc=1">View Product</a></div><div class="product"><a href="https://www.amazon.com/dp/B0034F9K36?tag=eloabder-20&linkCode=osi&th=1&psc=1"><img src="https://m.media-amazon.com/images/I/319i3EFVPvL._SL500_.jpg" alt="Product Image"></a><p>Jergens Ultra Healing Dry Skin Moisturizer, Body and Hand Lotion for Dry Skin, for Quick Absorption into Extra Dry Skin, with HYDRALUCENCE blend, Vitamins C, E, and B5, 32 Ounce</p><p>$10.47 ($0.33 / Fl Oz)</p><a href="https://www.amazon.com/dp/B0034F9K36?tag=eloabder-20&linkCode=osi&th=1&psc=1">View Product</a></div><div class="product"><a href="https://www.amazon.com/dp/B003JT8PKQ?tag=eloabder-20&linkCode=osi&th=1&psc=1"><img src="https://m.media-amazon.com/images/I/31TFisQDpKL._SL500_.jpg" alt="Product Image"></a><p>Lubriderm Daily Moisture Lotion + Pro-Ceramide with Shea Butter & Glycerin Helps Moisturize Dry Skin, Hydrating Face, Hand & Body Lotion is Lightly Scented & Non-Greasy, 24 fl. oz</p><p>$10.12 ($0.42 / Fl Oz)</p><a href="https://www.amazon.com/dp/B003JT8PKQ?tag=eloabder-20&linkCode=osi&th=1&psc=1">View Product</a></div><div class="product"><a href="https://www.amazon.com/dp/B0D484X4RL?tag=eloabder-20&linkCode=osi&th=1&psc=1"><img src="https://m.media-amazon.com/images/I/31rZLOx+KEL._SL500_.jpg" alt="Product Image"></a><p>Native Body Lotion Contains Naturally Derived Plant-Based Moisturizers for Women and Men | Restores Dry Skin, Coconut & Vanilla, 16.5 fl oz</p><p>$13.97 ($0.85 / Fl Oz)</p><a href="https://www.amazon.com/dp/B0D484X4RL?tag=eloabder-20&linkCode=osi&th=1&psc=1">View Product</a></div><div class="product"><a href="https://www.amazon.com/dp/B073CXZ8KR?tag=eloabder-20&linkCode=osi&th=1&psc=1"><img src="https://m.media-amazon.com/images/I/31r1ImnqoOL._SL500_.jpg" alt="Product Image"></a><p>Nivea Oil Infused Cherry Blossom and Jojoba Oil Body Lotion, Non-Greasy Cherry Blossom Scented Lotion Moisturizes for 24+ Hours, 16.9 Fl Oz Pump Bottle</p><p>$6.29 ($0.37 / Fl Oz)</p><a href="https://www.amazon.com/dp/B073CXZ8KR?tag=eloabder-20&linkCode=osi&th=1&psc=1">View Product</a></div><div class="product"><a href="https://www.amazon.com/dp/B00W4TWD7I?tag=eloabder-20&linkCode=osi&th=1&psc=1"><img src="https://m.media-amazon.com/images/I/31hhrMRSQBL._SL500_.jpg" alt="Product Image"></a><p>Jergens Skin Firming Body Lotion for Dry to Extra Dry Skin, Skin Tightening Cream with Collagen and Elastin, Hydralucence Blend Formula, 16.8 oz</p><p>$7.47 ($0.44 / Fl Oz)</p><a href="https://www.amazon.com/dp/B00W4TWD7I?tag=eloabder-20&linkCode=osi&th=1&psc=1">View Product</a></div>
<div class="product"><a href="https://www.amazon.com/dp/B07C23RCR8?tag=eloabder-20&linkCode=osi&th=1&psc=1"><img src="https://m.media-amazon.com/images/I/41RZuPGWrcL._SL500_.jpg" alt="Product Image"></a><p>Petal Fresh Restoring Body Butter with Honey, Coconut Oil and Shea - Intense Hydration, Cruelty Free</p><p>$7.67 ($7.67 / Count)</p><a href="https://www.amazon.com/dp/B07C23RCR8?tag=eloabder-20&linkCode=osi&th=1&psc=1">View Product</a></div><div class="product"><a href="https://www.amazon.com/dp/B0BKCN9WRX?tag=eloabder-20&linkCode=osi&th=1&psc=1"><img src="https://m.media-amazon.com/images/I/41Jk3XD9gtL._SL500_.jpg" alt="Product Image"></a><p>Tree Hut Moroccan Rose Whipped Shea Body Butter, 8.4oz, Lightweight, Long-lasting, Hydrating Moisturizer with Natural Shea Butter for Nourishing Essential Body Care</p><p>$8.49 ($1.01 / Ounce)</p><a href="https://www.amazon.com/dp/B0BKCN9WRX?tag=eloabder-20&linkCode=osi&th=1&psc=1">View Product</a></div><div class="product"><a href="https://www.amazon.com/dp/B01H6OYPU8?tag=eloabder-20&linkCode=osi&th=1&psc=1"><img src="https://m.media-amazon.com/images/I/41Vkhay5SBL._SL500_.jpg" alt="Product Image"></a><p>NIVEA Cocoa Butter Body Cream with Deep Nourishing Serum, 15.5 Ounce</p><p>$7.05 ($0.45 / Ounce)</p><a href="https://www.amazon.com/dp/B01H6OYPU8?tag=eloabder-20&linkCode=osi&th=1&psc=1">View Product</a></div><div class="product"><a href="https://www.amazon.com/dp/B089N6B4ST?tag=eloabder-20&linkCode=osi&th=1&psc=1"><img src="https://m.media-amazon.com/images/I/41ropAOpQNL._SL500_.jpg" alt="Product Image"></a><p>Vaseline Illuminate Me Shea Butter Whipped Body Butter for Melanin Rich Skin Provides 24 Hour Moisturization for Dry Skin 11 oz</p><p>$12.80 ($1.16 / Fl Oz)</p><a href="https://www.amazon.com/dp/B089N6B4ST?tag=eloabder-20&linkCode=osi&th=1&psc=1">View Product</a></div><div class="product"><a href="https://www.amazon.com/dp/B09QMT3CVT?tag=eloabder-20&linkCode=osi&th=1&psc=1"><img src="https://m.media-amazon.com/images/I/41eMy8c3dcL._SL500_.jpg" alt="Product Image"></a><p>MAJESTIC PURE Whipped Argan Oil Body Butter for Women & Men - With Ceramides, Vitamin E & A & Vegan Collagen - For Skin, Face, & Appearance of Wrinkles & Fine Lines - 8oz</p><p>$9.99 ($1.25 / Ounce)</p><a href="https://www.amazon.com/dp/B09QMT3CVT?tag=eloabder-20&linkCode=osi&th=1&psc=1">View Product</a></div><div class="product"><a href="https://www.amazon.com/dp/B00GBH8TBS?tag=eloabder-20&linkCode=osi&th=1&psc=1"><img src="https://m.media-amazon.com/images/I/31L5XHEF9qL._SL500_.jpg" alt="Product Image"></a><p>Bliss Lemon and Sage Body Butter - Maximum Moisture Cream - 6.7 Fl Oz Lotion for Dry Skin - Long-Lasting Moisturizer for Women & Men - Vegan and Cruelty-Free</p><p>$11.99 ($1.79 / Fl Oz)</p><a href="https://www.amazon.com/dp/B00GBH8TBS?tag=eloabder-20&linkCode=osi&th=1&psc=1">View Product</a></div><div class="product"><a href="https://www.amazon.com/dp/B0013UQQAE?tag=eloabder-20&linkCode=osi&th=1&psc=1"><img src="https://m.media-amazon.com/images/I/411EPzhuAHL._SL500_.jpg" alt="Product Image"></a><p>Palmer’s Shea Butter Formula Raw African Shea Butter Balm, Nourishing Body Moisturizer for Rough, Dry Skin, 7.25 Ounces</p><p>$7.68 ($1.06 / Ounce)</p><a href="https://www.amazon.com/dp/B0013UQQAE?tag=eloabder-20&linkCode=osi&th=1&psc=1">View Product</a></div><div class="product"><a href="https://www.amazon.com/dp/B09SRGSNZR?tag=eloabder-20&linkCode=osi&th=1&psc=1"><img src="https://m.media-amazon.com/images/I/31knGR24zJL._SL500_.jpg" alt="Product Image"></a><p>Kopari Ultra Restore Body Butter with Hyaluronic Acid and Vitamin B5 - Vegan Moisturizing Lotion for Dry Skin, 7.7 oz</p><p>$36.00 ($4.68 / Fl Oz)</p><a href="https://www.amazon.com/dp/B09SRGSNZR?tag=eloabder-20&linkCode=osi&th=1&psc=1">View Product</a></div><div class="product"><a href="https://www.amazon.com/dp/B0C4Q95W1T?tag=eloabder-20&linkCode=osi&th=1&psc=1"><img src="https://m.media-amazon.com/images/I/417J+mMnNXL._SL500_.jpg" alt="Product Image"></a><p>Vaseline Illuminate Me Body Butter & Body Oil - Shimmering Body Bronzer, Hydrating Whipped Organic Shea Butter with 24-Hour Moisture for Melanin-Rich Skin, Radiant Body Glow Oil (2 Piece Set)</p><p>$22.99 ($1.61 / Fl Oz)</p><a href="https://www.amazon.com/dp/B0C4Q95W1T?tag=eloabder-20&linkCode=osi&th=1&psc=1">View Product</a></div>
<div class="product"><a href="https://www.amazon.com/dp/B004L17FKC?tag=eloabder-20&linkCode=osi&th=1&psc=1"><img src="https://m.media-amazon.com/images/I/31nbXT8PueL._SL500_.jpg" alt="Product Image"></a><p>OSEA Undaria Algae Body Oil 5 oz - After Shower Body Oil - Non-Greasy Body Serum & Fast Absorbing Skincare - Clean Beauty & Vegan Seaweed Body Moisturizer for Dry Skin</p><p>$51.95 ($10.39 / Fl Oz)</p><a href="https://www.amazon.com/dp/B004L17FKC?tag=eloabder-20&linkCode=osi&th=1&psc=1">View Product</a></div><div class="product"><a href="https://www.amazon.com/dp/B00008BK7H?tag=eloabder-20&linkCode=osi&th=1&psc=1"><img src="https://m.media-amazon.com/images/I/31NaIvcVrtL._SL500_.jpg" alt="Product Image"></a><p>Neutrogena Body Oil Light Sesame Formula, Dry Skin Moisturizer and Hydrating Body Massage Oil for Radiant and Healthy Looking Glow, Nourishing Bath Oil for Sheer Moisture, 16 FL OZ</p><p>$23.41 ($1.46 / Fl Oz)</p><a href="https://www.amazon.com/dp/B00008BK7H?tag=eloabder-20&linkCode=osi&th=1&psc=1">View Product</a></div><div class="product"><a href="https://www.amazon.com/dp/B08D43LHYP?tag=eloabder-20&linkCode=osi&th=1&psc=1"><img src="https://m.media-amazon.com/images/I/315zlZLfRWL._SL500_.jpg" alt="Product Image"></a><p>Aveeno Daily Moisturizing Dry Body Oil Mist with Oat and Jojoba Oil for Dry, Rough Sensitive Skin, Nourishing & Hypoallergenic Body Spray, Paraben-, Silicone- & Phthalate-Free, 6.7 fl. oz</p><p>$9.58 ($1.43 / Fl Oz)</p><a href="https://www.amazon.com/dp/B08D43LHYP?tag=eloabder-20&linkCode=osi&th=1&psc=1">View Product</a></div><div class="product"><a href="https://www.amazon.com/dp/B00AREGVUM?tag=eloabder-20&linkCode=osi&th=1&psc=1"><img src="https://m.media-amazon.com/images/I/41qfuNZmKRL._SL500_.jpg" alt="Product Image"></a><p>Bio-Oil Skincare Body Oil, Vitamin E Serum for Scars & Stretchmarks, Dermatologist Recommended, All Skin Types, 6.7 oz</p><p>$28.99 ($4.33 / Fl Oz)</p><a href="https://www.amazon.com/dp/B00AREGVUM?tag=eloabder-20&linkCode=osi&th=1&psc=1">View Product</a></div><div class="product"><a href="https://www.amazon.com/dp/B000056W74?tag=eloabder-20&linkCode=osi&th=1&psc=1"><img src="https://m.media-amazon.com/images/I/51iuZeO24dL._SL500_.jpg" alt="Product Image"></a><p>Palmer's Cocoa Butter Moisturizing Body Oil with Vitamin E, Radiant Looking Glow and Skin Hydration, Instant Absorption, Bath, Body and Shower, 8.5 Ounces</p><p>$7.49 ($0.88 / Fl Oz)</p><a href="https://www.amazon.com/dp/B000056W74?tag=eloabder-20&linkCode=osi&th=1&psc=1">View Product</a></div><div class="product"><a href="https://www.amazon.com/dp/B001B0ZZFS?tag=eloabder-20&linkCode=osi&th=1&psc=1"><img src="https://m.media-amazon.com/images/I/31CraOP2i5L._SL500_.jpg" alt="Product Image"></a><p>Neutrogena Fragrance-Free Body Oil Light Sesame Formula, Dry Skin Moisturizer & Hydrating Body Massage Oil, for Radiant & Healthy Glow, Nourishing After Shower & Bath Oil, 8.5 fl. oz</p><p>$8.86 ($1.04 / Fl Oz)</p><a href="https://www.amazon.com/dp/B001B0ZZFS?tag=eloabder-20&linkCode=osi&th=1&psc=1">View Product</a></div><div class="product"><a href="https://www.amazon.com/dp/B0CFSVH4L7?tag=eloabder-20&linkCode=osi&th=1&psc=1"><img src="https://m.media-amazon.com/images/I/31VtRL8qSpL._SL500_.jpg" alt="Product Image"></a><p>Saltair - Santal Bloom Body Oil - Nourishing Body Moisturizer</p><p>$22.00 ($5.50 / Fl Oz)</p><a href="https://www.amazon.com/dp/B0CFSVH4L7?tag=eloabder-20&linkCode=osi&th=1&psc=1">View Product</a></div><div class="product"><a href="https://www.amazon.com/dp/B089NCFBQZ?tag=eloabder-20&linkCode=osi&th=1&psc=1"><img src="https://m.media-amazon.com/images/I/41WGBM4YipL._SL500_.jpg" alt="Product Image"></a><p>Vaseline Illuminate Me Shimmering Body Oil Created for Melanin Rich Skin, Illuminates Skin with Finishing Touch of Shimmer for Glowing Skin 3.3 oz</p><p>$8.75 ($2.65 / Fl Oz)</p><a href="https://www.amazon.com/dp/B089NCFBQZ?tag=eloabder-20&linkCode=osi&th=1&psc=1">View Product</a></div><div class="product"><a href="https://www.amazon.com/dp/B076MGQ5SW?tag=eloabder-20&linkCode=osi&th=1&psc=1"><img src="https://m.media-amazon.com/images/I/31i7GSTXsoL._SL500_.jpg" alt="Product Image"></a><p>SheaMoisture Daily Hydration Body Oil Virgin Coconut Oil For Dry Skin Paraben Free 8 oz</p><p>$8.93 ($1.12 / Fl Oz)</p><a href="https://www.amazon.com/dp/B076MGQ5SW?tag=eloabder-20&linkCode=osi&th=1&psc=1">View Product</a></div>
<div class="product"><a href="https://www.amazon.com/dp/B07GJR4KXM?tag=eloabder-20&linkCode=osi&th=1&psc=1"><img src="https://m.media-amazon.com/images/I/41Zl1DjrGpL._SL500_.jpg" alt="Product Image"></a><p>Brooklyn Botany Brown Sugar Body Scrub - Moisturizing and Exfoliating Body, Face, Hand, Foot Scrub - Fights Acne, Fine Lines & Wrinkles, Great Gifts For Women & Men - 10 oz</p><p>$9.99 ($1.00 / Ounce)</p><a href="https://www.amazon.com/dp/B07GJR4KXM?tag=eloabder-20&linkCode=osi&th=1&psc=1">View Product</a></div><div class="product"><a href="https://www.amazon.com/dp/B095Z7HQP3?tag=eloabder-20&linkCode=osi&th=1&psc=1"><img src="https://m.media-amazon.com/images/I/31oWHQkNovL._SL500_.jpg" alt="Product Image"></a><p>First Aid Beauty KP Bump Eraser Body Scrub Exfoliant for Keratosis Pilaris with 10% AHA 4 oz.</p><p>$20.00 ($5.00 / Ounce)</p><a href="https://www.amazon.com/dp/B095Z7HQP3?tag=eloabder-20&linkCode=osi&th=1&psc=1">View Product</a></div><div class="product"><a href="https://www.amazon.com/dp/B0CQLTP6JM?tag=eloabder-20&linkCode=osi&th=1&psc=1"><img src="https://m.media-amazon.com/images/I/41oU0wGhtHL._SL500_.jpg" alt="Product Image"></a><p>Elvira KP Bump Eraser Body Scrub, Exfoliating Body Scrub for Keratosis Pilaris, Smooth Skin with 10% AHA/BHA & Niacinamide, Moisturizing and Brightening, Body Skin Care Products, Deep Cleansing - 7 oz</p><p>$16.99 ($2.43 / Fl Oz)</p><a href="https://www.amazon.com/dp/B0CQLTP6JM?tag=eloabder-20&linkCode=osi&th=1&psc=1">View Product</a></div><div class="product"><a href="https://www.amazon.com/dp/B09VH79Z17?tag=eloabder-20&linkCode=osi&th=1&psc=1"><img src="https://m.media-amazon.com/images/I/41VgTZ12TwL._SL500_.jpg" alt="Product Image"></a><p>Dr Teal's Shea Sugar Body Scrub, Shea Butter with Almond Oil & Essential Oils, 19 oz (Pack of 3) (Packaging May Vary)</p><p>$20.94 ($0.37 / Ounce)</p><a href="https://www.amazon.com/dp/B09VH79Z17?tag=eloabder-20&linkCode=osi&th=1&psc=1">View Product</a></div>
<div class="product"><a href="https://www.amazon.com/dp/B0BVBZPX9B?tag=eloabder-20&linkCode=osi&th=1&psc=1"><img src="https://m.media-amazon.com/images/I/61Y09jlKZkL._SL500_.jpg" alt="Product Image"></a><p>Dove Deep Moisture Body Wash 30.6 Fl Oz Pack of 3 with Pump, Luxurious Hydration for Dry Skin, Cleanser with 24hr Renewing MicroMoisture</p><p>$23.22 ($0.25 / Fl Oz)</p><a href="https://www.amazon.com/dp/B0BVBZPX9B?tag=eloabder-20&linkCode=osi&th=1&psc=1">View Product</a></div><div class="product"><a href="https://www.amazon.com/dp/B0BT1VXDGD?tag=eloabder-20&linkCode=osi&th=1&psc=1"><img src="https://m.media-amazon.com/images/I/217eAv7yKyL._SL500_.jpg" alt="Product Image"></a><p>Method Body Wash, Pure Peace, Paraben and Phthalate Free, Biodegradable Formula, 28 oz (Pack of 1)</p><p>$11.48 ($0.41 / Fl Oz)</p><a href="https://www.amazon.com/dp/B0BT1VXDGD?tag=eloabder-20&linkCode=osi&th=1&psc=1">View Product</a></div><div class="product"><a href="https://www.amazon.com/dp/B0BVBYQGTW?tag=eloabder-20&linkCode=osi&th=1&psc=1"><img src="https://m.media-amazon.com/images/I/61En44WjwPL._SL500_.jpg" alt="Product Image"></a><p>Dove Body Wash with Pump Sensitive Skin 3 Count Hypoallergenic, Paraben-Free, Sulfate-Free, Cruelty-Free, Moisturizing Skin Cleanser Effectively Washes Away Bacteria While Nourishing Skin 30.6 oz</p><p>$23.22 ($0.25 / Fl Oz)</p><a href="https://www.amazon.com/dp/B0BVBYQGTW?tag=eloabder-20&linkCode=osi&th=1&psc=1">View Product</a></div><div class="product"><a href="https://www.amazon.com/dp/B0CGY5BLBW?tag=eloabder-20&linkCode=osi&th=1&psc=1"><img src="https://m.media-amazon.com/images/I/61X7MjVU6uL._SL500_.jpg" alt="Product Image"></a><p>Dove Exfoliating Body Wash Glow Recharge Energizes & illuminates skin 3% brightening serum with vitamin C 18.5 oz</p><p>$9.79 ($0.53 / Fl Oz)</p><a href="https://www.amazon.com/dp/B0CGY5BLBW?tag=eloabder-20&linkCode=osi&th=1&psc=1">View Product</a></div><div class="product"><a href="https://www.amazon.com/dp/B082QB23YG?tag=eloabder-20&linkCode=osi&th=1&psc=1"><img src="https://m.media-amazon.com/images/I/31QPAuuaLwL._SL500_.jpg" alt="Product Image"></a><p>NIVEA Refreshing White Peach and Jasmine Body Wash, Scented Body Wash with Nourishing Serum, Plant-Derived Oils, Essential Skin Lipids and Vitamins, 20 Fl Oz Bottle</p><p>$4.89 ($0.24 / Fl Oz)</p><a href="https://www.amazon.com/dp/B082QB23YG?tag=eloabder-20&linkCode=osi&th=1&psc=1">View Product</a></div><div class="product"><a href="https://www.amazon.com/dp/B0BHH1LBX2?tag=eloabder-20&linkCode=osi&th=1&psc=1"><img src="https://m.media-amazon.com/images/I/41aG-jLyOqL._SL500_.jpg" alt="Product Image"></a><p>Olay Ultra Rich Moisture Body Wash for Women, Deeply Nourishes, Vitamin B3 Complex, Clinically Proven, Shea Butter Scent, 22 fl oz (Pack of 4)</p><p>$26.95 ($0.31 / Fl Oz)</p><a href="https://www.amazon.com/dp/B0BHH1LBX2?tag=eloabder-20&linkCode=osi&th=1&psc=1">View Product</a></div><div class="product"><a href="https://www.amazon.com/dp/B0BVBYDTZ6?tag=eloabder-20&linkCode=osi&th=1&psc=1"><img src="https://m.media-amazon.com/images/I/61UbJzK8yIL._SL500_.jpg" alt="Product Image"></a><p>Dove Body Wash with Pump Refreshing Cucumber and Green Tea 3 Count Refreshes Skin Cleanser That Effectively Washes Away Bacteria While Nourishing Your Skin 30.6 oz</p><p>$29.91 ($0.33 / Fl Oz)</p><a href="https://www.amazon.com/dp/B0BVBYDTZ6?tag=eloabder-20&linkCode=osi&th=1&psc=1">View Product</a></div><div class="product"><a href="https://www.amazon.com/dp/B082QC2MCX?tag=eloabder-20&linkCode=osi&th=1&psc=1"><img src="https://m.media-amazon.com/images/I/31ohT5XH1TS._SL500_.jpg" alt="Product Image"></a><p>NIVEA Shea Butter Nourishing Body Wash, Moisturizing Body Wash with Nourishing Serum, Plant-Derived Oils, Essential Skin Lipids and Vitamins, 20 Fl Oz Bottle</p><p>$5.29 ($0.26 / Fl Oz)</p><a href="https://www.amazon.com/dp/B082QC2MCX?tag=eloabder-20&linkCode=osi&th=1&psc=1">View Product</a></div><div class="product"><a href="https://www.amazon.com/dp/B07FD24RTR?tag=eloabder-20&linkCode=osi&th=1&psc=1"><img src="https://m.media-amazon.com/images/I/31klAgInvXL._SL500_.jpg" alt="Product Image"></a><p>Aveeno Stress Relief Body Wash with Soothing Oat for Sensitive Skin, Lavender Body Wash to help you feel Calm and Relaxed, Sulfate-Free, 33 FL OZ</p><p>$13.48 ($0.41 / Fl Oz)</p><a href="https://www.amazon.com/dp/B07FD24RTR?tag=eloabder-20&linkCode=osi&th=1&psc=1">View Product</a></div><div class="product"><a href="https://www.amazon.com/dp/B082QBPDJC?tag=eloabder-20&linkCode=osi&th=1&psc=1"><img src="https://m.media-amazon.com/images/I/31tC4JDwHQL._SL500_.jpg" alt="Product Image"></a><p>NIVEA Coconut and Almond Milk Pampering Body Wash, Moisturizing Body Wash with Nourishing Serum, Plant-Derived Oils, Essential Skin Lipids and Vitamins, 20 Fl Oz Bottle</p><p>$4.99 ($0.25 / Fl Oz)</p><a href="https://www.amazon.com/dp/B082QBPDJC?tag=eloabder-20&linkCode=osi&th=1&psc=1">View Product</a></div>
<div class="product"><a href="https://www.amazon.com/dp/B0BNQWFWLF?tag=eloabder-20&linkCode=osi&th=1&psc=1"><img src="https://m.media-amazon.com/images/I/41trFLlJ04L._SL500_.jpg" alt="Product Image"></a><p>Neutrogena Rainbath Body Wash, Refreshing, Moisturizing Daily Body Cleanser and Shaving Gel with Clean Rinsing Lather, Original Scent, 32 fl. Oz</p><p>$15.98 ($0.50 / Fl Oz)</p><a href="https://www.amazon.com/dp/B0BNQWFWLF?tag=eloabder-20&linkCode=osi&th=1&psc=1">View Product</a></div><div class="product"><a href="https://www.amazon.com/dp/B0BT1WN3ZD?tag=eloabder-20&linkCode=osi&th=1&psc=1"><img src="https://m.media-amazon.com/images/I/21GMn0pFzCL._SL500_.jpg" alt="Product Image"></a><p>Method Body Wash, Sea + Surf, Paraben and Phthalate Free, Biodegradable Formula, 28 oz, (Pack of 1)</p><p>$11.48 ($0.41 / Fl Oz)</p><a href="https://www.amazon.com/dp/B0BT1WN3ZD?tag=eloabder-20&linkCode=osi&th=1&psc=1">View Product</a></div><div class="product"><a href="https://www.amazon.com/dp/B09M7SPFSJ?tag=eloabder-20&linkCode=osi&th=1&psc=1"><img src="https://m.media-amazon.com/images/I/31bOOl+IL6L._SL500_.jpg" alt="Product Image"></a><p>Ivory Mild & Gentle Body Wash, Original Scent, 35oz</p><p>$5.97 ($0.17 / Ounce)</p><a href="https://www.amazon.com/dp/B09M7SPFSJ?tag=eloabder-20&linkCode=osi&th=1&psc=1">View Product</a></div><div class="product"><a href="https://www.amazon.com/dp/B0CK4YS1SV?tag=eloabder-20&linkCode=osi&th=1&psc=1"><img src="https://m.media-amazon.com/images/I/518js3kBNfL._SL500_.jpg" alt="Product Image"></a><p>Dr Teal's Body Wash with Pure Epsom Salt, Relax & Relief with Eucalyptus & Spearmint, 24 fl oz (Pack of 2) (Packaging May Vary)</p><p>$11.74 ($0.24 / Fl Oz)</p><a href="https://www.amazon.com/dp/B0CK4YS1SV?tag=eloabder-20&linkCode=osi&th=1&psc=1">View Product</a></div><div class="product"><a href="https://www.amazon.com/dp/B0CNL19TQG?tag=eloabder-20&linkCode=osi&th=1&psc=1"><img src="https://m.media-amazon.com/images/I/61kqkkFXOkL._SL500_.jpg" alt="Product Image"></a><p>Dove Men+Care Body Wash Eucalyptus + Cedar Oil to Rebuild Skin in the Shower with Plant-Based Cleansers and Moisturizers 26 oz</p><p>$9.99 ($0.38 / Fl Oz)</p><a href="https://www.amazon.com/dp/B0CNL19TQG?tag=eloabder-20&linkCode=osi&th=1&psc=1">View Product</a></div><div class="product"><a href="https://www.amazon.com/dp/B01IMEJV5U?tag=eloabder-20&linkCode=osi&th=1&psc=1"><img src="https://m.media-amazon.com/images/I/41q8gXtf06S._SL500_.jpg" alt="Product Image"></a><p>OGX Extra Creamy + Coconut Miracle Oil Ultra Moisture Body Wash, 19.5 Fl Oz</p><p>$6.57 ($0.34 / Fl Oz)</p><a href="https://www.amazon.com/dp/B01IMEJV5U?tag=eloabder-20&linkCode=osi&th=1&psc=1">View Product</a></div>
<div class="product"><a href="https://www.amazon.com/dp/B00A8S6HM4?tag=eloabder-20&linkCode=osi&th=1&psc=1"><img src="https://m.media-amazon.com/images/I/31tIssP5CQL._SL500_.jpg" alt="Product Image"></a><p>Gold Bond Healing Hand Cream, 3 oz., With Aloe, Moisture That Lasts Through Handwashing</p><p>$3.97 ($1.32 / Ounce)</p><a href="https://www.amazon.com/dp/B00A8S6HM4?tag=eloabder-20&linkCode=osi&th=1&psc=1">View Product</a></div><div class="product"><a href="https://www.amazon.com/dp/B006UEOQ5K?tag=eloabder-20&linkCode=osi&th=1&psc=1"><img src="https://m.media-amazon.com/images/I/316StCvRHcL._SL500_.jpg" alt="Product Image"></a><p>L’Occitane Shea Butter Hand Cream 5.1 Oz: Nourishes Very Dry Hands, Protects Skin, With 20% Organic Shea Butter, Vegan, 1 Sold Every 3 Seconds*</p><p>$27.00</p><a href="https://www.amazon.com/dp/B006UEOQ5K?tag=eloabder-20&linkCode=osi&th=1&psc=1">View Product</a></div><div class="product"><a href="https://www.amazon.com/dp/B00EYOSA9G?tag=eloabder-20&linkCode=osi&th=1&psc=1"><img src="https://m.media-amazon.com/images/I/41bhc+gcG0L._SL500_.jpg" alt="Product Image"></a><p>La Roche-Posay Cicaplast Hand Cream, Instant Relief Moisturizing Dry Hands Shea Butter Lotion for Dry Cracked Hands, Non Greasy, Fragrance Free, 1.69 Fl Oz (Pack of 1)</p><p>$11.99 ($7.05 / Fl Oz)</p><a href="https://www.amazon.com/dp/B00EYOSA9G?tag=eloabder-20&linkCode=osi&th=1&psc=1">View Product</a></div><div class="product"><a href="https://www.amazon.com/dp/B00BN2UF54?tag=eloabder-20&linkCode=osi&th=1&psc=1"><img src="https://m.media-amazon.com/images/I/41JdUlyNn5L._SL500_.jpg" alt="Product Image"></a><p>CeraVe Therapeutic Hand Cream for Dry Cracked Hands With Hyaluronic Acid and Niacinamide | Fragrance Free 3 Ounce</p><p>$10.47 ($3.49 / Ounce)</p><a href="https://www.amazon.com/dp/B00BN2UF54?tag=eloabder-20&linkCode=osi&th=1&psc=1">View Product</a></div><div class="product"><a href="https://www.amazon.com/dp/B09QP658PT?tag=eloabder-20&linkCode=osi&th=1&psc=1"><img src="https://m.media-amazon.com/images/I/31W-klVFPhL._SL500_.jpg" alt="Product Image"></a><p>eos Shea Better Hand Cream - Vanilla Cashmere | Instant Hydration + Lasting Protection | 2.5 oz</p><p>$3.97 ($1.59 / Fl Oz)</p><a href="https://www.amazon.com/dp/B09QP658PT?tag=eloabder-20&linkCode=osi&th=1&psc=1">View Product</a></div><div class="product"><a href="https://www.amazon.com/dp/B00121UVU0?tag=eloabder-20&linkCode=osi&th=1&psc=1"><img src="https://m.media-amazon.com/images/I/41eeed+P5BL._SL500_.jpg" alt="Product Image"></a><p>O'Keeffe's Working Hands Hand Cream for Extremely Dry, Cracked Hands, 3.4 Ounce Jar, (Pack 1)</p><p>$8.48 ($2.49 / Ounce)</p><a href="https://www.amazon.com/dp/B00121UVU0?tag=eloabder-20&linkCode=osi&th=1&psc=1">View Product</a></div><div class="product"><a href="https://www.amazon.com/dp/B0148PKYXU?tag=eloabder-20&linkCode=osi&th=1&psc=1"><img src="https://m.media-amazon.com/images/I/41cwut0DGKL._SL500_.jpg" alt="Product Image"></a><p>O'Keeffe's Working Hands Hand Cream, Relieves and Repairs Extremely Dry Hands, 3 oz Tube, (Pack of 2)</p><p>$15.17 ($2.53 / Ounce)</p><a href="https://www.amazon.com/dp/B0148PKYXU?tag=eloabder-20&linkCode=osi&th=1&psc=1">View Product</a></div><div class="product"><a href="https://www.amazon.com/dp/B08Q1B7DVZ?tag=eloabder-20&linkCode=osi&th=1&psc=1"><img src="https://m.media-amazon.com/images/I/41KbVXj2k4L._SL500_.jpg" alt="Product Image"></a><p>Neutrogena Norwegian Formula Moisturizing Hand Cream Formulated with Glycerin for Dry, Rough Hands, Fragrance-Free Intensive Hand Lotion, 2 oz, Pack of 6</p><p>$32.94 ($2.74 / Ounce)</p><a href="https://www.amazon.com/dp/B08Q1B7DVZ?tag=eloabder-20&linkCode=osi&th=1&psc=1">View Product</a></div><div class="product"><a href="https://www.amazon.com/dp/B002PK0ROM?tag=eloabder-20&linkCode=osi&th=1&psc=1"><img src="https://m.media-amazon.com/images/I/51ACxQvzcbL._SL500_.jpg" alt="Product Image"></a><p>Burt's Bees Almond & Milk Hand Cream, 2 Oz (Package May Vary)</p><p>$8.84 ($4.42 / Ounce)</p><a href="https://www.amazon.com/dp/B002PK0ROM?tag=eloabder-20&linkCode=osi&th=1&psc=1">View Product</a></div><div class="product"><a href="https://www.amazon.com/dp/B09YYZWSSY?tag=eloabder-20&linkCode=osi&th=1&psc=1"><img src="https://m.media-amazon.com/images/I/31iud1lgyFL._SL500_.jpg" alt="Product Image"></a><p>Gold Bond Age Renew Crepe Corrector Hand Cream, Replenishing & Smoothing Formula, 3 oz.</p><p>$5.98 ($1.99 / Ounce)</p><a href="https://www.amazon.com/dp/B09YYZWSSY?tag=eloabder-20&linkCode=osi&th=1&psc=1">View Product</a></div>
<div class="product"><a href="https://www.amazon.com/dp/B0002QB9NE?tag=eloabder-20&linkCode=osi&th=1&psc=1"><img src="https://m.media-amazon.com/images/I/416vf0q0uqL._SL500_.jpg" alt="Product Image"></a><p>O'Keeffe's for Healthy Feet Foot Cream, Guaranteed Relief for Extremely Dry, Cracked Feet, Instantly Boosts Moisture Levels, 3.2 Ounce Jar, (Pack of 1)</p><p>$9.01 ($2.82 / Ounce)</p><a href="https://www.amazon.com/dp/B0002QB9NE?tag=eloabder-20&linkCode=osi&th=1&psc=1">View Product</a></div><div class="product"><a href="https://www.amazon.com/dp/B082TSRP9J?tag=eloabder-20&linkCode=osi&th=1&psc=1"><img src="https://m.media-amazon.com/images/I/51coMhCd1ML._SL500_.jpg" alt="Product Image"></a><p>Ebanel Urea Cream 40% plus Salicylic Acid 2%, Foot Cream for Dry Cracked Heels Feet Knees Elbows Hands, Foot Dead Skin Cuticle Callus Remover Toenail Softener, Keratolytic Skin Barrier Repair Cream</p><p>$15.95 ($3.47 / Ounce)</p><a href="https://www.amazon.com/dp/B082TSRP9J?tag=eloabder-20&linkCode=osi&th=1&psc=1">View Product</a></div><div class="product"><a href="https://www.amazon.com/dp/B08YZBKZPB?tag=eloabder-20&linkCode=osi&th=1&psc=1"><img src="https://m.media-amazon.com/images/I/41ktbxpRfPL._SL500_.jpg" alt="Product Image"></a><p>Dr. Scholl's Dry, Cracked Foot Repair Ultra-Hydrating Foot Cream Moisturizer, 3.5 oz, Skin Care Foot Lotion with 25% Urea for Dry Cracked Feet, Heals and Moisturizes for Healthy Feet</p><p>$5.89 ($1.68 / Ounce)</p><a href="https://www.amazon.com/dp/B08YZBKZPB?tag=eloabder-20&linkCode=osi&th=1&psc=1">View Product</a></div><div class="product"><a href="https://www.amazon.com/dp/B0859JFWDT?tag=eloabder-20&linkCode=osi&th=1&psc=1"><img src="https://m.media-amazon.com/images/I/51JZjw73KSL._SL500_.jpg" alt="Product Image"></a><p>New York Biology Tea Tree Oil Foot Cream for Dry Cracked Feet, Athletes Foot, Nail Fungus, Jock Itch, Ringworm, Cracked Heels and Itchy Skin - Foot Cream - 8 oz</p><p>$9.99 ($1.25 / Ounce)</p><a href="https://www.amazon.com/dp/B0859JFWDT?tag=eloabder-20&linkCode=osi&th=1&psc=1">View Product</a></div><div class="product"><a href="https://www.amazon.com/dp/B09854CPGD?tag=eloabder-20&linkCode=osi&th=1&psc=1"><img src="https://m.media-amazon.com/images/I/31CmRbfOBBL._SL500_.jpg" alt="Product Image"></a><p>OUKEYA Urea Cream 40 Percent, Urea Foot & Hand Cream for Dry Cracked, 40 per Urea Lotion for Feet Maximum Strength</p><p>$9.59 ($1.81 / Ounce)</p><a href="https://www.amazon.com/dp/B09854CPGD?tag=eloabder-20&linkCode=osi&th=1&psc=1">View Product</a></div><div class="product"><a href="https://www.amazon.com/dp/B0081C2I22?tag=eloabder-20&linkCode=osi&th=1&psc=1"><img src="https://m.media-amazon.com/images/I/41f3N9+RSFL._SL500_.jpg" alt="Product Image"></a><p>Palmer's Cocoa Butter Formula Foot Magic Moisturizing Foot Cream for Dry, Cracked Heels, Feet Moisturizer with Peppermint Oil & Vitamin E, 2.1 Ounces</p><p>$4.22 ($2.01 / Ounce)</p><a href="https://www.amazon.com/dp/B0081C2I22?tag=eloabder-20&linkCode=osi&th=1&psc=1">View Product</a></div><div class="product"><a href="https://www.amazon.com/dp/B072VSYFNY?tag=eloabder-20&linkCode=osi&th=1&psc=1"><img src="https://m.media-amazon.com/images/I/41mzQGUdFmL._SL500_.jpg" alt="Product Image"></a><p>O'Keeffe's Healthy Feet Intense Renewal Cream with Alpha Hydroxy Acid, Softens and Exfoliates Extremely Dry, Callused Feet, 3oz Tube (Pack of 1)</p><p>$8.77 ($2.92 / Ounce)</p><a href="https://www.amazon.com/dp/B072VSYFNY?tag=eloabder-20&linkCode=osi&th=1&psc=1">View Product</a></div><div class="product"><a href="https://www.amazon.com/dp/B087N7QYN1?tag=eloabder-20&linkCode=osi&th=1&psc=1"><img src="https://m.media-amazon.com/images/I/41AOHWv5UaL._SL500_.jpg" alt="Product Image"></a><p>O'Keeffe's for Healthy Feet Foot Cream, Guaranteed Relief for Extremely Dry, Cracked Feet, Instantly Boosts Moisture Levels, 6.4 Ounce Jar, Value Size, (Pack of 1)</p><p>$15.09 ($2.36 / Ounce)</p><a href="https://www.amazon.com/dp/B087N7QYN1?tag=eloabder-20&linkCode=osi&th=1&psc=1">View Product</a></div><div class="product"><a href="https://www.amazon.com/dp/B07CKKQWSN?tag=eloabder-20&linkCode=osi&th=1&psc=1"><img src="https://m.media-amazon.com/images/I/513WcwplzkL._SL500_.jpg" alt="Product Image"></a><p>Profoot Heel Rescue Foot Cream 16 Ounce Bottle, 2 Pack, for Cracked, Calloused or Chapped Skin</p><p>$13.92 ($0.44 / Ounce)</p><a href="https://www.amazon.com/dp/B07CKKQWSN?tag=eloabder-20&linkCode=osi&th=1&psc=1">View Product</a></div>
<div class="product"><a href="https://www.amazon.com/dp/B0CS2XBMG5?tag=eloabder-20&linkCode=osi&th=1&psc=1"><img src="https://m.media-amazon.com/images/I/41SVGjvtkXL._SL500_.jpg" alt="Product Image"></a><p>SAVILAND Natural Cuticle Oil Pen: 12PCS Revitalizing Cuticle Oil for Nails with Vitamin E For Repair Cuticles Overnight Cuticle Softener Nail Strengthener Protector for Damaged Skin Thin Nail</p><p>$9.99 ($9.99 / Fl Oz)</p><a href="https://www.amazon.com/dp/B0CS2XBMG5?tag=eloabder-20&linkCode=osi&th=1&psc=1">View Product</a></div><div class="product"><a href="https://www.amazon.com/dp/B0037MIMLW?tag=eloabder-20&linkCode=osi&th=1&psc=1"><img src="https://m.media-amazon.com/images/I/41M3z8vrUzL._SL500_.jpg" alt="Product Image"></a><p>CND SolarOil Cuticle Oil, Natural Blend Of Jojoba, Vitamin E, Rice Bran and Sweet Almond Oils, Moisturizes and Conditions Skin, Pack Of 1, 0.25 oz.</p><p>$9.90 ($49.50 / Fl Oz)</p><a href="https://www.amazon.com/dp/B0037MIMLW?tag=eloabder-20&linkCode=osi&th=1&psc=1">View Product</a></div><div class="product"><a href="https://www.amazon.com/dp/B09K3VX6XB?tag=eloabder-20&linkCode=osi&th=1&psc=1"><img src="https://m.media-amazon.com/images/I/41KQk0SauIL._SL500_.jpg" alt="Product Image"></a><p>modelones Cuticle Oil for Nails 15ml Natural Nail Oil for Growth and Strength Damaged Nails Vitamin E Revitalizing Essential Oils Cuticle Care</p><p>$8.99 ($17.63 / Fl Oz)</p><a href="https://www.amazon.com/dp/B09K3VX6XB?tag=eloabder-20&linkCode=osi&th=1&psc=1">View Product</a></div><div class="product"><a href="https://www.amazon.com/dp/B072C4GT6P?tag=eloabder-20&linkCode=osi&th=1&psc=1"><img src="https://m.media-amazon.com/images/I/31AcTRIcNCL._SL500_.jpg" alt="Product Image"></a><p>OPI ProSpa Nail and Cuticle Oil To Go, 0.25 fl oz</p><p>$11.49 ($45.96 / Fl Oz)</p><a href="https://www.amazon.com/dp/B072C4GT6P?tag=eloabder-20&linkCode=osi&th=1&psc=1">View Product</a></div><div class="product"><a href="https://www.amazon.com/dp/B0725XWF6R?tag=eloabder-20&linkCode=osi&th=1&psc=1"><img src="https://m.media-amazon.com/images/I/3167QE6enxL._SL500_.jpg" alt="Product Image"></a><p>OPI ProSpa Nail and Cuticle Oil, 0.29 fl oz</p><p>$10.82 ($37.31 / Fl Oz)</p><a href="https://www.amazon.com/dp/B0725XWF6R?tag=eloabder-20&linkCode=osi&th=1&psc=1">View Product</a></div><div class="product"><a href="https://www.amazon.com/dp/B0CN65Q5LD?tag=eloabder-20&linkCode=osi&th=1&psc=1"><img src="https://m.media-amazon.com/images/I/41ixcyjMHNL._SL500_.jpg" alt="Product Image"></a><p>NXJ INFILILA Cuticle Oil Bulk 3.3 Fl Oz, 100Pcs Mini Cuticle Oil for Nails, Hydrating Cuticle Care Product Ttravel Size for Repaired Cuticles Overnight, Cuticle Repair and Nail Care (Milk & Honey)</p><p>$9.99 ($0.10 / Count)</p><a href="https://www.amazon.com/dp/B0CN65Q5LD?tag=eloabder-20&linkCode=osi&th=1&psc=1">View Product</a></div><div class="product"><a href="https://www.amazon.com/dp/B0B29JZ5KL?tag=eloabder-20&linkCode=osi&th=1&psc=1"><img src="https://m.media-amazon.com/images/I/41c+VvEUnZL._SL500_.jpg" alt="Product Image"></a><p>C CARE Lavender and chamomile Cuticle Oil For Nails - Repairs Cuticles Overnight - Moisturizes and Strengthens Nails and Cuticles - Dropper & Brush included - 2.5oz</p><p>$9.99 ($4.00 / Fl Oz)</p><a href="https://www.amazon.com/dp/B0B29JZ5KL?tag=eloabder-20&linkCode=osi&th=1&psc=1">View Product</a></div>
<div class="product"><a href="https://www.amazon.com/dp/B0CMHSNYG8?tag=eloabder-20&linkCode=osi&th=1&psc=1"><img src="https://m.media-amazon.com/images/I/51iVcKQ6eIL._SL500_.jpg" alt="Product Image"></a><p>JODSONE Gel Nail Set 20 Colors High Shine Gorgeous Gel Polish Base Top Matte Coat Nice Gifts Show Charm</p><p>$19.99</p><a href="https://www.amazon.com/dp/B0CMHSNYG8?tag=eloabder-20&linkCode=osi&th=1&psc=1">View Product</a></div><div class="product"><a href="https://www.amazon.com/dp/B09KC56289?tag=eloabder-20&linkCode=osi&th=1&psc=1"><img src="https://m.media-amazon.com/images/I/51M-P1nM7QL._SL500_.jpg" alt="Product Image"></a><p>JODSONE 36 PCS Gel Nail Polish Set-32 Colors Gel Polish Kit Base Coat Glossy Matte and Glitter Top Coat Nail Polish Set Green Blue Red Pink Collection Gifts for Women</p><p>$25.99</p><a href="https://www.amazon.com/dp/B09KC56289?tag=eloabder-20&linkCode=osi&th=1&psc=1">View Product</a></div><div class="product"><a href="https://www.amazon.com/dp/B0987JZSP8?tag=eloabder-20&linkCode=osi&th=1&psc=1"><img src="https://m.media-amazon.com/images/I/31VZYZfCKbL._SL500_.jpg" alt="Product Image"></a><p>OPI Nature Strong Vegan Nail Polish, Knowledge is Flower, Pink Nail Polish, Natural Origin, Cruelty-Free Nail Lacquer, 0.5 fl oz.</p><p>$12.99 ($25.98 / Fl Oz)</p><a href="https://www.amazon.com/dp/B0987JZSP8?tag=eloabder-20&linkCode=osi&th=1&psc=1">View Product</a></div><div class="product"><a href="https://www.amazon.com/dp/B00GXVVDG0?tag=eloabder-20&linkCode=osi&th=1&psc=1"><img src="https://m.media-amazon.com/images/I/21vF-y2FfJL._SL500_.jpg" alt="Product Image"></a><p>Essie Nail Polish, Salon-Quality, 8-free Vegan, Finish, Mademoiselle, 0.46 Ounces (Packaging May Vary) Sheer Pink</p><p>$8.97</p><a href="https://www.amazon.com/dp/B00GXVVDG0?tag=eloabder-20&linkCode=osi&th=1&psc=1">View Product</a></div><div class="product"><a href="https://www.amazon.com/dp/B00149RO2S?tag=eloabder-20&linkCode=osi&th=1&psc=1"><img src="https://m.media-amazon.com/images/I/411K8WtBjML._SL500_.jpg" alt="Product Image"></a><p>OPI Nail Lacquer, Black Cherry Chutney, Red Nail Polish, 0.5 fl oz</p><p>$11.99 ($23.98 / Fl Oz)</p><a href="https://www.amazon.com/dp/B00149RO2S?tag=eloabder-20&linkCode=osi&th=1&psc=1">View Product</a></div>
<div class="product"><a href="https://www.amazon.com/dp/B07TLZDSWR?tag=eloabder-20&linkCode=osi&th=1&psc=1"><img src="https://m.media-amazon.com/images/I/31lsbbYkXFL._SL500_.jpg" alt="Product Image"></a><p>Pronto 100% Pure Acetone - Quick, Professional Nail Polish Remover - For Natural, Gel, Acrylic, Sculptured Nails (8 FL. OZ.)</p><p>$9.99 ($1.25 / Fl Oz)</p><a href="https://www.amazon.com/dp/B07TLZDSWR?tag=eloabder-20&linkCode=osi&th=1&psc=1">View Product</a></div><div class="product"><a href="https://www.amazon.com/dp/B08N2XBP1D?tag=eloabder-20&linkCode=osi&th=1&psc=1"><img src="https://m.media-amazon.com/images/I/41SDa89WDxL._SL500_.jpg" alt="Product Image"></a><p>Mineral Fusion Nail Polish Remover, 6 fl oz, 2 count</p><p>$16.50</p><a href="https://www.amazon.com/dp/B08N2XBP1D?tag=eloabder-20&linkCode=osi&th=1&psc=1">View Product</a></div><div class="product"><a href="https://www.amazon.com/dp/B004KJ7AGE?tag=eloabder-20&linkCode=osi&th=1&psc=1"><img src="https://m.media-amazon.com/images/I/41jL3jJJEEL._SL500_.jpg" alt="Product Image"></a><p>Super Nail Pure Acetone Polish Remover, 8 Fl Oz</p><p>$6.25</p><a href="https://www.amazon.com/dp/B004KJ7AGE?tag=eloabder-20&linkCode=osi&th=1&psc=1">View Product</a></div><div class="product"><a href="https://www.amazon.com/dp/B0CQLWZGQC?tag=eloabder-20&linkCode=osi&th=1&psc=1"><img src="https://m.media-amazon.com/images/I/51RNLfN+X4L._SL500_.jpg" alt="Product Image"></a><p>Morovan Gel Nail Polish Remover Kit: Gel Polish Remover for Nails with Liquid Latex Tape Peel off Nail Strengthener Cuticle Pusher Quick & Easy Gel Remover for Nails in 3-5 mins No Soaking Or Wrapping</p><p>$9.99</p><a href="https://www.amazon.com/dp/B0CQLWZGQC?tag=eloabder-20&linkCode=osi&th=1&psc=1">View Product</a></div><div class="product"><a href="https://www.amazon.com/dp/B09Z2V94LY?tag=eloabder-20&linkCode=osi&th=1&psc=1"><img src="https://m.media-amazon.com/images/I/41aI3wwnE3L._SL500_.jpg" alt="Product Image"></a><p>Gel Nail Polish Remover 1pcs, Professional Gel Polish Remover for Nails, No Need for Foil, Quick & Easy Polish Remover In 2-3 Minutes, No Need Soaking Or Wrapping-15ml</p><p>$9.99</p><a href="https://www.amazon.com/dp/B09Z2V94LY?tag=eloabder-20&linkCode=osi&th=1&psc=1">View Product</a></div><div class="product"><a href="https://www.amazon.com/dp/B07STW4VR3?tag=eloabder-20&linkCode=osi&th=1&psc=1"><img src="https://m.media-amazon.com/images/I/41H-8Xsu7OL._SL500_.jpg" alt="Product Image"></a><p>Butter LONDON Nail Polish Remover Pads, Nail Scrubbers (10 Count) - 2-in-1 Prep & Lacquer Remover Nail Wipes - Travel-Friendly Gel Fingernail Polish Remover - Cruelty-Free, Paraben-Free & Gluten-Free</p><p>$10.00 ($1.00 / Count)</p><a href="https://www.amazon.com/dp/B07STW4VR3?tag=eloabder-20&linkCode=osi&th=1&psc=1">View Product</a></div><div class="product"><a href="https://www.amazon.com/dp/B001DTZK0C?tag=eloabder-20&linkCode=osi&th=1&psc=1"><img src="https://m.media-amazon.com/images/I/31H2xmoYh2L._SL500_.jpg" alt="Product Image"></a><p>ZOYA Remove Plus 3 in 1 Formula - Liquid Polish Remover, Nail Cleaner, Nail Prep, 8 Fl Oz</p><p>$12.00 ($1.50 / Fl Oz)</p><a href="https://www.amazon.com/dp/B001DTZK0C?tag=eloabder-20&linkCode=osi&th=1&psc=1">View Product</a></div>
<div class="product"><a href="https://www.amazon.com/dp/B07F12SZDS?tag=eloabder-20&linkCode=osi&th=1&psc=1"><img src="https://m.media-amazon.com/images/I/415-o2OwWqL._SL500_.jpg" alt="Product Image"></a><p>Beetles 2 Pcs 15ml No Wipe Gel Top Coat and Base Coat Set - Shine Finish and Long Lasting, Soak Off LED Nail Lamp Gel Base Top Coat Finish Nail Art Design Manicure Gifts for Women</p><p>$7.99</p><a href="https://www.amazon.com/dp/B07F12SZDS?tag=eloabder-20&linkCode=osi&th=1&psc=1">View Product</a></div><div class="product"><a href="https://www.amazon.com/dp/B004220C6E?tag=eloabder-20&linkCode=osi&th=1&psc=1"><img src="https://m.media-amazon.com/images/I/41UDx4gfvEL._SL500_.jpg" alt="Product Image"></a><p>OPI Natural Nail Base Coat, Nail Polish Base Coat, 0.5 fl oz</p><p>$11.99 ($23.98 / Fl Oz)</p><a href="https://www.amazon.com/dp/B004220C6E?tag=eloabder-20&linkCode=osi&th=1&psc=1">View Product</a></div><div class="product"><a href="https://www.amazon.com/dp/B07KYNY7C4?tag=eloabder-20&linkCode=osi&th=1&psc=1"><img src="https://m.media-amazon.com/images/I/41nRG35oupL._SL500_.jpg" alt="Product Image"></a><p>essie nail care, vegan, clear base coat, strengthener, Strong Start, 0.46 fl oz</p><p>$9.28</p><a href="https://www.amazon.com/dp/B07KYNY7C4?tag=eloabder-20&linkCode=osi&th=1&psc=1">View Product</a></div><div class="product"><a href="https://www.amazon.com/dp/B0BX77172B?tag=eloabder-20&linkCode=osi&th=1&psc=1"><img src="https://m.media-amazon.com/images/I/41NS6hYFFYL._SL500_.jpg" alt="Product Image"></a><p>beetles Gel Polish Gel No Wipe Base Coat,15ml for Gel Nail Polish Soak Off LED Nail Lamp Gel Base Coat Upgraded Formula Long-Lasting DIY Home and Nail Salon</p><p>$6.99 ($13.71 / Fl Oz)</p><a href="https://www.amazon.com/dp/B0BX77172B?tag=eloabder-20&linkCode=osi&th=1&psc=1">View Product</a></div><div class="product"><a href="https://www.amazon.com/dp/B0BD4MMFVM?tag=eloabder-20&linkCode=osi&th=1&psc=1"><img src="https://m.media-amazon.com/images/I/414wIShbm+L._SL500_.jpg" alt="Product Image"></a><p>GAOY 16ml 2 Pcs Glassy Gel Top Coat and Base Coat Set,No Wipe Foundation Combination for UV Light Cure Nail Polish</p><p>$6.99</p><a href="https://www.amazon.com/dp/B0BD4MMFVM?tag=eloabder-20&linkCode=osi&th=1&psc=1">View Product</a></div><div class="product"><a href="https://www.amazon.com/dp/B08Z7JSXQ1?tag=eloabder-20&linkCode=osi&th=1&psc=1"><img src="https://m.media-amazon.com/images/I/41+02CKnU7L._SL500_.jpg" alt="Product Image"></a><p>modelones 2024 Upgrade Super Shiny Gel Top Coat, 15ml No Wipe Clear Glossy Gel Base and Top Coat Set, Soak Off Nail Lamp Acid Free Base Top Gel Nail Polish Starter Kit</p><p>$6.35</p><a href="https://www.amazon.com/dp/B08Z7JSXQ1?tag=eloabder-20&linkCode=osi&th=1&psc=1">View Product</a></div><div class="product"><a href="https://www.amazon.com/dp/B00770JW9Q?tag=eloabder-20&linkCode=osi&th=1&psc=1"><img src="https://m.media-amazon.com/images/I/41l5O38NktL._SL500_.jpg" alt="Product Image"></a><p>Seche Clear and Seche Vite, Base Coat and Top Coat for Nail Polish</p><p>$9.99</p><a href="https://www.amazon.com/dp/B00770JW9Q?tag=eloabder-20&linkCode=osi&th=1&psc=1">View Product</a></div><div class="product"><a href="https://www.amazon.com/dp/B07FXR67KP?tag=eloabder-20&linkCode=osi&th=1&psc=1"><img src="https://m.media-amazon.com/images/I/41TDlHtLVPL._SL500_.jpg" alt="Product Image"></a><p>Vishine 15ml No Wipe Top Coat Base Coat Soak off UV LED Drying Long Lasting Shiny Nail Varnish Set</p><p>$8.99</p><a href="https://www.amazon.com/dp/B07FXR67KP?tag=eloabder-20&linkCode=osi&th=1&psc=1">View Product</a></div><div class="product"><a href="https://www.amazon.com/dp/B000VUT39S?tag=eloabder-20&linkCode=osi&th=1&psc=1"><img src="https://m.media-amazon.com/images/I/31XB8+yUKnL._SL500_.jpg" alt="Product Image"></a><p>Orly Base Nail Coat, Bonder, 0.6 Ounce</p><p>$8.00 ($13.33 / Fl Oz)</p><a href="https://www.amazon.com/dp/B000VUT39S?tag=eloabder-20&linkCode=osi&th=1&psc=1">View Product</a></div>
<div class="product"><a href="https://www.amazon.com/dp/B08VZ6VSJ5?tag=eloabder-20&linkCode=osi&th=1&psc=1"><img src="https://m.media-amazon.com/images/I/317piUMa1pL._SL500_.jpg" alt="Product Image"></a><p>KUPA GelFinity - Soak Off Gel - Top Coat Glossy Finish (No-Wipe) 0.5 Fl Oz</p><p>$7.79 ($15.58 / Fl Oz)</p><a href="https://www.amazon.com/dp/B08VZ6VSJ5?tag=eloabder-20&linkCode=osi&th=1&psc=1">View Product</a></div><div class="product"><a href="https://www.amazon.com/dp/B0CHBB9S4J?tag=eloabder-20&linkCode=osi&th=1&psc=1"><img src="https://m.media-amazon.com/images/I/41qRu1votRL._SL500_.jpg" alt="Product Image"></a><p>beetles Gel Polish 2Pcs 15ml No Wipe Top Coat High Gloss Shiny Long-Lasting Clear Gel Top Coat, Soak Off Nail Lamp Nail Gel, Home DIY Professional Manicure and Nail Salon</p><p>$9.98 ($9.78 / Fl Oz)</p><a href="https://www.amazon.com/dp/B0CHBB9S4J?tag=eloabder-20&linkCode=osi&th=1&psc=1">View Product</a></div><div class="product"><a href="https://www.amazon.com/dp/B07FG7ZVFF?tag=eloabder-20&linkCode=osi&th=1&psc=1"><img src="https://m.media-amazon.com/images/I/41zWBPeG5RL._SL500_.jpg" alt="Product Image"></a><p>beetles Gel Polish No Wipe Gel Top Coat - Clear Color Gel Shine Finish and Long Lasting, Soak Off Nail Lamp Gel, 15ml Gift for Girls</p><p>$6.99 ($13.71 / Fl Oz)</p><a href="https://www.amazon.com/dp/B07FG7ZVFF?tag=eloabder-20&linkCode=osi&th=1&psc=1">View Product</a></div><div class="product"><a href="https://www.amazon.com/dp/B08J9WZB29?tag=eloabder-20&linkCode=osi&th=1&psc=1"><img src="https://m.media-amazon.com/images/I/31WQqYx1BLL._SL500_.jpg" alt="Product Image"></a><p>Vishine Top Coat- 15ML No Wipe Top Coat Gel Nail Polish High Gloss Shine Finish Long Lasting Home DIY Professional Manicure</p><p>$6.99 ($13.98 / Fl Oz)</p><a href="https://www.amazon.com/dp/B08J9WZB29?tag=eloabder-20&linkCode=osi&th=1&psc=1">View Product</a></div><div class="product"><a href="https://www.amazon.com/dp/B00178VX50?tag=eloabder-20&linkCode=osi&th=1&psc=1"><img src="https://m.media-amazon.com/images/I/31MWdGSTydL._SL500_.jpg" alt="Product Image"></a><p>OPI Top Coat, Protective High Gloss Shine Nail Polish Top Coat, 0.5 fl oz</p><p>$11.99 ($0.80 / millilitre)</p><a href="https://www.amazon.com/dp/B00178VX50?tag=eloabder-20&linkCode=osi&th=1&psc=1">View Product</a></div><div class="product"><a href="https://www.amazon.com/dp/B00150LT40?tag=eloabder-20&linkCode=osi&th=1&psc=1"><img src="https://m.media-amazon.com/images/I/410pKBFvS9L._SL500_.jpg" alt="Product Image"></a><p>Seche Vite Dry Fast Top Coat - .5 fl oz</p><p>$7.05</p><a href="https://www.amazon.com/dp/B00150LT40?tag=eloabder-20&linkCode=osi&th=1&psc=1">View Product</a></div>
<div class="product"><a href="https://www.amazon.com/dp/B000052WZD?tag=eloabder-20&linkCode=osi&th=1&psc=1"><img src="https://m.media-amazon.com/images/I/31neIP1eUnL._SL500_.jpg" alt="Product Image"></a><p>Trim Nail Files, 2 Count – Dual-Sided Nail Board with 280/320 Grit – Cushioned, Easy Grip for Comfortable Use – Emery Boards for Smoothing & Finishing Nails</p><p>$1.89 ($0.94 / Count)</p><a href="https://www.amazon.com/dp/B000052WZD?tag=eloabder-20&linkCode=osi&th=1&psc=1">View Product</a></div><div class="product"><a href="https://www.amazon.com/dp/B007242LWC?tag=eloabder-20&linkCode=osi&th=1&psc=1"><img src="https://m.media-amazon.com/images/I/41+E1EwskpS._SL500_.jpg" alt="Product Image"></a><p>3 Swords Germany - Brand Quality Double Sided (fine & coarse) Sapphire Metal Pocket Nail File (1 Piece), Made in Solingen Germany</p><p>$9.95</p><a href="https://www.amazon.com/dp/B007242LWC?tag=eloabder-20&linkCode=osi&th=1&psc=1">View Product</a></div><div class="product"><a href="https://www.amazon.com/dp/B0017KCQ2W?tag=eloabder-20&linkCode=osi&th=1&psc=1"><img src="https://m.media-amazon.com/images/I/21bzfUjSMwL._SL500_.jpg" alt="Product Image"></a><p>Revlon Nail Buffer, Gifts for Women, Stocking Stuffers, Shape 'N' Buff Nail File & Buffer, Nail Care Tool, All-in-One Shaping & Buffing, Easy to Use (Pack of 1)</p><p>$3.76</p><a href="https://www.amazon.com/dp/B0017KCQ2W?tag=eloabder-20&linkCode=osi&th=1&psc=1">View Product</a></div>
<div class="product"><a href="https://www.amazon.com/dp/B07M5RNH4Z?tag=eloabder-20&linkCode=osi&th=1&psc=1"><img src="https://m.media-amazon.com/images/I/41VsLZvsbKL._SL500_.jpg" alt="Product Image"></a><p>HAWATOUR Nail Clippers Set, Ultra Sharp Sturdy Fingernail and Toenail Clipper Cutters with Visibly Tin Case, Black</p><p>$9.97</p><a href="https://www.amazon.com/dp/B07M5RNH4Z?tag=eloabder-20&linkCode=osi&th=1&psc=1">View Product</a></div><div class="product"><a href="https://www.amazon.com/dp/B0015HKN3G?tag=eloabder-20&linkCode=osi&th=1&psc=1"><img src="https://m.media-amazon.com/images/I/31Y23jebqxL._SL500_.jpg" alt="Product Image"></a><p>Revlon Nail Clipper, Gifts for Men & Women, Stocking Stuffers, Nail Care Tools, Curved Blade & Foldaway Nail File for Trimming & Grooming, Easy to Use (Pack of 1)</p><p>$2.98</p><a href="https://www.amazon.com/dp/B0015HKN3G?tag=eloabder-20&linkCode=osi&th=1&psc=1">View Product</a></div><div class="product"><a href="https://www.amazon.com/dp/B00CRMHEJE?tag=eloabder-20&linkCode=osi&th=1&psc=1"><img src="https://m.media-amazon.com/images/I/41UM1wHFbiL._SL500_.jpg" alt="Product Image"></a><p>Tweezerman Stainless Steel Nail Combo Set with Fingernail and Toenail Clippers</p><p>$11.98</p><a href="https://www.amazon.com/dp/B00CRMHEJE?tag=eloabder-20&linkCode=osi&th=1&psc=1">View Product</a></div><div class="product"><a href="https://www.amazon.com/dp/B09VPM99J8?tag=eloabder-20&linkCode=osi&th=1&psc=1"><img src="https://m.media-amazon.com/images/I/31t5pEdSClL._SL500_.jpg" alt="Product Image"></a><p>Amazon Basics Nail Clippers 2-Pack, Black</p><p>$5.18</p><a href="https://www.amazon.com/dp/B09VPM99J8?tag=eloabder-20&linkCode=osi&th=1&psc=1">View Product</a></div><div class="product"><a href="https://www.amazon.com/dp/B004NZDY42?tag=eloabder-20&linkCode=osi&th=1&psc=1"><img src="https://m.media-amazon.com/images/I/31ehL-AtFBL._SL500_.jpg" alt="Product Image"></a><p>Revlon Mini Nail Clipper, Nail Care Tools, Curved Blade for Trimming & Grooming, Easy to Use (Pack of 1)</p><p>$2.98</p><a href="https://www.amazon.com/dp/B004NZDY42?tag=eloabder-20&linkCode=osi&th=1&psc=1">View Product</a></div>

<div class="product"><a href="https://www.amazon.com/dp/B0037O2J7I?tag=eloabder-20&linkCode=osi&th=1&psc=1"><img src="https://m.media-amazon.com/images/I/31fwHgXkJ7L._SL500_.jpg" alt="Product Image"></a><p>4 Way Shiny Block / 4 Step Buffing Block Shine Nail Buffer</p><p>$3.99 ($3.99 / Count)</p><a href="https://www.amazon.com/dp/B0037O2J7I?tag=eloabder-20&linkCode=osi&th=1&psc=1">View Product</a></div>

<div class="product"><a href="https://www.amazon.com/dp/B0BRRLF5N6?tag=eloabder-20&linkCode=osi&th=1&psc=1"><img src="https://m.media-amazon.com/images/I/51YW58bcDsL._SL500_.jpg" alt="Product Image"></a><p>Foot Soak Set Pedicure Kit Foot Spa Callus Remover for Feet Cuticle Remover Foot File for Dead Skin Pink Salt Urea Cream for Feet Aloe Lavender Pedicure Supplies Dry Cracked Feet for Women Men</p><p>$15.99</p><a href="https://www.amazon.com/dp/B0BRRLF5N6?tag=eloabder-20&linkCode=osi&th=1&psc=1">View Product</a></div><div class="product"><a href="https://www.amazon.com/dp/B09JWMBYJN?tag=eloabder-20&linkCode=osi&th=1&psc=1"><img src="https://m.media-amazon.com/images/I/51FgTeeSJKL._SL500_.jpg" alt="Product Image"></a><p>nbc BeautiLab Pedicure Kit Foot Soak Set: Bubble Salt, Sugar Scrub, Massage Mask, Massage Lotion in a Box, 4 Step Foot Spa Kit for Dry Feet, Softens Calluses, Tired Feet（3 Set Lavender)</p><p>$16.99 ($1.42 / Ounce)</p><a href="https://www.amazon.com/dp/B09JWMBYJN?tag=eloabder-20&linkCode=osi&th=1&psc=1">View Product</a></div>
<div class="product"><a href="https://www.amazon.com/dp/B07BHCB9Y2?tag=eloabder-20&linkCode=osi&th=1&psc=1"><img src="https://m.media-amazon.com/images/I/51V47D7WZ1L._SL500_.jpg" alt="Product Image"></a><p>PURA D'OR Anti-Thinning Biotin Shampoo & Deep Moisturizing Conditioner Original Gold Label Set (16Oz x2) Natural Earthy Scent, Clinically Tested Proven Results, DHT Blocker Thickening, For Women & Men</p><p>$39.99 ($1.25 / Fl Oz)</p><a href="https://www.amazon.com/dp/B07BHCB9Y2?tag=eloabder-20&linkCode=osi&th=1&psc=1">View Product</a></div><div class="product"><a href="https://www.amazon.com/dp/B07N7MWX72?tag=eloabder-20&linkCode=osi&th=1&psc=1"><img src="https://m.media-amazon.com/images/I/414aNTDFuRL._SL500_.jpg" alt="Product Image"></a><p>Mielle Organics Rosemary Mint Strengthening Shampoo Infused with Biotin, Cleanses and Helps Strengthen Weak and Brittle Hair, 12 Ounces</p><p>$9.97 ($0.83 / Fl Oz)</p><a href="https://www.amazon.com/dp/B07N7MWX72?tag=eloabder-20&linkCode=osi&th=1&psc=1">View Product</a></div><div class="product"><a href="https://www.amazon.com/dp/B08SSM21R4?tag=eloabder-20&linkCode=osi&th=1&psc=1"><img src="https://m.media-amazon.com/images/I/31WbRm+ZKEL._SL500_.jpg" alt="Product Image"></a><p>Redken All Soft Shampoo | Deeply Moisturizes and Hydrates | Softens, Smooths, and Adds Shine | Safe for Color-Treated Hair | Nourishing Shampoo for Dry Hair | With Argan Oil</p><p>$26.00 ($2.57 / Fl Oz)</p><a href="https://www.amazon.com/dp/B08SSM21R4?tag=eloabder-20&linkCode=osi&th=1&psc=1">View Product</a></div><div class="product"><a href="https://www.amazon.com/dp/B00ADRH2OM?tag=eloabder-20&linkCode=osi&th=1&psc=1"><img src="https://m.media-amazon.com/images/I/413WPcPNDbL._SL500_.jpg" alt="Product Image"></a><p>OGX Thick & Full + Biotin & Collagen Volumizing Shampoo, Nutrient-Infused Hair Shampoo with Vitamin B7 Biotin Gives Hair Volume & Body for 72+ Hours, Sulfate-Free Surfactants, 13 fl. oz</p><p>$6.97 ($0.54 / Fl Oz)</p><a href="https://www.amazon.com/dp/B00ADRH2OM?tag=eloabder-20&linkCode=osi&th=1&psc=1">View Product</a></div><div class="product"><a href="https://www.amazon.com/dp/B01ENCBOA0?tag=eloabder-20&linkCode=osi&th=1&psc=1"><img src="https://m.media-amazon.com/images/I/41wcbs9bSAL._SL500_.jpg" alt="Product Image"></a><p>Rosemary and Biotin Shampoo for Thinning Hair - Vegan Volumizing Shampoo for Fine Hair with Argan and Tea Tree Oil - Paraben Silicone and Sulfate Free Shampoo for Dry Damaged Weak and Thin Hair Care</p><p>$12.95 ($1.62 / Fl Oz)</p><a href="https://www.amazon.com/dp/B01ENCBOA0?tag=eloabder-20&linkCode=osi&th=1&psc=1">View Product</a></div><div class="product"><a href="https://www.amazon.com/dp/B00FH692PQ?tag=eloabder-20&linkCode=osi&th=1&psc=1"><img src="https://m.media-amazon.com/images/I/41Sqc25WpzL._SL500_.jpg" alt="Product Image"></a><p>PURA D'OR Original Gold Label Anti-Thinning Biotin Shampoo Natural Earthy Scent, Clinically Tested Proven Results, Herbal DHT Blocker Hair Thickening Products For Women & Men, Color Treated Hair, 16oz</p><p>$29.99 ($1.87 / Fl Oz)</p><a href="https://www.amazon.com/dp/B00FH692PQ?tag=eloabder-20&linkCode=osi&th=1&psc=1">View Product</a></div><div class="product"><a href="https://www.amazon.com/dp/B07D37PQGL?tag=eloabder-20&linkCode=osi&th=1&psc=1"><img src="https://m.media-amazon.com/images/I/31+tZhs5TNL._SL500_.jpg" alt="Product Image"></a><p>Olaplex No. 4 Bond Maintenance Shampoo, Repairs, Strengthens, & Nourishes All Hair Types, Adds Shine & Leaves Hair Feeling Soft, 8.5 fl oz</p><p>$30.00 ($3.53 / Fl Oz)</p><a href="https://www.amazon.com/dp/B07D37PQGL?tag=eloabder-20&linkCode=osi&th=1&psc=1">View Product</a></div><div class="product"><a href="https://www.amazon.com/dp/B07525QJC8?tag=eloabder-20&linkCode=osi&th=1&psc=1"><img src="https://m.media-amazon.com/images/I/31Zl6Upjq4S._SL500_.jpg" alt="Product Image"></a><p>L'Oreal Paris Elvive Total Repair 5 Repairing Shampoo for Damaged Hair Shampoo with Protein and Ceramide for Strong Silky Shiny Healthy Renewed Hair 28 Fl Oz</p><p>$7.68 ($0.27 / Fl Oz)</p><a href="https://www.amazon.com/dp/B07525QJC8?tag=eloabder-20&linkCode=osi&th=1&psc=1">View Product</a></div><div class="product"><a href="https://www.amazon.com/dp/B0098QPV3I?tag=eloabder-20&linkCode=osi&th=1&psc=1"><img src="https://m.media-amazon.com/images/I/31OzU+ogltL._SL500_.jpg" alt="Product Image"></a><p>Moroccanoil Hydrating Shampoo, 8.5 Fl. Oz.</p><p>$26.00 ($3.06 / Fl Oz)</p><a href="https://www.amazon.com/dp/B0098QPV3I?tag=eloabder-20&linkCode=osi&th=1&psc=1">View Product</a></div><div class="product"><a href="https://www.amazon.com/dp/B07HMK15G9?tag=eloabder-20&linkCode=osi&th=1&psc=1"><img src="https://m.media-amazon.com/images/I/31Tdk9qdj7L._SL500_.jpg" alt="Product Image"></a><p>Aveeno Fresh Greens Blend Natural Volumizing Shampoo, Cucumber, Rosemary, for Fine Hair, 12 fl oz</p><p>$8.12 ($0.68 / Ounce)</p><a href="https://www.amazon.com/dp/B07HMK15G9?tag=eloabder-20&linkCode=osi&th=1&psc=1">View Product</a></div>
<div class="product"><a href="https://www.amazon.com/dp/B0752CBW5T?tag=eloabder-20&linkCode=osi&th=1&psc=1"><img src="https://m.media-amazon.com/images/I/31-KMa7LAlS._SL500_.jpg" alt="Product Image"></a><p>L'Oreal Paris Elvive Total Repair 5 Repairing Conditioner for Damaged Hair Conditioner with Protein and Ceramide for Strong Silky Shiny Healthy Renewed Hair 28 Fl Oz</p><p>$8.49 ($0.30 / Fl Oz)</p><a href="https://www.amazon.com/dp/B0752CBW5T?tag=eloabder-20&linkCode=osi&th=1&psc=1">View Product</a></div><div class="product"><a href="https://www.amazon.com/dp/B07CLD17F5?tag=eloabder-20&linkCode=osi&th=1&psc=1"><img src="https://m.media-amazon.com/images/I/61hTHQjDOkL._SL500_.jpg" alt="Product Image"></a><p>Dove Ultra Care Conditioner Coconut & Hydration for Dry Hair Conditioner with Coconut Oil, Jojoba Oil & Sweet Almond Oil 25.4 oz</p><p>$7.49 ($0.29 / Fl Oz)</p><a href="https://www.amazon.com/dp/B07CLD17F5?tag=eloabder-20&linkCode=osi&th=1&psc=1">View Product</a></div><div class="product"><a href="https://www.amazon.com/dp/B0098QQ88U?tag=eloabder-20&linkCode=osi&th=1&psc=1"><img src="https://m.media-amazon.com/images/I/31kA4N9VngL._SL500_.jpg" alt="Product Image"></a><p>Moroccanoil Hydrating Conditioner, 8.5 Fl Oz</p><p>$26.00 ($3.10 / Fl Oz)</p><a href="https://www.amazon.com/dp/B0098QQ88U?tag=eloabder-20&linkCode=osi&th=1&psc=1">View Product</a></div><div class="product"><a href="https://www.amazon.com/dp/B07D37SBHF?tag=eloabder-20&linkCode=osi&th=1&psc=1"><img src="https://m.media-amazon.com/images/I/31ivDW-ouZL._SL500_.jpg" alt="Product Image"></a><p>Olaplex No. 5 Bond Maintenance Conditioner, Repairs, Strengthens, & Nourishes All Hair Types, Leaving Hair Feeling Soft & Adds Shine, 8.5 fl oz"</p><p>$30.00 ($3.53 / Fl Oz)</p><a href="https://www.amazon.com/dp/B07D37SBHF?tag=eloabder-20&linkCode=osi&th=1&psc=1">View Product</a></div><div class="product"><a href="https://www.amazon.com/dp/B07NR2B9HS?tag=eloabder-20&linkCode=osi&th=1&psc=1"><img src="https://m.media-amazon.com/images/I/51pWHfe9iNL._SL500_.jpg" alt="Product Image"></a><p>Aussie 3 Minute Miracle Moist Deep Conditioner for Dry Hair, Avocado & Jojoba Oil, Safe for Color Treated Hair, Nourishing Hydration, Silky Shine, Paraben-Free, 16 Fl Oz Each, Triple Pack</p><p>$20.97 ($0.44 / Fl Oz)</p><a href="https://www.amazon.com/dp/B07NR2B9HS?tag=eloabder-20&linkCode=osi&th=1&psc=1">View Product</a></div><div class="product"><a href="https://www.amazon.com/dp/B0891BBRHW?tag=eloabder-20&linkCode=osi&th=1&psc=1"><img src="https://m.media-amazon.com/images/I/31ndDwe7VSL._SL500_.jpg" alt="Product Image"></a><p>Pureology Hydrate Moisturizing Conditioner | Softens and Deeply Hydrates Dry Hair | For Medium to Thick Color Treated or Natural Hair | Sulfate Free Conditioner | Vegan</p><p>$37.00 ($4.11 / Fl Oz)</p><a href="https://www.amazon.com/dp/B0891BBRHW?tag=eloabder-20&linkCode=osi&th=1&psc=1">View Product</a></div><div class="product"><a href="https://www.amazon.com/dp/B00I32AN4K?tag=eloabder-20&linkCode=osi&th=1&psc=1"><img src="https://m.media-amazon.com/images/I/51KpmxinYYL._SL500_.jpg" alt="Product Image"></a><p>Arvazallia Hydrating Argan Oil Hair Mask and Deep Conditioner for Dry or Damaged Hair - 8.45 Oz</p><p>$12.95 ($1.53 / Fl Oz)</p><a href="https://www.amazon.com/dp/B00I32AN4K?tag=eloabder-20&linkCode=osi&th=1&psc=1">View Product</a></div><div class="product"><a href="https://www.amazon.com/dp/B092PVHFL3?tag=eloabder-20&linkCode=osi&th=1&psc=1"><img src="https://m.media-amazon.com/images/I/31v45qQhKOL._SL500_.jpg" alt="Product Image"></a><p>MONDAY HAIRCARE Moisture Conditioner 12oz for Dry, Coarse, Stressed, Coily and Curly Hair, Made from Coconut Oil, Rice Protein, Shea Butter, & Vitamin E, 100% Recyclable Bottles (350ml) (10434)</p><p>$6.97 ($0.58 / Fl Oz)</p><a href="https://www.amazon.com/dp/B092PVHFL3?tag=eloabder-20&linkCode=osi&th=1&psc=1">View Product</a></div><div class="product"><a href="https://www.amazon.com/dp/B00OVQO66S?tag=eloabder-20&linkCode=osi&th=1&psc=1"><img src="https://m.media-amazon.com/images/I/61S7x6GUaFL._SL500_.jpg" alt="Product Image"></a><p>SheaMoisture Conditioner Intensive Hydration for Dry, Damaged Hair Manuka Honey and Mafura Oil to Nourish and Soften Hair 13 oz</p><p>$9.68 ($0.74 / Fl Oz)</p><a href="https://www.amazon.com/dp/B00OVQO66S?tag=eloabder-20&linkCode=osi&th=1&psc=1">View Product</a></div><div class="product"><a href="https://www.amazon.com/dp/B08BTKN3P9?tag=eloabder-20&linkCode=osi&th=1&psc=1"><img src="https://m.media-amazon.com/images/I/41sjzOJHhiL._SL500_.jpg" alt="Product Image"></a><p>TRESemmé Conditioner Moisture Rich 3 Count for Dry Hair Professional Quality Salon-Healthy Look and Shine Moisture Rich Formulated with Vitamin E and Biotin 28 oz</p><p>$16.80 ($0.20 / Fl Oz)</p><a href="https://www.amazon.com/dp/B08BTKN3P9?tag=eloabder-20&linkCode=osi&th=1&psc=1">View Product</a></div>
<div class="product"><a href="https://www.amazon.com/dp/B01I2ZQJSG?tag=eloabder-20&linkCode=osi&th=1&psc=1"><img src="https://m.media-amazon.com/images/I/41ctrFUeQAL._SL500_.jpg" alt="Product Image"></a><p>Elizavecca cer-100 collagen coating hair protein treatment 100ml</p><p>$7.40 ($2.19 / Fl Oz)</p><a href="https://www.amazon.com/dp/B01I2ZQJSG?tag=eloabder-20&linkCode=osi&th=1&psc=1">View Product</a></div><div class="product"><a href="https://www.amazon.com/dp/B07H3GBSC3?tag=eloabder-20&linkCode=osi&th=1&psc=1"><img src="https://m.media-amazon.com/images/I/41I862UzKRL._SL500_.jpg" alt="Product Image"></a><p>amika soulfood nourishing Mask, 8 Fl oz</p><p>$34.00 ($4.25 / Fl Oz)</p><a href="https://www.amazon.com/dp/B07H3GBSC3?tag=eloabder-20&linkCode=osi&th=1&psc=1">View Product</a></div><div class="product"><a href="https://www.amazon.com/dp/B075L6BL61?tag=eloabder-20&linkCode=osi&th=1&psc=1"><img src="https://m.media-amazon.com/images/I/41zCFV7oGTL._SL500_.jpg" alt="Product Image"></a><p>Karseell Collagen Hair Treatment Deep Repair Conditioning Argan Oil Collagen Hair Mask Essence for Dry Damaged Hair All Hair Types 16.90 oz 500ml</p><p>$23.00 ($1.36 / Fl Oz)</p><a href="https://www.amazon.com/dp/B075L6BL61?tag=eloabder-20&linkCode=osi&th=1&psc=1">View Product</a></div><div class="product"><a href="https://www.amazon.com/dp/B07N7NBYSP?tag=eloabder-20&linkCode=osi&th=1&psc=1"><img src="https://m.media-amazon.com/images/I/515lD0OXQ+L._SL500_.jpg" alt="Product Image"></a><p>Mielle Organics Rosemary Mint Strengthening Hair Masque, Essential Oil & Biotin Deep Treatment, Miracle Repair for Dry, Damaged, & Frizzy Hair, 12 Ounces</p><p>$9.97 ($0.83 / Ounce)</p><a href="https://www.amazon.com/dp/B07N7NBYSP?tag=eloabder-20&linkCode=osi&th=1&psc=1">View Product</a></div><div class="product"><a href="https://www.amazon.com/dp/B0BQ54DQNM?tag=eloabder-20&linkCode=osi&th=1&psc=1"><img src="https://m.media-amazon.com/images/I/41uhtWPJeuL._SL500_.jpg" alt="Product Image"></a><p>Eva NYC Therapy Session Hair Mask, Deep Conditioning Hair Mask Infused with Argan Oil and Plant Protein, 16.9 fl oz</p><p>$19.00 ($1.12 / Fl Oz)</p><a href="https://www.amazon.com/dp/B0BQ54DQNM?tag=eloabder-20&linkCode=osi&th=1&psc=1">View Product</a></div><div class="product"><a href="https://www.amazon.com/dp/B09HR5KSR8?tag=eloabder-20&linkCode=osi&th=1&psc=1"><img src="https://m.media-amazon.com/images/I/51aIw6AhsXL._SL500_.jpg" alt="Product Image"></a><p>K18 Mini Leave-In Molecular Hair Mask, Repairs Dry or Damaged Hair, Reverse Hair Damage from Bleach, Color, Chemical Services & Heat, 0.51 Fl Oz</p><p>$29.00 ($56.86 / Fl Oz)</p><a href="https://www.amazon.com/dp/B09HR5KSR8?tag=eloabder-20&linkCode=osi&th=1&psc=1">View Product</a></div><div class="product"><a href="https://www.amazon.com/dp/B07M7PP9KX?tag=eloabder-20&linkCode=osi&th=1&psc=1"><img src="https://m.media-amazon.com/images/I/41Mpv3wIxEL._SL500_.jpg" alt="Product Image"></a><p>Marc Anthony Grow Long Hair Anti-Breakage Mask, 10.4 OZ</p><p>$8.99 ($0.90 / Fl Oz)</p><a href="https://www.amazon.com/dp/B07M7PP9KX?tag=eloabder-20&linkCode=osi&th=1&psc=1">View Product</a></div>
<div class="product"><a href="https://www.amazon.com/dp/B00BC3YL2W?tag=eloabder-20&linkCode=osi&th=1&psc=1"><img src="https://m.media-amazon.com/images/I/31OKo9u6V4L._SL500_.jpg" alt="Product Image"></a><p>HerStyler Hair Repair Serum - Argan Oil, Vitamin E and Aloe Vera Hair Serum for Frizz Control, Shine and Straightening - Coz Love is in the Hair - 2 Fl. Oz., 60 Ml</p><p>$9.99 ($5.00 / Fl Oz)</p><a href="https://www.amazon.com/dp/B00BC3YL2W?tag=eloabder-20&linkCode=osi&th=1&psc=1">View Product</a></div><div class="product"><a href="https://www.amazon.com/dp/B08N9L6C93?tag=eloabder-20&linkCode=osi&th=1&psc=1"><img src="https://m.media-amazon.com/images/I/3184fIylDmL._SL500_.jpg" alt="Product Image"></a><p>Paul Mitchell Super Skinny Serum, Speeds Up Drying Time, Humidity Resistant, For Frizzy Hair, 5.1 fl. oz.</p><p>$28.50 ($5.59 / Fl Oz)</p><a href="https://www.amazon.com/dp/B08N9L6C93?tag=eloabder-20&linkCode=osi&th=1&psc=1">View Product</a></div><div class="product"><a href="https://www.amazon.com/dp/B081JHTPKP?tag=eloabder-20&linkCode=osi&th=1&psc=1"><img src="https://m.media-amazon.com/images/I/31+F0Qz4RUL._SL500_.jpg" alt="Product Image"></a><p>Mise En Scene Perfect Serum Original - Hair Oil for Frizzy & Dry Hair, Hydration and Nutrition Hair Essence for Damage Care, Floral Fragrance, Korean Hair Care Product, Korean Hair Serum 2.71 Fl. Oz.</p><p>$11.20 ($4.15 / Fl Oz)</p><a href="https://www.amazon.com/dp/B081JHTPKP?tag=eloabder-20&linkCode=osi&th=1&psc=1">View Product</a></div><div class="product"><a href="https://www.amazon.com/dp/B09WMT8HYB?tag=eloabder-20&linkCode=osi&th=1&psc=1"><img src="https://m.media-amazon.com/images/I/31poyY3nFGL._SL500_.jpg" alt="Product Image"></a><p>Hair Growth Serum for Men and Women- Vegan Hair Growth Serum Designed for Thinning Hair & Hair Loss- 1 Month-60ml</p><p>$23.40 ($11.70 / Fl Oz)</p><a href="https://www.amazon.com/dp/B09WMT8HYB?tag=eloabder-20&linkCode=osi&th=1&psc=1">View Product</a></div><div class="product"><a href="https://www.amazon.com/dp/B0CJ7ZVDZR?tag=eloabder-20&linkCode=osi&th=1&psc=1"><img src="https://m.media-amazon.com/images/I/51bMtBk0LHL._SL500_.jpg" alt="Product Image"></a><p>MAREE Hair Styling Serum for Frizzy & Dry Hair - Keratin Styling & Moisturizing Oil Capsules with Avocado, Jojoba & Argan Oil - Leave-in Anti Frizz Conditioner with Vitamins A, C, E & B5-30 Capsules</p><p>$17.95 ($5.61 / Fl Oz)</p><a href="https://www.amazon.com/dp/B0CJ7ZVDZR?tag=eloabder-20&linkCode=osi&th=1&psc=1">View Product</a></div><div class="product"><a href="https://www.amazon.com/dp/B07GSZYLGJ?tag=eloabder-20&linkCode=osi&th=1&psc=1"><img src="https://m.media-amazon.com/images/I/41e6dzzvKtL._SL500_.jpg" alt="Product Image"></a><p>HUSSELL Bali Secret Hair Treatment Serum - no Rinse with Argan Macadamia & Avocado Oils - Vitamins A, E, Pro B5 - Conditioner for Women & Men</p><p>$24.75 ($0.62 / Fl Oz)</p><a href="https://www.amazon.com/dp/B07GSZYLGJ?tag=eloabder-20&linkCode=osi&th=1&psc=1">View Product</a></div><div class="product"><a href="https://www.amazon.com/dp/B000P9DS4Q?tag=eloabder-20&linkCode=osi&th=1&psc=1"><img src="https://m.media-amazon.com/images/I/31m7be8mSHL._SL500_.jpg" alt="Product Image"></a><p>John Frieda Anti Frizz, Frizz Ease Extra Strength Hair Serum with Argan Oil, Anti-Humidity Spray for Hair, Nourishing Treatment for Thick, Coarse Hair, 1.69 Oz</p><p>$10.05 ($5.95 / Fl Oz)</p><a href="https://www.amazon.com/dp/B000P9DS4Q?tag=eloabder-20&linkCode=osi&th=1&psc=1">View Product</a></div><div class="product"><a href="https://www.amazon.com/dp/B01456DJ66?tag=eloabder-20&linkCode=osi&th=1&psc=1"><img src="https://m.media-amazon.com/images/I/41hciQXaA0L._SL500_.jpg" alt="Product Image"></a><p>Vitamins Keratin Protein Hair Serum - Anti Frizz Control Hair Oil Repair Treatment - Hair Gloss Shine & Heat Protectant for Frizzy Dry Damaged Hair</p><p>$21.98 ($5.17 / Fl Oz)</p><a href="https://www.amazon.com/dp/B01456DJ66?tag=eloabder-20&linkCode=osi&th=1&psc=1">View Product</a></div>
<div class="product"><a href="https://www.amazon.com/dp/B07VR1NDSQ?tag=eloabder-20&linkCode=osi&th=1&psc=1"><img src="https://m.media-amazon.com/images/I/41z5MLqbvaL._SL500_.jpg" alt="Product Image"></a><p>Olaplex No. 7 Bonding Oil, Concentrated High Shine Oil, Heat Protectant, Visibly Smooths & Softens Hair, Added Color Vibrancy, Up to 72 Hour Frizz Control, For All Hair Types, 1 fl oz</p><p>$30.00 ($29.70 / Fl Oz)</p><a href="https://www.amazon.com/dp/B07VR1NDSQ?tag=eloabder-20&linkCode=osi&th=1&psc=1">View Product</a></div><div class="product"><a href="https://www.amazon.com/dp/B07N7PK9QK?tag=eloabder-20&linkCode=osi&th=1&psc=1"><img src="https://m.media-amazon.com/images/I/416K3ahcJsL._SL500_.jpg" alt="Product Image"></a><p>Mielle Organics Rosemary Mint Scalp & Hair Strengthening Oil for All Hair Types, 2 Ounce</p><p>$9.50 ($4.75 / Fl Oz)</p><a href="https://www.amazon.com/dp/B07N7PK9QK?tag=eloabder-20&linkCode=osi&th=1&psc=1">View Product</a></div><div class="product"><a href="https://www.amazon.com/dp/B0048EZNR4?tag=eloabder-20&linkCode=osi&th=1&psc=1"><img src="https://m.media-amazon.com/images/I/41TwEUHYLCL._SL500_.jpg" alt="Product Image"></a><p>OGX Renewing + Argan Oil of Morocco Penetrating Hair Oil Treatment, Moisturizing & Strengthening Silky Oil for All Hair Types, Paraben-Free, Sulfated-Surfactants Free, 3.3 fl oz</p><p>$7.97 ($2.42 / Fl Oz)</p><a href="https://www.amazon.com/dp/B0048EZNR4?tag=eloabder-20&linkCode=osi&th=1&psc=1">View Product</a></div><div class="product"><a href="https://www.amazon.com/dp/B01MFXDAL8?tag=eloabder-20&linkCode=osi&th=1&psc=1"><img src="https://m.media-amazon.com/images/I/314VC8Iug2L._SL500_.jpg" alt="Product Image"></a><p>OUAI Hair Oil - Hair Heat Protectant Oil for Frizz Control - Adds Hair Shine and Smooths Split Ends - Color Safe Formula - Paraben, Phthalate and Sulfate Free (1.5 oz)</p><p>$30.00 ($20.00 / Fl Oz)</p><a href="https://www.amazon.com/dp/B01MFXDAL8?tag=eloabder-20&linkCode=osi&th=1&psc=1">View Product</a></div><div class="product"><a href="https://www.amazon.com/dp/B005DYJZ7M?tag=eloabder-20&linkCode=osi&th=1&psc=1"><img src="https://m.media-amazon.com/images/I/51NE8LO8FaL._SL500_.jpg" alt="Product Image"></a><p>OGX Extra Strength Argan Oil Hair Treatment, 3.3 fl oz - Deep Moisturizing Serum for Dry, Damaged & Coarse Hair, Paraben & Sulfate-Free</p><p>$7.97 ($2.42 / Fl Oz)</p><a href="https://www.amazon.com/dp/B005DYJZ7M?tag=eloabder-20&linkCode=osi&th=1&psc=1">View Product</a></div><div class="product"><a href="https://www.amazon.com/dp/B000V8MTIC?tag=eloabder-20&linkCode=osi&th=1&psc=1"><img src="https://m.media-amazon.com/images/I/41Y-cvRBYHL._SL500_.jpg" alt="Product Image"></a><p>Wild Growth Hair Oil 4 Oz</p><p>$9.44 ($2.36 / Fl Oz)</p><a href="https://www.amazon.com/dp/B000V8MTIC?tag=eloabder-20&linkCode=osi&th=1&psc=1">View Product</a></div><div class="product"><a href="https://www.amazon.com/dp/B0CNFF26B4?tag=eloabder-20&linkCode=osi&th=1&psc=1"><img src="https://m.media-amazon.com/images/I/61IXl4BycFL._SL500_.jpg" alt="Product Image"></a><p>Nexxus Ultra Lightweight Hair Oil Repair & Nourish for Intense Nourishment with StyleProtect Technology & Rose of Jericho Oil 4 oz</p><p>$13.18 ($3.99 / Fl Oz)</p><a href="https://www.amazon.com/dp/B0CNFF26B4?tag=eloabder-20&linkCode=osi&th=1&psc=1">View Product</a></div><div class="product"><a href="https://www.amazon.com/dp/B0D2RSCZBD?tag=eloabder-20&linkCode=osi&th=1&psc=1"><img src="https://m.media-amazon.com/images/I/41YHvQncEYL._SL500_.jpg" alt="Product Image"></a><p>Botanic Hearth 100% Pure Rosemary Oil For Hair Growth Infused With Biotin | Hair strengthening Treatment | Nourishing & Volumizing | With Jojoba Oil & Castor Oil | Non GMO Verified | 2 fl oz</p><p>$8.49 ($4.24 / Fl Oz)</p><a href="https://www.amazon.com/dp/B0D2RSCZBD?tag=eloabder-20&linkCode=osi&th=1&psc=1">View Product</a></div>
<div class="product"><a href="https://www.amazon.com/dp/B076FHJ3K5?tag=eloabder-20&linkCode=osi&th=1&psc=1"><img src="https://m.media-amazon.com/images/I/31QAqxeYpoL._SL500_.jpg" alt="Product Image"></a><p>Marc Anthony Leave-In Conditioner Spray & Detangler, Grow Long Biotin - Anti-Frizz Deep Conditioner For Split Ends & Breakage - Vitamin E, Caffeine & Ginseng for Curly, Dry & Damaged Hair</p><p>$7.67 ($0.91 / Fl Oz)</p><a href="https://www.amazon.com/dp/B076FHJ3K5?tag=eloabder-20&linkCode=osi&th=1&psc=1">View Product</a></div><div class="product"><a href="https://www.amazon.com/dp/B078PJCVSQ?tag=eloabder-20&linkCode=osi&th=1&psc=1"><img src="https://m.media-amazon.com/images/I/41emTjMLCbL._SL500_.jpg" alt="Product Image"></a><p>Garnier Fructis Sleek & Shine Leave-In Conditioning Cream for Frizzy, Dry Hair, Plant Keratin + Argan Oil, 10.2 Fl Oz, 2 Count (Packaging May Vary)</p><p>$8.69 ($4.34 / Count)</p><a href="https://www.amazon.com/dp/B078PJCVSQ?tag=eloabder-20&linkCode=osi&th=1&psc=1">View Product</a></div><div class="product"><a href="https://www.amazon.com/dp/B075PTHVKN?tag=eloabder-20&linkCode=osi&th=1&psc=1"><img src="https://m.media-amazon.com/images/I/41er29CRVVL._SL500_.jpg" alt="Product Image"></a><p>Mielle Organics Pomegranate & Honey Leave-In Conditioner, Moisturizing Curl Primer and Detangler, Repair Damage and Prevent Frizz, Treatment For Thick Curly Hair Type 4 Hair, 12-Fluid Ounces</p><p>$12.95 ($1.08 / Fl Oz)</p><a href="https://www.amazon.com/dp/B075PTHVKN?tag=eloabder-20&linkCode=osi&th=1&psc=1">View Product</a></div><div class="product"><a href="https://www.amazon.com/dp/B0BPR45NX4?tag=eloabder-20&linkCode=osi&th=1&psc=1"><img src="https://m.media-amazon.com/images/I/41ZvxMh2+ML._SL500_.jpg" alt="Product Image"></a><p>Mielle Organics Rosemary Mint Strengthening Leave-In Conditioner, Supports Hair Strength, Smooth Conditioner for Dry and Crinkled Hair, Weightless Hair Treatment</p><p>$9.97 ($0.83 / Fl Oz)</p><a href="https://www.amazon.com/dp/B0BPR45NX4?tag=eloabder-20&linkCode=osi&th=1&psc=1">View Product</a></div><div class="product"><a href="https://www.amazon.com/dp/B0899C98ZD?tag=eloabder-20&linkCode=osi&th=1&psc=1"><img src="https://m.media-amazon.com/images/I/3140FuOEnHL._SL500_.jpg" alt="Product Image"></a><p>Pureology Color Fanatic Leave-in Conditioner Hair Treatment Detangler Spray | Protects Hair Color From Fading | Heat Protectant | Vegan | 6.7 Fl Oz</p><p>$35.00 ($5.22 / Fl Oz)</p><a href="https://www.amazon.com/dp/B0899C98ZD?tag=eloabder-20&linkCode=osi&th=1&psc=1">View Product</a></div><div class="product"><a href="https://www.amazon.com/dp/B002FJ11UW?tag=eloabder-20&linkCode=osi&th=1&psc=1"><img src="https://m.media-amazon.com/images/I/31-cZPtTWFL._SL500_.jpg" alt="Product Image"></a><p>Tea Tree Hair and Body Moisturizer Leave-In Conditioner, Body Lotion, After-Shave Cream, For All Hair + Skin Types, 10.14 fl. oz.</p><p>$22.00 ($2.17 / Fl Oz)</p><a href="https://www.amazon.com/dp/B002FJ11UW?tag=eloabder-20&linkCode=osi&th=1&psc=1">View Product</a></div><div class="product"><a href="https://www.amazon.com/dp/B07B895KND?tag=eloabder-20&linkCode=osi&th=1&psc=1"><img src="https://m.media-amazon.com/images/I/21VKaJcT2wL._SL500_.jpg" alt="Product Image"></a><p>OUAI Leave In Conditioner & Heat Protectant Spray - Prime Hair for Style, Smooth Flyaways, Add Shine and Use as Detangling Spray - No Parabens, Sulfates or Phthalates (4.7 oz)</p><p>$29.99 ($6.38 / Ounce)</p><a href="https://www.amazon.com/dp/B07B895KND?tag=eloabder-20&linkCode=osi&th=1&psc=1">View Product</a></div><div class="product"><a href="https://www.amazon.com/dp/B09HN5ZF8C?tag=eloabder-20&linkCode=osi&th=1&psc=1"><img src="https://m.media-amazon.com/images/I/31p+j7QXuqL._SL500_.jpg" alt="Product Image"></a><p>L’Oréal Paris Sulfate Free Moisture 21-in-1 Leave-In Conditioner for Dry Hair, EverPure, 6.8 fl oz (Packaging May Vary)</p><p>$9.97 ($1.47 / Fl Oz)</p><a href="https://www.amazon.com/dp/B09HN5ZF8C?tag=eloabder-20&linkCode=osi&th=1&psc=1">View Product</a></div><div class="product"><a href="https://www.amazon.com/dp/B07NQLWYXW?tag=eloabder-20&linkCode=osi&th=1&psc=1"><img src="https://m.media-amazon.com/images/I/61gQFsuQ1DL._SL500_.jpg" alt="Product Image"></a><p>SheaMoisture Jamaican Black Castor Oil Leave In Conditioner For Damaged Hair 100% Pure Jamaican Black Castor Oil To Soften And Detangle Hair 11.5oz</p><p>$10.97 ($0.95 / Ounce)</p><a href="https://www.amazon.com/dp/B07NQLWYXW?tag=eloabder-20&linkCode=osi&th=1&psc=1">View Product</a></div><div class="product"><a href="https://www.amazon.com/dp/B01LTIAUAG?tag=eloabder-20&linkCode=osi&th=1&psc=1"><img src="https://m.media-amazon.com/images/I/414cIBskUjL._SL500_.jpg" alt="Product Image"></a><p>Cantu Leave-In Conditioning Repair Cream with Argan Oil, 16 oz (Packaging May Vary)</p><p>$6.48 ($0.40 / Ounce)</p><a href="https://www.amazon.com/dp/B01LTIAUAG?tag=eloabder-20&linkCode=osi&th=1&psc=1">View Product</a></div>
<div class="product"><a href="https://www.amazon.com/dp/B00ID1A5TO?tag=eloabder-20&linkCode=osi&th=1&psc=1"><img src="https://m.media-amazon.com/images/I/31QKv7QMILL._SL500_.jpg" alt="Product Image"></a><p>L'Oréal Paris Advanced Hairstyle Sleek It Iron Straight Heat Spray, 5.7 Ounce</p><p>$6.97 ($1.22 / Fl Oz)</p><a href="https://www.amazon.com/dp/B00ID1A5TO?tag=eloabder-20&linkCode=osi&th=1&psc=1">View Product</a></div><div class="product"><a href="https://www.amazon.com/dp/B075FBD7CM?tag=eloabder-20&linkCode=osi&th=1&psc=1"><img src="https://m.media-amazon.com/images/I/31DT9mg1TBL._SL500_.jpg" alt="Product Image"></a><p>Moroccanoil Perfect Defense Heat Protectant, 6 Fl. Oz.</p><p>$30.00 ($5.00 / Ounce)</p><a href="https://www.amazon.com/dp/B075FBD7CM?tag=eloabder-20&linkCode=osi&th=1&psc=1">View Product</a></div><div class="product"><a href="https://www.amazon.com/dp/B004452DPM?tag=eloabder-20&linkCode=osi&th=1&psc=1"><img src="https://m.media-amazon.com/images/I/31+Syj8lOHL._SL500_.jpg" alt="Product Image"></a><p>CHI 44 Iron Guard Thermal Protection Spray, Nourishing Formula Helps Resist Heat Damage to Hair & Tame Frizz, 2 Oz</p><p>$6.99 ($3.50 / Fl Oz)</p><a href="https://www.amazon.com/dp/B004452DPM?tag=eloabder-20&linkCode=osi&th=1&psc=1">View Product</a></div><div class="product"><a href="https://www.amazon.com/dp/B0752KMDQB?tag=eloabder-20&linkCode=osi&th=1&psc=1"><img src="https://m.media-amazon.com/images/I/31kygOyDdnL._SL500_.jpg" alt="Product Image"></a><p>Mielle Mongongo Oil Thermal & Heat Protectant Spray, Protects Hair from Heat Damage, Intense Heat Defense, Curl Pattern Protection, Safe for All Hair Types, 4 Ounce</p><p>$9.97 ($2.49 / Fl Oz)</p><a href="https://www.amazon.com/dp/B0752KMDQB?tag=eloabder-20&linkCode=osi&th=1&psc=1">View Product</a></div><div class="product"><a href="https://www.amazon.com/dp/B06XFVBVQ5?tag=eloabder-20&linkCode=osi&th=1&psc=1"><img src="https://m.media-amazon.com/images/I/31kIW3-nG0L._SL500_.jpg" alt="Product Image"></a><p>Eva NYC Mane Magic 10-in-1 Primer, Heat Protectant for Hair, Infused with Sunflower Seed and Argan Oil for Hair, Sulfate, Paraben & Phthalate Free, 5.4 fl oz</p><p>$12.57 ($2.33 / Fl Oz)</p><a href="https://www.amazon.com/dp/B06XFVBVQ5?tag=eloabder-20&linkCode=osi&th=1&psc=1">View Product</a></div><div class="product"><a href="https://www.amazon.com/dp/B08HDS8GW1?tag=eloabder-20&linkCode=osi&th=1&psc=1"><img src="https://m.media-amazon.com/images/I/317MYEuzMbS._SL500_.jpg" alt="Product Image"></a><p>L'Oreal Paris Elvive Dream Lengths Heat Slayer Pre-Iron Spray Leave-In, 4.4 Ounce</p><p>$7.97 ($1.81 / Fl Oz)</p><a href="https://www.amazon.com/dp/B08HDS8GW1?tag=eloabder-20&linkCode=osi&th=1&psc=1">View Product</a></div><div class="product"><a href="https://www.amazon.com/dp/B0CX6M8B71?tag=eloabder-20&linkCode=osi&th=1&psc=1"><img src="https://m.media-amazon.com/images/I/21VMI5jkDHL._SL500_.jpg" alt="Product Image"></a><p>Hairitage Heat Protectant Spray - Up to 450 Degree Protection + Hydrates + Strengthens Hair - For All Hair Types</p><p>$8.94 ($1.49 / Fl Oz)</p><a href="https://www.amazon.com/dp/B0CX6M8B71?tag=eloabder-20&linkCode=osi&th=1&psc=1">View Product</a></div><div class="product"><a href="https://www.amazon.com/dp/B07H3GCMFG?tag=eloabder-20&linkCode=osi&th=1&psc=1"><img src="https://m.media-amazon.com/images/I/41OXeqapQaL._SL500_.jpg" alt="Product Image"></a><p>amika blockade heat defense serum , 1.69 Fl Oz (Pack of 1)</p><p>$28.00 ($16.47 / Ounce)</p><a href="https://www.amazon.com/dp/B07H3GCMFG?tag=eloabder-20&linkCode=osi&th=1&psc=1">View Product</a></div><div class="product"><a href="https://www.amazon.com/dp/B07HCMHVCW?tag=eloabder-20&linkCode=osi&th=1&psc=1"><img src="https://m.media-amazon.com/images/I/315xZEjPlJS._SL500_.jpg" alt="Product Image"></a><p>Drybar Hot Toddy Heat Protectant Mist Blanc Scent - Full Size| Lightweight Heat Protectant for Hair protects from Heat & Styling with Curling, Straightening and Styling Irons</p><p>$29.00 ($6.30 / Ounce)</p><a href="https://www.amazon.com/dp/B07HCMHVCW?tag=eloabder-20&linkCode=osi&th=1&psc=1">View Product</a></div><div class="product"><a href="https://www.amazon.com/dp/B0CN9N41R2?tag=eloabder-20&linkCode=osi&th=1&psc=1"><img src="https://m.media-amazon.com/images/I/61Y+AIRsnNL._SL500_.jpg" alt="Product Image"></a><p>Nexxus Heat Defense Spray Prep & Protect for 450 degree heat protection, with StyleProtect Technology 6 oz</p><p>$13.64 ($2.27 / Fl Oz)</p><a href="https://www.amazon.com/dp/B0CN9N41R2?tag=eloabder-20&linkCode=osi&th=1&psc=1">View Product</a></div>
<div class="product"><a href="https://www.amazon.com/dp/B000YACKO0?tag=eloabder-20&linkCode=osi&th=1&psc=1"><img src="https://m.media-amazon.com/images/I/21G1pDllGdL._SL500_.jpg" alt="Product Image"></a><p>Kenra Professional Volume Spray 25 50% | Super Hold Finishing & Styling Hairspray | Flake-free & Fast-drying | Wind & Humidity Resistance | All Hair Types | 10 oz</p><p>$22.00 ($2.20 / Ounce)</p><a href="https://www.amazon.com/dp/B000YACKO0?tag=eloabder-20&linkCode=osi&th=1&psc=1">View Product</a></div><div class="product"><a href="https://www.amazon.com/dp/B0010OKF7S?tag=eloabder-20&linkCode=osi&th=1&psc=1"><img src="https://m.media-amazon.com/images/I/21jbVg5zztL._SL500_.jpg" alt="Product Image"></a><p>Sebastian Professional Shaper 55%, Medium Hold Hairspray, 10.6 oz</p><p>$29.99 ($2.83 / Ounce)</p><a href="https://www.amazon.com/dp/B0010OKF7S?tag=eloabder-20&linkCode=osi&th=1&psc=1">View Product</a></div><div class="product"><a href="https://www.amazon.com/dp/B0CGRY5YJB?tag=eloabder-20&linkCode=osi&th=1&psc=1"><img src="https://m.media-amazon.com/images/I/61q0MszNOVL._SL500_.jpg" alt="Product Image"></a><p>TRESemmé Anti-Frizz Finishing Spray Keratin Smooth for a Flexible Hold, Weightless, 7 oz</p><p>$6.98 ($1.00 / Fl Oz)</p><a href="https://www.amazon.com/dp/B0CGRY5YJB?tag=eloabder-20&linkCode=osi&th=1&psc=1">View Product</a></div><div class="product"><a href="https://www.amazon.com/dp/B0872ZWJH2?tag=eloabder-20&linkCode=osi&th=1&psc=1"><img src="https://m.media-amazon.com/images/I/31O-aS4LJ+L._SL500_.jpg" alt="Product Image"></a><p>SexyHair Big Spray & Play Volumizing Hairspray, 10 Oz | Hold and Shine | Up to 72 Hour Humidity Resistance | All Hair Types</p><p>$21.94 ($2.19 / Ounce)</p><a href="https://www.amazon.com/dp/B0872ZWJH2?tag=eloabder-20&linkCode=osi&th=1&psc=1">View Product</a></div><div class="product"><a href="https://www.amazon.com/dp/B000GFWIOU?tag=eloabder-20&linkCode=osi&th=1&psc=1"><img src="https://m.media-amazon.com/images/I/31X7tgfzxQL._SL500_.jpg" alt="Product Image"></a><p>Nexxus Flexible Hold Hairspray Comb Thru for a Lightweight, Brushable Hold, with StyleProtect Technology 10 oz</p><p>$15.98 ($1.60 / Ounce)</p><a href="https://www.amazon.com/dp/B000GFWIOU?tag=eloabder-20&linkCode=osi&th=1&psc=1">View Product</a></div><div class="product"><a href="https://www.amazon.com/dp/B002RS6JSA?tag=eloabder-20&linkCode=osi&th=1&psc=1"><img src="https://m.media-amazon.com/images/I/31+Y7rEXSrL._SL500_.jpg" alt="Product Image"></a><p>CHI 44 Iron Guard Thermal Protection Spray, Nourishing Formula Helps Resist Heat Damage to Hair & Tame Frizz, Clear, 8 Oz</p><p>$13.99 ($1.75 / Fl Oz)</p><a href="https://www.amazon.com/dp/B002RS6JSA?tag=eloabder-20&linkCode=osi&th=1&psc=1">View Product</a></div>
<div class="product"><a href="https://www.amazon.com/dp/B08BTGSTB1?tag=eloabder-20&linkCode=osi&th=1&psc=1"><img src="https://m.media-amazon.com/images/I/41lgs8EMZoL._SL500_.jpg" alt="Product Image"></a><p>Dove Dry Shampoo Volume & Fullness 2 Count for Oily Hair for Refreshed Hair 5 oz</p><p>$13.98 ($1.40 / Ounce)</p><a href="https://www.amazon.com/dp/B08BTGSTB1?tag=eloabder-20&linkCode=osi&th=1&psc=1">View Product</a></div><div class="product"><a href="https://www.amazon.com/dp/B07H349CVV?tag=eloabder-20&linkCode=osi&th=1&psc=1"><img src="https://m.media-amazon.com/images/I/41NnJCW9t4L._SL500_.jpg" alt="Product Image"></a><p>amika Perk Up Dry Shampoo, 5.3 oz. (Pack of 1)</p><p>$28.00 ($5.28 / Ounce)</p><a href="https://www.amazon.com/dp/B07H349CVV?tag=eloabder-20&linkCode=osi&th=1&psc=1">View Product</a></div><div class="product"><a href="https://www.amazon.com/dp/B07KYXYFCH?tag=eloabder-20&linkCode=osi&th=1&psc=1"><img src="https://m.media-amazon.com/images/I/51XCqUPQ3kL._SL500_.jpg" alt="Product Image"></a><p>Batiste Dry Shampoo Original, Cherry, Blush, Tropical (4 pack) 6.73 oz</p><p>$18.40 ($0.68 / Fl Oz )</p><a href="https://www.amazon.com/dp/B07KYXYFCH?tag=eloabder-20&linkCode=osi&th=1&psc=1">View Product</a></div><div class="product"><a href="https://www.amazon.com/dp/B00VXO5RPK?tag=eloabder-20&linkCode=osi&th=1&psc=1"><img src="https://m.media-amazon.com/images/I/31PdfHcw8KL._SL500_.jpg" alt="Product Image"></a><p>Moroccanoil Dry Shampoo Light Tones, 5.4 Fl. Oz.</p><p>$26.00 ($3.77 / Fl Oz)</p><a href="https://www.amazon.com/dp/B00VXO5RPK?tag=eloabder-20&linkCode=osi&th=1&psc=1">View Product</a></div><div class="product"><a href="https://www.amazon.com/dp/B0CJMV7HLS?tag=eloabder-20&linkCode=osi&th=1&psc=1"><img src="https://m.media-amazon.com/images/I/31gMgsK04KL._SL500_.jpg" alt="Product Image"></a><p>Batiste Sweat Activated Dry Shampoo, Neutralizes Odor for Up to 24 Hours & Prevents Sweat Buildup in Hair, Waterless Shampoo, 3.81 Oz</p><p>$9.98 ($1.91 / Ounce)</p><a href="https://www.amazon.com/dp/B0CJMV7HLS?tag=eloabder-20&linkCode=osi&th=1&psc=1">View Product</a></div><div class="product"><a href="https://www.amazon.com/dp/B00GMP4ZN0?tag=eloabder-20&linkCode=osi&th=1&psc=1"><img src="https://m.media-amazon.com/images/I/51C9sFpjj0L._SL500_.jpg" alt="Product Image"></a><p>Batiste Shampoo Dry Fresh 6.73 Ounce (199ml) (3 Pack)</p><p>$14.21 ($0.74 / Fl Oz)</p><a href="https://www.amazon.com/dp/B00GMP4ZN0?tag=eloabder-20&linkCode=osi&th=1&psc=1">View Product</a></div><div class="product"><a href="https://www.amazon.com/dp/B008CYGSZC?tag=eloabder-20&linkCode=osi&th=1&psc=1"><img src="https://m.media-amazon.com/images/I/41FmX163QeL._SL500_.jpg" alt="Product Image"></a><p>Batiste 3 Piece Dry Shampoo Set, Original</p><p>$18.21 ($0.90 / Fl Oz)</p><a href="https://www.amazon.com/dp/B008CYGSZC?tag=eloabder-20&linkCode=osi&th=1&psc=1">View Product</a></div><div class="product"><a href="https://www.amazon.com/dp/B08NRH5DNR?tag=eloabder-20&linkCode=osi&th=1&psc=1"><img src="https://m.media-amazon.com/images/I/511UJeCVLLL._SL500_.jpg" alt="Product Image"></a><p>Batiste Dry Shampoo Spray 4 Pack Variety Mix, Original Clean And Classic, and Tropical Fragrance, 2 Each 6.73 oz.</p><p>$18.64 ($0.69 / Fl Oz)</p><a href="https://www.amazon.com/dp/B08NRH5DNR?tag=eloabder-20&linkCode=osi&th=1&psc=1">View Product</a></div><div class="product"><a href="https://www.amazon.com/dp/B01IAFCTT6?tag=eloabder-20&linkCode=osi&th=1&psc=1"><img src="https://m.media-amazon.com/images/I/51Rqh61NzHL._SL500_.jpg" alt="Product Image"></a><p>Batiste Dry Shampoo, Dark & Deep Brown 6.73 oz (Pack of 3)</p><p>$15.88 ($0.79 / Fl Oz)</p><a href="https://www.amazon.com/dp/B01IAFCTT6?tag=eloabder-20&linkCode=osi&th=1&psc=1">View Product</a></div>
<div class="product"><a href="https://www.amazon.com/dp/B000TG63EW?tag=eloabder-20&linkCode=osi&th=1&psc=1"><img src="https://m.media-amazon.com/images/I/41B2S4r1G9L._SL500_.jpg" alt="Product Image"></a><p>Lottabody Coconut Oil and Shea Wrap Me Foaming Curl Mousse , Creates Soft Wraps, Hair Mousse for Curly Hair, Defines Curls, Anti Frizz, 7 Fl Oz</p><p>$3.98 ($0.57 / Fl Oz)</p><a href="https://www.amazon.com/dp/B000TG63EW?tag=eloabder-20&linkCode=osi&th=1&psc=1">View Product</a></div><div class="product"><a href="https://www.amazon.com/dp/B00147QL8S?tag=eloabder-20&linkCode=osi&th=1&psc=1"><img src="https://m.media-amazon.com/images/I/31GMX6DGyRL._SL500_.jpg" alt="Product Image"></a><p>Kenra Professional Volume Mousse Extra 17 | Firm Hold Mousse | All Hair Types | 8 oz</p><p>$21.00 ($2.62 / Ounce)</p><a href="https://www.amazon.com/dp/B00147QL8S?tag=eloabder-20&linkCode=osi&th=1&psc=1">View Product</a></div><div class="product"><a href="https://www.amazon.com/dp/B07NQCBRK3?tag=eloabder-20&linkCode=osi&th=1&psc=1"><img src="https://m.media-amazon.com/images/I/61ITio7v1qL._SL500_.jpg" alt="Product Image"></a><p>SheaMoisture Curl Mousse Coconut and Hibiscus for Frizz Control Styling Mousse with Shea Butter 7.5 oz</p><p>$10.97 ($1.46 / Fl Oz)</p><a href="https://www.amazon.com/dp/B07NQCBRK3?tag=eloabder-20&linkCode=osi&th=1&psc=1">View Product</a></div><div class="product"><a href="https://www.amazon.com/dp/B0009OMNQQ?tag=eloabder-20&linkCode=osi&th=1&psc=1"><img src="https://m.media-amazon.com/images/I/21BMUFOie3L._SL500_.jpg" alt="Product Image"></a><p>Paul Mitchell Extra-Body Sculpting Foam, Thickens + Builds Body, For Fine Hair, 6.7 oz.</p><p>$16.50 ($2.46 / Fl Oz)</p><a href="https://www.amazon.com/dp/B0009OMNQQ?tag=eloabder-20&linkCode=osi&th=1&psc=1">View Product</a></div>
<div class="product"><a href="https://www.amazon.com/dp/B0050N4DLE?tag=eloabder-20&linkCode=osi&th=1&psc=1"><img src="https://m.media-amazon.com/images/I/31-lmMmL35L._SL500_.jpg" alt="Product Image"></a><p>Garnier Fructis Style Pure Clean Styling Gel 6.8 Fl Oz, 1 Count, (Packaging May Vary)</p><p>$4.49 ($0.66 / Fl Oz)</p><a href="https://www.amazon.com/dp/B0050N4DLE?tag=eloabder-20&linkCode=osi&th=1&psc=1">View Product</a></div><div class="product"><a href="https://www.amazon.com/dp/B0CGRY2LBD?tag=eloabder-20&linkCode=osi&th=1&psc=1"><img src="https://m.media-amazon.com/images/I/31LifKXZKyL._SL500_.jpg" alt="Product Image"></a><p>TRESemmé Hair Gel Ultra Hold No Crunch 24H Frizz Control Alcohol-Free 9 oz</p><p>$6.98 ($0.13 / Fl Oz)</p><a href="https://www.amazon.com/dp/B0CGRY2LBD?tag=eloabder-20&linkCode=osi&th=1&psc=1">View Product</a></div><div class="product"><a href="https://www.amazon.com/dp/B0058YD85W?tag=eloabder-20&linkCode=osi&th=1&psc=1"><img src="https://m.media-amazon.com/images/I/31JUO8eAnvL._SL500_.jpg" alt="Product Image"></a><p>Wetline Xtreme Pro-Expert Styling Gel 15.87 Ounce (450g) (Pack of 1)</p><p>$7.19 ($0.46 / Ounce)</p><a href="https://www.amazon.com/dp/B0058YD85W?tag=eloabder-20&linkCode=osi&th=1&psc=1">View Product</a></div><div class="product"><a href="https://www.amazon.com/dp/B000141PYK?tag=eloabder-20&linkCode=osi&th=1&psc=1"><img src="https://m.media-amazon.com/images/I/31yPG0NXNpL._SL500_.jpg" alt="Product Image"></a><p>Paul Mitchell Extra-Body Sculpting Gel, Thickens + Builds Body, For Fine Hair, 6.8 fl. oz.</p><p>$15.00 ($2.21 / Fl Oz)</p><a href="https://www.amazon.com/dp/B000141PYK?tag=eloabder-20&linkCode=osi&th=1&psc=1">View Product</a></div><div class="product"><a href="https://www.amazon.com/dp/B07K3NC8J9?tag=eloabder-20&linkCode=osi&th=1&psc=1"><img src="https://m.media-amazon.com/images/I/41Ycur-KxBL._SL500_.jpg" alt="Product Image"></a><p>Aussie Instant Freeze Sculpting Hair Gel, Maximum Hold, No Flaking, Long-Lasting, with Jojoba Oil, Sea Kelp, Australian Aloe, Frizz Control, Citrus Floral Scent, 7 Fl Oz Triple Pack</p><p>$14.91 ($0.71 / Ounce)</p><a href="https://www.amazon.com/dp/B07K3NC8J9?tag=eloabder-20&linkCode=osi&th=1&psc=1">View Product</a></div><div class="product"><a href="https://www.amazon.com/dp/B005JT5XLI?tag=eloabder-20&linkCode=osi&th=1&psc=1"><img src="https://m.media-amazon.com/images/I/51wQAASQf5L._SL500_.jpg" alt="Product Image"></a><p>L.A. LOOKS SPORT XTRME HLD GEL 20 OZ (Pack of 3)</p><p>$16.49 ($0.27 / Ounce)</p><a href="https://www.amazon.com/dp/B005JT5XLI?tag=eloabder-20&linkCode=osi&th=1&psc=1">View Product</a></div><div class="product"><a href="https://www.amazon.com/dp/B00G5LLLD8?tag=eloabder-20&linkCode=osi&th=1&psc=1"><img src="https://m.media-amazon.com/images/I/31sxB8opm8L._SL500_.jpg" alt="Product Image"></a><p>American Crew Men's Hair Gel, Firm Hold, Non-Flaking Styling Gel, 3.3 Fl Oz</p><p>$7.44 ($2.25 / Fl Oz)</p><a href="https://www.amazon.com/dp/B00G5LLLD8?tag=eloabder-20&linkCode=osi&th=1&psc=1">View Product</a></div><div class="product"><a href="https://www.amazon.com/dp/B005659H3U?tag=eloabder-20&linkCode=osi&th=1&psc=1"><img src="https://m.media-amazon.com/images/I/318nG1CHFEL._SL500_.jpg" alt="Product Image"></a><p>JOHNNY B. Mode Hair Styling Gel for Men, Alcohol-Free, Water Soluble 16 oz.</p><p>$21.00 ($1.31 / Ounce)</p><a href="https://www.amazon.com/dp/B005659H3U?tag=eloabder-20&linkCode=osi&th=1&psc=1">View Product</a></div><div class="product"><a href="https://www.amazon.com/dp/B09QRVMW6M?tag=eloabder-20&linkCode=osi&th=1&psc=1"><img src="https://m.media-amazon.com/images/I/41zHCW2h4eL._SL500_.jpg" alt="Product Image"></a><p>Got2B Ultra Glued Invincible Styling Gel 2 - 6 oz tubes + 1 Travel 1.25 oz tube</p><p>$14.99</p><a href="https://www.amazon.com/dp/B09QRVMW6M?tag=eloabder-20&linkCode=osi&th=1&psc=1">View Product</a></div>
<div class="product"><a href="https://www.amazon.com/dp/B0065JCV84?tag=eloabder-20&linkCode=osi&th=1&psc=1"><img src="https://m.media-amazon.com/images/I/41rZBkLMn0L._SL500_.jpg" alt="Product Image"></a><p>Suavecito Pomade Original For Men 4 oz, 1 Pack - Medium Shine Water Based Wax Like Flake Free Hair Gel - Easy To Wash Out - All Day Hold For All Hairstyles</p><p>$14.99 ($3.75 / Ounce)</p><a href="https://www.amazon.com/dp/B0065JCV84?tag=eloabder-20&linkCode=osi&th=1&psc=1">View Product</a></div><div class="product"><a href="https://www.amazon.com/dp/B017S3LX8O?tag=eloabder-20&linkCode=osi&th=1&psc=1"><img src="https://m.media-amazon.com/images/I/41h6iIXYOPL._SL500_.jpg" alt="Product Image"></a><p>Suavecito Pomade Firme (Strong) Hold 4 Oz, 1 Pack - Strong Hold Hair Pomade For Men - Medium Shine Water Based Flake Free Hair Gel - Easy To Wash Out - All Day Hold For All Hair Styles</p><p>$14.99 ($3.75 / Ounce)</p><a href="https://www.amazon.com/dp/B017S3LX8O?tag=eloabder-20&linkCode=osi&th=1&psc=1">View Product</a></div><div class="product"><a href="https://www.amazon.com/dp/B0BQCWB8V7?tag=eloabder-20&linkCode=osi&th=1&psc=1"><img src="https://m.media-amazon.com/images/I/4143k5192bL._SL500_.jpg" alt="Product Image"></a><p>American Crew Men's Hair Pomade, Like Hair Gel with Medium Hold & High Shine, Travel Size, 1.7 oz (Pack of 1)</p><p>$8.97 ($5.28 / Ounce)</p><a href="https://www.amazon.com/dp/B0BQCWB8V7?tag=eloabder-20&linkCode=osi&th=1&psc=1">View Product</a></div><div class="product"><a href="https://www.amazon.com/dp/B0795YQ8H6?tag=eloabder-20&linkCode=osi&th=1&psc=1"><img src="https://m.media-amazon.com/images/I/41vJ820SsTL._SL500_.jpg" alt="Product Image"></a><p>Redken Brews Cream Pomade For Men | Men's Hair Styling Pomade | Medium Hold | Natural, Smooth Finish With Low Shine | For All Men Hair Types | Water-Based Pomade | 3.4 Oz</p><p>$21.00 ($6.18 / Fl Oz)</p><a href="https://www.amazon.com/dp/B0795YQ8H6?tag=eloabder-20&linkCode=osi&th=1&psc=1">View Product</a></div><div class="product"><a href="https://www.amazon.com/dp/B06WGRLTCV?tag=eloabder-20&linkCode=osi&th=1&psc=1"><img src="https://m.media-amazon.com/images/I/41Vt6GFHvkL._SL500_.jpg" alt="Product Image"></a><p>Suavecito Pomade Matte (No Shine) Formula 4 oz, 1 Pack - Medium Hold Hair Pomade For Men - Matte Hair Paste For Natural Texture Hairstyles</p><p>$14.99 ($3.75 / Ounce)</p><a href="https://www.amazon.com/dp/B06WGRLTCV?tag=eloabder-20&linkCode=osi&th=1&psc=1">View Product</a></div><div class="product"><a href="https://www.amazon.com/dp/B000MIKEZQ?tag=eloabder-20&linkCode=osi&th=1&psc=1"><img src="https://m.media-amazon.com/images/I/31IDWF0mvVL._SL500_.jpg" alt="Product Image"></a><p>Baxter of California Clay Pomade Firm Hold / Matte Finish Hair Pomade for Men and Women, Perfect for Texturizing Straight or Wavy Hair - 2 Ounces</p><p>$23.00 ($11.50 / Ounce)</p><a href="https://www.amazon.com/dp/B000MIKEZQ?tag=eloabder-20&linkCode=osi&th=1&psc=1">View Product</a></div><div class="product"><a href="https://www.amazon.com/dp/B0BZT8JYSR?tag=eloabder-20&linkCode=osi&th=1&psc=1"><img src="https://m.media-amazon.com/images/I/41eu30KFgXL._SL500_.jpg" alt="Product Image"></a><p>Highland Glacial Hair Clay Pomade - Award winning hair styling clay for men and women made with 100% all natural and organic ingredients that promote hair and scalp health. Low shine, Medium Hold.</p><p>$28.00 ($13.33 / Ounce)</p><a href="https://www.amazon.com/dp/B0BZT8JYSR?tag=eloabder-20&linkCode=osi&th=1&psc=1">View Product</a></div><div class="product"><a href="https://www.amazon.com/dp/B07MG7LY8X?tag=eloabder-20&linkCode=osi&th=1&psc=1"><img src="https://m.media-amazon.com/images/I/41oMBXaZoNL._SL500_.jpg" alt="Product Image"></a><p>Firsthand Supply Clay Pomade - Clean & Non-toxic Hair Care Ingredients - Long Lasting & Easy to Restyle - 3oz (88ml)</p><p>$28.00 ($9.33 / Ounce)</p><a href="https://www.amazon.com/dp/B07MG7LY8X?tag=eloabder-20&linkCode=osi&th=1&psc=1">View Product</a></div><div class="product"><a href="https://www.amazon.com/dp/B0BQCT5HZ1?tag=eloabder-20&linkCode=osi&th=1&psc=1"><img src="https://m.media-amazon.com/images/I/51k0sUjeq-L._SL500_.jpg" alt="Product Image"></a><p>American Crew Men's Hair Pomade, Like Hair Gel with Heavy Hold & High Shine, 3 Oz (Pack of 1)</p><p>$13.69 ($4.56 / Ounce)</p><a href="https://www.amazon.com/dp/B0BQCT5HZ1?tag=eloabder-20&linkCode=osi&th=1&psc=1">View Product</a></div>
<div class="product"><a href="https://www.amazon.com/dp/B0914XZT2W?tag=eloabder-20&linkCode=osi&th=1&psc=1"><img src="https://m.media-amazon.com/images/I/417h8kM6cCL._SL500_.jpg" alt="Product Image"></a><p>Samnyte Hair Wax Stick, Wax Stick for Hair Slick Stick, Hair Wax Stick for Women Kids, Hair Gel Stick for Girls Hair Accessories for Women Fly away Hair Tamer, Hair Bun Maker for Kids Styling Cream</p><p>$7.99 ($2.96 / Fl Oz)</p><a href="https://www.amazon.com/dp/B0914XZT2W?tag=eloabder-20&linkCode=osi&th=1&psc=1">View Product</a></div><div class="product"><a href="https://www.amazon.com/dp/B000141L58?tag=eloabder-20&linkCode=osi&th=1&psc=1"><img src="https://m.media-amazon.com/images/I/41K0c7+UtZL._SL500_.jpg" alt="Product Image"></a><p>TIGI Bed Head Hair Wax Stick for a Soft, Pliable Hold, Hair Care Slick Back Stick Styling Product with Beeswax & Japan Wax, 2.57 oz</p><p>$13.89</p><a href="https://www.amazon.com/dp/B000141L58?tag=eloabder-20&linkCode=osi&th=1&psc=1">View Product</a></div><div class="product"><a href="https://www.amazon.com/dp/B09TVZNDZ1?tag=eloabder-20&linkCode=osi&th=1&psc=1"><img src="https://m.media-amazon.com/images/I/41-wn1VQ3RL._SL500_.jpg" alt="Product Image"></a><p>Hair Wax Stick, Wax Stick for Hair, Slick Stick for Hair Non-greasy Styling Hair Pomade Stick, Strong Hold Makes Hair Look Neat and Tidy</p><p>$5.29</p><a href="https://www.amazon.com/dp/B09TVZNDZ1?tag=eloabder-20&linkCode=osi&th=1&psc=1">View Product</a></div><div class="product"><a href="https://www.amazon.com/dp/B0D4QSY3YK?tag=eloabder-20&linkCode=osi&th=1&psc=1"><img src="https://m.media-amazon.com/images/I/41THsFDrX-L._SL500_.jpg" alt="Product Image"></a><p>Pomade For Men, All Day Hold Matte Hair Wax, Matte Finish-Flake-Free-Non-Greasy Hair Styling Products, Hair Paste For All Hair Types (2 Oz)</p><p>$7.99 ($4.00 / Ounce)</p><a href="https://www.amazon.com/dp/B0D4QSY3YK?tag=eloabder-20&linkCode=osi&th=1&psc=1">View Product</a></div><div class="product"><a href="https://www.amazon.com/dp/B003F665GO?tag=eloabder-20&linkCode=osi&th=1&psc=1"><img src="https://m.media-amazon.com/images/I/41AwQKeoFXL._SL500_.jpg" alt="Product Image"></a><p>TRENDSTARTER - MATTE WAX (4oz) - Firm Hold - Matte Finish - Premium Water Based All-Day Hold Hair Styling Pomade – Flake-Free Styling Wax for All Hair Types</p><p>$14.99 ($3.75 / Ounce)</p><a href="https://www.amazon.com/dp/B003F665GO?tag=eloabder-20&linkCode=osi&th=1&psc=1">View Product</a></div><div class="product"><a href="https://www.amazon.com/dp/B098WYJ4M1?tag=eloabder-20&linkCode=osi&th=1&psc=1"><img src="https://m.media-amazon.com/images/I/41CvRhPKxTL._SL500_.jpg" alt="Product Image"></a><p>AnWoor Hair Wax Stick, Wax Stick for Hair Flyaways Kids & Women Hair Accessories for Women Girls Hair Bun Maker for Kids Hair Slick Stick Baby Hair Gel Stick Kids Hair Products Hair Smoothing Stick</p><p>$5.99 ($2.22 / Ounce)</p><a href="https://www.amazon.com/dp/B098WYJ4M1?tag=eloabder-20&linkCode=osi&th=1&psc=1">View Product</a></div><div class="product"><a href="https://www.amazon.com/dp/B0017K8HJS?tag=eloabder-20&linkCode=osi&th=1&psc=1"><img src="https://m.media-amazon.com/images/I/31cCNNG2BlL._SL500_.jpg" alt="Product Image"></a><p>KeraCare Hair Wax Stick - 2.6 ounce - Castor Seed Oil - for Flyaways and Frizz - For All Hair Types - Slicked Back looks, Spikes, Braids, Twists, Tames Flyaways and Frizz, Wigs</p><p>$8.95 ($3.44 / Ounce)</p><a href="https://www.amazon.com/dp/B0017K8HJS?tag=eloabder-20&linkCode=osi&th=1&psc=1">View Product</a></div><div class="product"><a href="https://www.amazon.com/dp/B0B64QZSBV?tag=eloabder-20&linkCode=osi&th=1&psc=1"><img src="https://m.media-amazon.com/images/I/31oTfmZxk6L._SL500_.jpg" alt="Product Image"></a><p>Redken Spray Wax Invisible Texture Mist | For All Hair Types | High Impact Finishing Spray-Wax | Adds Volumizing Body & Dimension With A Satin-Matte Finish | Medium Control | 5.5 Oz</p><p>$24.00 ($4.36 / Ounce)</p><a href="https://www.amazon.com/dp/B0B64QZSBV?tag=eloabder-20&linkCode=osi&th=1&psc=1">View Product</a></div><div class="product"><a href="https://www.amazon.com/dp/B07KB39L6L?tag=eloabder-20&linkCode=osi&th=1&psc=1"><img src="https://m.media-amazon.com/images/I/51U76BCUc5L._SL500_.jpg" alt="Product Image"></a><p>Hair Dough Styling Clay For Men, Matte Finish Molding Hair Wax Paste Quiff, Strong Hold Without The Shine</p><p>$18.99 ($5.43 / Ounce)</p><a href="https://www.amazon.com/dp/B07KB39L6L?tag=eloabder-20&linkCode=osi&th=1&psc=1">View Product</a></div><div class="product"><a href="https://www.amazon.com/dp/B0CNF6J67K?tag=eloabder-20&linkCode=osi&th=1&psc=1"><img src="https://m.media-amazon.com/images/I/61QPYTHFPTL._SL500_.jpg" alt="Product Image"></a><p>Nexxus Strong Hold Hair Wax Slick Stick for Slicked-Back Look with StyleProtect Technology 2.33 oz</p><p>$15.68 ($6.73 / Ounce)</p><a href="https://www.amazon.com/dp/B0CNF6J67K?tag=eloabder-20&linkCode=osi&th=1&psc=1">View Product</a></div>
<div class="product"><a href="https://www.amazon.com/dp/B004INIW1Y?tag=eloabder-20&linkCode=osi&th=1&psc=1"><img src="https://m.media-amazon.com/images/I/51QXVxOgEkL._SL500_.jpg" alt="Product Image"></a><p>L'Oreal Paris Excellence Creme Permanent Hair Color, 4 Dark Brown, 100 percent Gray Coverage Hair Dye, Pack of 1</p><p>$10.97</p><a href="https://www.amazon.com/dp/B004INIW1Y?tag=eloabder-20&linkCode=osi&th=1&psc=1">View Product</a></div><div class="product"><a href="https://www.amazon.com/dp/B001UMV18M?tag=eloabder-20&linkCode=osi&th=1&psc=1"><img src="https://m.media-amazon.com/images/I/51h21IlxAhL._SL500_.jpg" alt="Product Image"></a><p>Garnier Hair Color Nutrisse Nourishing Creme, 415 Soft Mahogany Brown (Raspberry Truffle) Permanent Hair Dye, 1 Count (Packaging May Vary)</p><p>$8.47</p><a href="https://www.amazon.com/dp/B001UMV18M?tag=eloabder-20&linkCode=osi&th=1&psc=1">View Product</a></div><div class="product"><a href="https://www.amazon.com/dp/B09LXHQ8LJ?tag=eloabder-20&linkCode=osi&th=1&psc=1"><img src="https://m.media-amazon.com/images/I/51Sptr1SgbL._SL500_.jpg" alt="Product Image"></a><p>Revlon ColorSilk Beautiful Color Permanent Hair Color, Long-Lasting High-Definition Color, Shine & Silky Softness with 100% Gray Coverage, Ammonia Free, 47 Medium Rich Brown, 3 Pack</p><p>$11.91 ($0.90 / Fl Oz)</p><a href="https://www.amazon.com/dp/B09LXHQ8LJ?tag=eloabder-20&linkCode=osi&th=1&psc=1">View Product</a></div><div class="product"><a href="https://www.amazon.com/dp/B01829EORK?tag=eloabder-20&linkCode=osi&th=1&psc=1"><img src="https://m.media-amazon.com/images/I/51stlwOWBeL._SL500_.jpg" alt="Product Image"></a><p>Schwarzkopf Color Ultime Hair Color, 1.4 Sapphire Black, 1 Application - Permanent Black Hair Dye for Vivid Color Intensity and Fade-Resistant Shine up to 10 Weeks</p><p>$7.59</p><a href="https://www.amazon.com/dp/B01829EORK?tag=eloabder-20&linkCode=osi&th=1&psc=1">View Product</a></div><div class="product"><a href="https://www.amazon.com/dp/B07HXH48TF?tag=eloabder-20&linkCode=osi&th=1&psc=1"><img src="https://m.media-amazon.com/images/I/51VP1hHWq9L._SL500_.jpg" alt="Product Image"></a><p>Garnier Hair Color Nutrisse Nourishing Creme, 50 Medium Natural Brown (Truffle) Permanent Hair Dye, 2 Count (Packaging May Vary)</p><p>$16.94 ($8.47 / Count)</p><a href="https://www.amazon.com/dp/B07HXH48TF?tag=eloabder-20&linkCode=osi&th=1&psc=1">View Product</a></div><div class="product"><a href="https://www.amazon.com/dp/B0CP2T3757?tag=eloabder-20&linkCode=osi&th=1&psc=1"><img src="https://m.media-amazon.com/images/I/416GbfPvRNL._SL500_.jpg" alt="Product Image"></a><p>Clairol Textures & Tones Permanent Hair Dye, 1B Silken Black Hair Color, Pack of 1</p><p>$9.99 ($1.70 / Fl Oz)</p><a href="https://www.amazon.com/dp/B0CP2T3757?tag=eloabder-20&linkCode=osi&th=1&psc=1">View Product</a></div><div class="product"><a href="https://www.amazon.com/dp/B07BVTWZDN?tag=eloabder-20&linkCode=osi&th=1&psc=1"><img src="https://m.media-amazon.com/images/I/51D+wKgQAnL._SL500_.jpg" alt="Product Image"></a><p>Garnier Hair Color Olia Ammonia-Free Brilliant Color Oil-Rich Permanent Hair Dye, 1.0 Black, 2 Count (Packaging May Vary)</p><p>$18.94 ($9.47 / Count)</p><a href="https://www.amazon.com/dp/B07BVTWZDN?tag=eloabder-20&linkCode=osi&th=1&psc=1">View Product</a></div><div class="product"><a href="https://www.amazon.com/dp/B00TULC5N0?tag=eloabder-20&linkCode=osi&th=1&psc=1"><img src="https://m.media-amazon.com/images/I/5186ryxWAkL._SL500_.jpg" alt="Product Image"></a><p>Schwarzkopf Keratin Color Permanent Hair Color, 4.6 Intense Cocoa, 1 Application - Salon Inspired Permanent Hair Dye, for up to 80% Less Breakage vs Untreated Hair and up to 100% Gray Coverage</p><p>$11.89</p><a href="https://www.amazon.com/dp/B00TULC5N0?tag=eloabder-20&linkCode=osi&th=1&psc=1">View Product</a></div>
<div class="product"><a href="https://www.amazon.com/dp/B09LXMXSMN?tag=eloabder-20&linkCode=osi&th=1&psc=1"><img src="https://m.media-amazon.com/images/I/51Sly6w-y7L._SL500_.jpg" alt="Product Image"></a><p>Revlon ColorSilk Beautiful Color Permanent Hair Color, Long-Lasting High-Definition Color, Shine & Silky Softness with 100% Gray Coverage, Ammonia Free, 41 Medium Brown, 3 Pack</p><p>$11.91 ($0.90 / Fl Oz)</p><a href="https://www.amazon.com/dp/B09LXMXSMN?tag=eloabder-20&linkCode=osi&th=1&psc=1">View Product</a></div><div class="product"><a href="https://www.amazon.com/dp/B000KPTU4M?tag=eloabder-20&linkCode=osi&th=1&psc=1"><img src="https://m.media-amazon.com/images/I/51yIu0DldDL._SL500_.jpg" alt="Product Image"></a><p>L'Oreal Paris Superior Preference Fade-Defying + Shine Permanent Hair Color, 5 Medium Brown, Pack of 1, Hair Dye</p><p>$11.97</p><a href="https://www.amazon.com/dp/B000KPTU4M?tag=eloabder-20&linkCode=osi&th=1&psc=1">View Product</a></div><div class="product"><a href="https://www.amazon.com/dp/B00TUM6QUC?tag=eloabder-20&linkCode=osi&th=1&psc=1"><img src="https://m.media-amazon.com/images/I/511vRRkzayL._SL500_.jpg" alt="Product Image"></a><p>Schwarzkopf Keratin Color Permanent Hair Color, 6.0 Delicate Praline, 1 Application - Salon Inspired Permanent Hair Dye, for up to 80% Less Breakage vs Untreated Hair and up to 100% Gray Coverage</p><p>$11.89</p><a href="https://www.amazon.com/dp/B00TUM6QUC?tag=eloabder-20&linkCode=osi&th=1&psc=1">View Product</a></div><div class="product"><a href="https://www.amazon.com/dp/B074VFFB3J?tag=eloabder-20&linkCode=osi&th=1&psc=1"><img src="https://m.media-amazon.com/images/I/51YdsAQwcyL._SL500_.jpg" alt="Product Image"></a><p>Garnier Hair Color Nutrisse Ultra Coverage Nourishing Creme, 500 Deep Medium Natural Brown (Glazed Walnut) Permanent Hair Dye, 1 Count (Packaging May Vary)</p><p>$8.48</p><a href="https://www.amazon.com/dp/B074VFFB3J?tag=eloabder-20&linkCode=osi&th=1&psc=1">View Product</a></div><div class="product"><a href="https://www.amazon.com/dp/B0B3KWJ242?tag=eloabder-20&linkCode=osi&th=1&psc=1"><img src="https://m.media-amazon.com/images/I/41fqsQmb0VL._SL500_.jpg" alt="Product Image"></a><p>COLORCHARM Demi Permanent Hair Color, 3N Medium Neutral Brown 2 oz</p><p>$9.99 ($5.00 / Fl Oz)</p><a href="https://www.amazon.com/dp/B0B3KWJ242?tag=eloabder-20&linkCode=osi&th=1&psc=1">View Product</a></div>

<div class="product"><a href="https://www.amazon.com/dp/B08GSTPT8Y?tag=eloabder-20&linkCode=osi&th=1&psc=1"><img src="https://m.media-amazon.com/images/I/41sX+hKcbML._SL500_.jpg" alt="Product Image"></a><p>AOA Studio Collection makeup Sponge Set Latex Free and High-definition Set of 6 makeup Wonder blender For Powder Cream and Liquid, Super Soft Wonder Beauty Cosmetic</p><p>$9.95 ($1.66 / Count)</p><a href="https://www.amazon.com/dp/B08GSTPT8Y?tag=eloabder-20&linkCode=osi&th=1&psc=1">View Product</a></div><div class="product"><a href="https://www.amazon.com/dp/B0CJFFR574?tag=eloabder-20&linkCode=osi&th=1&psc=1"><img src="https://m.media-amazon.com/images/I/41nkQ05yLcL._SL500_.jpg" alt="Product Image"></a><p>SUNGBOON EDITOR Deep Collagen Overnight Mask 37gx4ea | The real collagen 2,160,000ppb | Facial Hydrogel Masks with low molecular weight collagen for elasticity, firming, and moisturizing</p><p>$19.00 ($4.75 / Count)</p><a href="https://www.amazon.com/dp/B0CJFFR574?tag=eloabder-20&linkCode=osi&th=1&psc=1">View Product</a></div><div class="product"><a href="https://www.amazon.com/dp/B0C4H1GPG1?tag=eloabder-20&linkCode=osi&th=1&psc=1"><img src="https://m.media-amazon.com/images/I/41jyzyKyY2L._SL500_.jpg" alt="Product Image"></a><p>BEAKEY Latex Free Blender Makeup Sponge for Blending, Pink Makeup Sponge Set, Soft Beauty Sponge, for Flawless Application of Liquid, Cream, and Powder Cosmetics, Pink Makeup Gifts</p><p>$6.99 ($1.40 / Count)</p><a href="https://www.amazon.com/dp/B0C4H1GPG1?tag=eloabder-20&linkCode=osi&th=1&psc=1">View Product</a></div><div class="product"><a href="https://www.amazon.com/dp/B0B45LL4DD?tag=eloabder-20&linkCode=osi&th=1&psc=1"><img src="https://m.media-amazon.com/images/I/31ZNIWikbtL._SL500_.jpg" alt="Product Image"></a><p>Beauty of Joseon Revive Eye Serum with Retinal Niacinamide Correction for Puffy Eye Bags Fine Lines Dark Circles Wrinkles, Korean Skin Care 30ml, 1 fl.oz</p><p>$14.93 ($14.93 / Fl Oz)</p><a href="https://www.amazon.com/dp/B0B45LL4DD?tag=eloabder-20&linkCode=osi&th=1&psc=1">View Product</a></div><div class="product"><a href="https://www.amazon.com/dp/B00PBX3L7K?tag=eloabder-20&linkCode=osi&th=1&psc=1"><img src="https://m.media-amazon.com/images/I/31OiAm-FA8L._SL500_.jpg" alt="Product Image"></a><p>COSRX Snail Mucin 96% Power Repairing Essence 3.38 fl.oz 100ml, Hydrating Serum for Face with Snail Secretion Filtrate for Dull Skin & Fine Lines, Korean Skincare</p><p>$14.50 ($4.29 / Fl Oz)</p><a href="https://www.amazon.com/dp/B00PBX3L7K?tag=eloabder-20&linkCode=osi&th=1&psc=1">View Product</a></div><div class="product"><a href="https://www.amazon.com/dp/B00QPNVC0I?tag=eloabder-20&linkCode=osi&th=1&psc=1"><img src="https://m.media-amazon.com/images/I/31wV3gYUEpL._SL500_.jpg" alt="Product Image"></a><p>Real Techniques Miracle Complexion Sponge Set Duo, 2 Makeup Sponges For Liquid & Cream Makeup, Makeup Blender Sponge For Buildable Coverage, Foundation Sponge For Natural, Dewy Base, Latex-Free Foam</p><p>$7.69 ($3.84 / Count)</p><a href="https://www.amazon.com/dp/B00QPNVC0I?tag=eloabder-20&linkCode=osi&th=1&psc=1">View Product</a></div><div class="product"><a href="https://www.amazon.com/dp/B0CZYJYX4Q?tag=eloabder-20&linkCode=osi&th=1&psc=1"><img src="https://m.media-amazon.com/images/I/31hNatkE-9L._SL500_.jpg" alt="Product Image"></a><p>LANEIGE Lip Glowy Balm Mango: Hydrate, Glossy, Lightweight, Moisturize & Tint with Shea Butter</p><p>$19.00 ($54.29 / Ounce)</p><a href="https://www.amazon.com/dp/B0CZYJYX4Q?tag=eloabder-20&linkCode=osi&th=1&psc=1">View Product</a></div><div class="product"><a href="https://www.amazon.com/dp/B0CXQR14J3?tag=eloabder-20&linkCode=osi&th=1&psc=1"><img src="https://m.media-amazon.com/images/I/31RRaB6c+JL._SL500_.jpg" alt="Product Image"></a><p>e.l.f. Power Grip Dewy Setting Spray, Ultra Fine Mist Made With Hyaluronic Acid, Grips Makeup For A Hydrated, Dewy Finish, Vegan & Cruelty-Free</p><p>$10.00 ($3.70 / Fl Oz)</p><a href="https://www.amazon.com/dp/B0CXQR14J3?tag=eloabder-20&linkCode=osi&th=1&psc=1">View Product</a></div><div class="product"><a href="https://www.amazon.com/dp/B0CZF2T7CK?tag=eloabder-20&linkCode=osi&th=1&psc=1"><img src="https://m.media-amazon.com/images/I/41nBLpIw8wL._SL500_.jpg" alt="Product Image"></a><p>L'Oreal Paris Infallible 3-Second Setting Spray Mist, Microfine Mist for up to 36HR Wear, Clear, 1.76 Fl Oz</p><p>$10.98</p><a href="https://www.amazon.com/dp/B0CZF2T7CK?tag=eloabder-20&linkCode=osi&th=1&psc=1">View Product</a></div>
<div class="product"><a href="https://www.amazon.com/dp/B0D3JDYWZ6?tag=eloabder-20&linkCode=osi&th=1&psc=1"><img src="https://m.media-amazon.com/images/I/41c+v1LLXzL._SL500_.jpg" alt="Product Image"></a><p>e.l.f. Soft Glam Foundation, Medium Coverage, Long-Lasting & Buildable Foundation For A Smooth, Satin Finish, Vegan & Cruelty-Free, 31 Medium Neutral</p><p>$7.99</p><a href="https://www.amazon.com/dp/B0D3JDYWZ6?tag=eloabder-20&linkCode=osi&th=1&psc=1">View Product</a></div><div class="product"><a href="https://www.amazon.com/dp/B00PFCSURS?tag=eloabder-20&linkCode=osi&th=1&psc=1"><img src="https://m.media-amazon.com/images/I/41v54YdLHSL._SL500_.jpg" alt="Product Image"></a><p>Maybelline Fit Me Matte + Poreless Liquid Oil-Free Foundation Makeup, Natural Beige, 1 Count (Packaging May Vary)</p><p>$9.99</p><a href="https://www.amazon.com/dp/B00PFCSURS?tag=eloabder-20&linkCode=osi&th=1&psc=1">View Product</a></div><div class="product"><a href="https://www.amazon.com/dp/B07DFK238H?tag=eloabder-20&linkCode=osi&th=1&psc=1"><img src="https://m.media-amazon.com/images/I/31mAhNJ+4hL._SL500_.jpg" alt="Product Image"></a><p>e.l.f. Flawless Finish Foundation, Lightweight & Medium Coverage, Semi-Matte Finish, Light Ivory, 0.68 Fl Oz (20mL)</p><p>$6.00</p><a href="https://www.amazon.com/dp/B07DFK238H?tag=eloabder-20&linkCode=osi&th=1&psc=1">View Product</a></div><div class="product"><a href="https://www.amazon.com/dp/B01ACPW1SG?tag=eloabder-20&linkCode=osi&th=1&psc=1"><img src="https://m.media-amazon.com/images/I/41aIRzbHxNL._SL500_.jpg" alt="Product Image"></a><p>CoverGirl & Olay Simply Ageless 3-in-1 Liquid Foundation, Matte Finish, Hyaluronic & Vitamin C Formula, Cruelty Free, Classic Ivory, 1 Count</p><p>$10.49</p><a href="https://www.amazon.com/dp/B01ACPW1SG?tag=eloabder-20&linkCode=osi&th=1&psc=1">View Product</a></div><div class="product"><a href="https://www.amazon.com/dp/B000IEMGGE?tag=eloabder-20&linkCode=osi&th=1&psc=1"><img src="https://m.media-amazon.com/images/I/41RtSkNmHSL._SL500_.jpg" alt="Product Image"></a><p>LAURA GELLER NEW YORK Award-Winning Baked Balance-n-Brighten Color Correcting Powder Foundation - Fair - Buildable Light to Medium Coverage - Demi-Matte Natural Finish</p><p>$22.13</p><a href="https://www.amazon.com/dp/B000IEMGGE?tag=eloabder-20&linkCode=osi&th=1&psc=1">View Product</a></div><div class="product"><a href="https://www.amazon.com/dp/B0BCH5WVW6?tag=eloabder-20&linkCode=osi&th=1&psc=1"><img src="https://m.media-amazon.com/images/I/31wajekqpGL._SL500_.jpg" alt="Product Image"></a><p>L'Oreal Paris True Match Super-Blendable Foundation, Medium Coverage Liquid Foundation Makeup, N4, Light Medium, 1 Fl Oz</p><p>$9.97</p><a href="https://www.amazon.com/dp/B0BCH5WVW6?tag=eloabder-20&linkCode=osi&th=1&psc=1">View Product</a></div><div class="product"><a href="https://www.amazon.com/dp/B07MWSP8SG?tag=eloabder-20&linkCode=osi&th=1&psc=1"><img src="https://m.media-amazon.com/images/I/31B37fmqI7L._SL500_.jpg" alt="Product Image"></a><p>e.l.f. Flawless Finish Foundation, Improves Uneven Skin Tone, Lightweight, Medium Coverage & Semi-Matte, Vegan & Cruelty-Free, Beige 0.67 Fl Oz</p><p>$6.00</p><a href="https://www.amazon.com/dp/B07MWSP8SG?tag=eloabder-20&linkCode=osi&th=1&psc=1">View Product</a></div><div class="product"><a href="https://www.amazon.com/dp/B091D8BXSQ?tag=eloabder-20&linkCode=osi&th=1&psc=1"><img src="https://m.media-amazon.com/images/I/31ktknDTqTL._SL500_.jpg" alt="Product Image"></a><p>L'Oreal Paris True Match Nude Hyaluronic Tinted Serum Foundation with 1% Hyaluronic acid, Light 2-3, 1 fl. oz.</p><p>$15.18</p><a href="https://www.amazon.com/dp/B091D8BXSQ?tag=eloabder-20&linkCode=osi&th=1&psc=1">View Product</a></div><div class="product"><a href="https://www.amazon.com/dp/B07Z9WBHXK?tag=eloabder-20&linkCode=osi&th=1&psc=1"><img src="https://m.media-amazon.com/images/I/31c2z97BuBL._SL500_.jpg" alt="Product Image"></a><p>L'Oreal Paris Age Perfect Radiant Serum Foundation with SPF 50, Ivory, 1 fl. oz.</p><p>$14.17</p><a href="https://www.amazon.com/dp/B07Z9WBHXK?tag=eloabder-20&linkCode=osi&th=1&psc=1">View Product</a></div><div class="product"><a href="https://www.amazon.com/dp/B09LCGN136?tag=eloabder-20&linkCode=osi&th=1&psc=1"><img src="https://m.media-amazon.com/images/I/4107EiwloYL._SL500_.jpg" alt="Product Image"></a><p>TIRTIR Mask Fit Red Cushion Foundation | Japan's No.1 Choice for Glass skin, Long-Lasting, Lightweight, Buildable Coverage, Semi-Matte (17C Porcelain, 0.63 Fl Oz (Pack of 1))</p><p>$25.00 ($39.68 / Fl Oz)</p><a href="https://www.amazon.com/dp/B09LCGN136?tag=eloabder-20&linkCode=osi&th=1&psc=1">View Product</a></div>
<div class="product"><a href="https://www.amazon.com/dp/B07Q9V4KMJ?tag=eloabder-20&linkCode=osi&th=1&psc=1"><img src="https://m.media-amazon.com/images/I/31pro1JWTCL._SL500_.jpg" alt="Product Image"></a><p>Maybelline Instant Age Rewind Eraser Dark Circles Treatment Multi-Use Concealer, 115, 1 Count (Packaging May Vary)</p><p>$8.42</p><a href="https://www.amazon.com/dp/B07Q9V4KMJ?tag=eloabder-20&linkCode=osi&th=1&psc=1">View Product</a></div><div class="product"><a href="https://www.amazon.com/dp/B07ZR14WBZ?tag=eloabder-20&linkCode=osi&th=1&psc=1"><img src="https://m.media-amazon.com/images/I/313ljymBVaL._SL500_.jpg" alt="Product Image"></a><p>e.l.f. Hydrating Camo Concealer, Lightweight, Full Coverage, Long Lasting, Conceals, Corrects, Covers, Hydrates, Highlights, Light Sand, Satin Finish, 25 Shades, All-Day Wear, 0.20 Fl Oz</p><p>$7.00</p><a href="https://www.amazon.com/dp/B07ZR14WBZ?tag=eloabder-20&linkCode=osi&th=1&psc=1">View Product</a></div><div class="product"><a href="https://www.amazon.com/dp/B0046VJV36?tag=eloabder-20&linkCode=osi&th=1&psc=1"><img src="https://m.media-amazon.com/images/I/31-ZFCLgLcL._SL500_.jpg" alt="Product Image"></a><p>Maybelline New York Fit Me Liquid Concealer Makeup, Natural Coverage, Lightweight, Conceals, Covers Oil-Free, Fair, 1 Count (Packaging May Vary)</p><p>$6.31</p><a href="https://www.amazon.com/dp/B0046VJV36?tag=eloabder-20&linkCode=osi&th=1&psc=1">View Product</a></div><div class="product"><a href="https://www.amazon.com/dp/B07ZR1CQHS?tag=eloabder-20&linkCode=osi&th=1&psc=1"><img src="https://m.media-amazon.com/images/I/31s0zWRX+4L._SL500_.jpg" alt="Product Image"></a><p>e.l.f. 16HR Camo Concealer, Full Coverage, Highly Pigmented Concealer With Matte Finish, Crease-proof, Vegan & Cruelty-Free, Light Ivory, 0.203 Fl Oz</p><p>$7.00</p><a href="https://www.amazon.com/dp/B07ZR1CQHS?tag=eloabder-20&linkCode=osi&th=1&psc=1">View Product</a></div><div class="product"><a href="https://www.amazon.com/dp/B0814SLHQH?tag=eloabder-20&linkCode=osi&th=1&psc=1"><img src="https://m.media-amazon.com/images/I/312GW4aGnRL._SL500_.jpg" alt="Product Image"></a><p>Neutrogena Healthy Skin Radiant Brightening Cream Concealer with Peptides & Vitamin E Antioxidant,Lightweight Perfecting Concealer,Non-Comedogenic,Bisque Light/Medium 02 neutral undertones,0.24 oz</p><p>$5.62</p><a href="https://www.amazon.com/dp/B0814SLHQH?tag=eloabder-20&linkCode=osi&th=1&psc=1">View Product</a></div><div class="product"><a href="https://www.amazon.com/dp/B007MJKHPA?tag=eloabder-20&linkCode=osi&th=1&psc=1"><img src="https://m.media-amazon.com/images/I/31ljSDY5P1L._SL500_.jpg" alt="Product Image"></a><p>L.A. Girl Pro Conceal HD Concealer, Creamy Beige, 0.28 Ounce</p><p>$4.97 ($17.75 / Ounce)</p><a href="https://www.amazon.com/dp/B007MJKHPA?tag=eloabder-20&linkCode=osi&th=1&psc=1">View Product</a></div><div class="product"><a href="https://www.amazon.com/dp/B09HNMRQN2?tag=eloabder-20&linkCode=osi&th=1&psc=1"><img src="https://m.media-amazon.com/images/I/31vIe0FIEML._SL500_.jpg" alt="Product Image"></a><p>NYX PROFESSIONAL MAKEUP Bare With Me Concealer Serum, Up To 24Hr Hydration - Vanilla</p><p>$9.00</p><a href="https://www.amazon.com/dp/B09HNMRQN2?tag=eloabder-20&linkCode=osi&th=1&psc=1">View Product</a></div><div class="product"><a href="https://www.amazon.com/dp/B06XQWS1N9?tag=eloabder-20&linkCode=osi&th=1&psc=1"><img src="https://m.media-amazon.com/images/I/31rKumTg1GL._SL500_.jpg" alt="Product Image"></a><p>COVERGIRL Smoothers Concealer, Medium 715, 0.14 ounce (packaging may vary)</p><p>$7.28</p><a href="https://www.amazon.com/dp/B06XQWS1N9?tag=eloabder-20&linkCode=osi&th=1&psc=1">View Product</a></div><div class="product"><a href="https://www.amazon.com/dp/B07H67H5LH?tag=eloabder-20&linkCode=osi&th=1&psc=1"><img src="https://m.media-amazon.com/images/I/31bWoYCj-nL._SL500_.jpg" alt="Product Image"></a><p>L'Oreal Paris Makeup Infallible Full Wear Waterproof Matte Concealer, Full Coverage, Ivory, 0.33 fl. oz.</p><p>$11.45</p><a href="https://www.amazon.com/dp/B07H67H5LH?tag=eloabder-20&linkCode=osi&th=1&psc=1">View Product</a></div><div class="product"><a href="https://www.amazon.com/dp/B0B51NLJWQ?tag=eloabder-20&linkCode=osi&th=1&psc=1"><img src="https://m.media-amazon.com/images/I/31GXqccxM0L._SL500_.jpg" alt="Product Image"></a><p>Fièra Luxury Concealer with Anti-Aging - All Day Coverage for Dark Circles, Fine Lines, Wrinkles & Spots - Neutral Beige, 0.5 Ounce</p><p>$27.00</p><a href="https://www.amazon.com/dp/B0B51NLJWQ?tag=eloabder-20&linkCode=osi&th=1&psc=1">View Product</a></div>
<div class="product"><a href="https://www.amazon.com/dp/B01IM0LVFC?tag=eloabder-20&linkCode=osi&th=1&psc=1"><img src="https://m.media-amazon.com/images/I/31r47BdfjGL._SL500_.jpg" alt="Product Image"></a><p>e.l.f. Prime & Stay Finishing Powder, Sets Makeup, Controls Shine & Smooths Complexion, Sheer, 0.18 Oz (5g)</p><p>$4.00</p><a href="https://www.amazon.com/dp/B01IM0LVFC?tag=eloabder-20&linkCode=osi&th=1&psc=1">View Product</a></div><div class="product"><a href="https://www.amazon.com/dp/B004GC74GG?tag=eloabder-20&linkCode=osi&th=1&psc=1"><img src="https://m.media-amazon.com/images/I/41kZTeBUCSL._SL500_.jpg" alt="Product Image"></a><p>Revlon Face Powder, ColorStay 16 Hour Face Makeup, Longwear Medium- Full Coverage with Flawless Finish, Shine & Oil Free, 880 Translucent, 0.3 Oz</p><p>$9.62</p><a href="https://www.amazon.com/dp/B004GC74GG?tag=eloabder-20&linkCode=osi&th=1&psc=1">View Product</a></div><div class="product"><a href="https://www.amazon.com/dp/B0CPFY5F7P?tag=eloabder-20&linkCode=osi&th=1&psc=1"><img src="https://m.media-amazon.com/images/I/41rYvHbKJ0L._SL500_.jpg" alt="Product Image"></a><p>e.l.f. Primer-Infused Bronzer, Long-Lasting, Lightweight & Buildable Powder Bronzer, Delivers A Matte Finish, Vegan & Cruelty-Free, Catching Rays</p><p>$7.00</p><a href="https://www.amazon.com/dp/B0CPFY5F7P?tag=eloabder-20&linkCode=osi&th=1&psc=1">View Product</a></div><div class="product"><a href="https://www.amazon.com/dp/B0B2VXZRHH?tag=eloabder-20&linkCode=osi&th=1&psc=1"><img src="https://m.media-amazon.com/images/I/41p6UtnQJWL._SL500_.jpg" alt="Product Image"></a><p>bareMinerals Barepro 16HR Skin-Perfecting Powder Foundation, Matte Pressed Powder Foundation Full Coverage with Plant-Based Squalene, Oil Control, Vegan</p><p>$42.00 ($150.00 / Ounce)</p><a href="https://www.amazon.com/dp/B0B2VXZRHH?tag=eloabder-20&linkCode=osi&th=1&psc=1">View Product</a></div><div class="product"><a href="https://www.amazon.com/dp/B0D4752RVV?tag=eloabder-20&linkCode=osi&th=1&psc=1"><img src="https://m.media-amazon.com/images/I/31WKVfT2bML._SL500_.jpg" alt="Product Image"></a><p>Revolution Beauty, Loose Baking Powder, Makeup Setting Powder, Long Lasting Coverage, Mattifies & Reduces Shine, Rose, 1.13 Oz</p><p>$8.00</p><a href="https://www.amazon.com/dp/B0D4752RVV?tag=eloabder-20&linkCode=osi&th=1&psc=1">View Product</a></div><div class="product"><a href="https://www.amazon.com/dp/B0C9LPPJ26?tag=eloabder-20&linkCode=osi&th=1&psc=1"><img src="https://m.media-amazon.com/images/I/51iWoZ-wkuL._SL500_.jpg" alt="Product Image"></a><p>AZUREBEAUTY 42 Pcs Dip Nails Powder Starter Kit, 32 Hot Pink Blue Purple Color Changing Spring Dipping Powder Liquid Set with Base Coat/Top Coat/Activator for French Manicure Salon DIY.</p><p>$19.99 ($19.99 / Count)</p><a href="https://www.amazon.com/dp/B0C9LPPJ26?tag=eloabder-20&linkCode=osi&th=1&psc=1">View Product</a></div><div class="product"><a href="https://www.amazon.com/dp/B0D2N1SZ9V?tag=eloabder-20&linkCode=osi&th=1&psc=1"><img src="https://m.media-amazon.com/images/I/41Ogu3bO7hL._SL500_.jpg" alt="Product Image"></a><p>Artdone Chrome Nail Powder Magic White Pearl Kit Mirror Effect Silver Metallic Holographic Dip Nail Powder For Resin Craft & Nail Art Decoration Iridescent Aurora Mermaid Pigment</p><p>$3.99 ($28.28 / Ounce)</p><a href="https://www.amazon.com/dp/B0D2N1SZ9V?tag=eloabder-20&linkCode=osi&th=1&psc=1">View Product</a></div><div class="product"><a href="https://www.amazon.com/dp/B0D19YQWSX?tag=eloabder-20&linkCode=osi&th=1&psc=1"><img src="https://m.media-amazon.com/images/I/21GbGbhBFWL._SL500_.jpg" alt="Product Image"></a><p>NYX PROFESSIONAL MAKEUP Brow Powder Louder Eyebrow Pencil, Brow Pencil with Buildable Volume For Up To 12HR Wear, Vegan Formula - Ash Brown</p><p>$6.00</p><a href="https://www.amazon.com/dp/B0D19YQWSX?tag=eloabder-20&linkCode=osi&th=1&psc=1">View Product</a></div><div class="product"><a href="https://www.amazon.com/dp/B00AOU5NVC?tag=eloabder-20&linkCode=osi&th=1&psc=1"><img src="https://m.media-amazon.com/images/I/31eI9oALZzL._SL500_.jpg" alt="Product Image"></a><p>Neutrogena Mineral Sheers Lightweight Loose Powder Makeup Foundation with Vitamins A, C, & E, Sheer to Medium Buildable Coverage, Skin Tone Enhancer, Face Redness Reducer, Nude 40,.19 oz</p><p>$5.72</p><a href="https://www.amazon.com/dp/B00AOU5NVC?tag=eloabder-20&linkCode=osi&th=1&psc=1">View Product</a></div>
<div class="product"><a href="https://www.amazon.com/dp/B07PNCB73M?tag=eloabder-20&linkCode=osi&th=1&psc=1"><img src="https://m.media-amazon.com/images/I/41+KYSFOLML._SL500_.jpg" alt="Product Image"></a><p>Milani Baked Blush - Petal Primavera (0.12 Ounce) Cruelty-Free Powder Blush - Shape, Contour & Highlight Face for a Shimmery or Matte Finish</p><p>$8.97</p><a href="https://www.amazon.com/dp/B07PNCB73M?tag=eloabder-20&linkCode=osi&th=1&psc=1">View Product</a></div><div class="product"><a href="https://www.amazon.com/dp/B0CPFYGNR7?tag=eloabder-20&linkCode=osi&th=1&psc=1"><img src="https://m.media-amazon.com/images/I/31EJvMa7jyL._SL500_.jpg" alt="Product Image"></a><p>e.l.f. Camo Liquid Blush, Long-lasting Liquid Blush For High-pigment Color, Creates A Soft, Dewy Finish, Vegan & Cruelty-free, Dusty Rosé</p><p>$7.00</p><a href="https://www.amazon.com/dp/B0CPFYGNR7?tag=eloabder-20&linkCode=osi&th=1&psc=1">View Product</a></div><div class="product"><a href="https://www.amazon.com/dp/B0CZ5HLDK9?tag=eloabder-20&linkCode=osi&th=1&psc=1"><img src="https://m.media-amazon.com/images/I/41rZu1cS8QL._SL500_.jpg" alt="Product Image"></a><p>NYX PROFESSIONAL MAKEUP Buttermelt Powder Blush, Fade and Transfer-Resistant Blush, Up to 12HR Make Up Wear, Vegan Formula - For The Butta</p><p>$9.97</p><a href="https://www.amazon.com/dp/B0CZ5HLDK9?tag=eloabder-20&linkCode=osi&th=1&psc=1">View Product</a></div><div class="product"><a href="https://www.amazon.com/dp/B06XDNPXD1?tag=eloabder-20&linkCode=osi&th=1&psc=1"><img src="https://m.media-amazon.com/images/I/41IryPTf51L._SL500_.jpg" alt="Product Image"></a><p>Maybelline Fit Me Powder Blush, Lightweight, Smooth, Blendable, Long-lasting All-Day Face Enhancing Makeup Color, Mauve, 1 Count</p><p>$4.62</p><a href="https://www.amazon.com/dp/B06XDNPXD1?tag=eloabder-20&linkCode=osi&th=1&psc=1">View Product</a></div><div class="product"><a href="https://www.amazon.com/dp/B082YPNTZ4?tag=eloabder-20&linkCode=osi&th=1&psc=1"><img src="https://m.media-amazon.com/images/I/41vtXkWXs8L._SL500_.jpg" alt="Product Image"></a><p>wet n wild Color Icon Blush, Effortless Glow & Seamless Blend infused with Luxuriously Smooth Jojoba Oil, Sheer Finish with a Matte Natural Glow, Cruelty-Free & Vegan - Pinch Me Pink</p><p>$3.28</p><a href="https://www.amazon.com/dp/B082YPNTZ4?tag=eloabder-20&linkCode=osi&th=1&psc=1">View Product</a></div><div class="product"><a href="https://www.amazon.com/dp/B0CPFWJJQJ?tag=eloabder-20&linkCode=osi&th=1&psc=1"><img src="https://m.media-amazon.com/images/I/41+GdEwyGqL._SL500_.jpg" alt="Product Image"></a><p>e.l.f. Primer-Infused Matte Blush, Long-Lasting, Lightweight & Buildable Powder Blush, Delivers A Matte Finish, Vegan & Cruelty-Free, Always Crushing</p><p>$7.00</p><a href="https://www.amazon.com/dp/B0CPFWJJQJ?tag=eloabder-20&linkCode=osi&th=1&psc=1">View Product</a></div><div class="product"><a href="https://www.amazon.com/dp/B0B64GX5LN?tag=eloabder-20&linkCode=osi&th=1&psc=1"><img src="https://m.media-amazon.com/images/I/31aZBeyUSsL._SL500_.jpg" alt="Product Image"></a><p>LAURA GELLER NEW YORK Serum Blush Tint, Lightweight Liquid Blush for Cheeks, Weightless Watercolor Sheer Finish, Practical Pink</p><p>$15.74</p><a href="https://www.amazon.com/dp/B0B64GX5LN?tag=eloabder-20&linkCode=osi&th=1&psc=1">View Product</a></div><div class="product"><a href="https://www.amazon.com/dp/B0BHFBBH25?tag=eloabder-20&linkCode=osi&th=1&psc=1"><img src="https://m.media-amazon.com/images/I/31uqOuPPf5L._SL500_.jpg" alt="Product Image"></a><p>SHEGLAM Color Bloom Liquid Blush Makeup for Cheeks Matte Finish - Love Cake</p><p>$6.99</p><a href="https://www.amazon.com/dp/B0BHFBBH25?tag=eloabder-20&linkCode=osi&th=1&psc=1">View Product</a></div><div class="product"><a href="https://www.amazon.com/dp/B00J56D0G6?tag=eloabder-20&linkCode=osi&th=1&psc=1"><img src="https://m.media-amazon.com/images/I/31MVN0QAhfL._SL500_.jpg" alt="Product Image"></a><p>e.l.f. Cosmetics Powder Blush Palette, Four Blush Shades for Beautiful, Long-Lasting Pigment, Light</p><p>$6.00</p><a href="https://www.amazon.com/dp/B00J56D0G6?tag=eloabder-20&linkCode=osi&th=1&psc=1">View Product</a></div><div class="product"><a href="https://www.amazon.com/dp/B07J47FHR1?tag=eloabder-20&linkCode=osi&th=1&psc=1"><img src="https://m.media-amazon.com/images/I/41Xyor9x2SL._SL500_.jpg" alt="Product Image"></a><p>Nars Blush in ORGASM Full Size 0.16 oz. / 4.8 g in Retail Box New Edition</p><p>$22.00</p><a href="https://www.amazon.com/dp/B07J47FHR1?tag=eloabder-20&linkCode=osi&th=1&psc=1">View Product</a></div>
<div class="product"><a href="https://www.amazon.com/dp/B018B8Q5Z6?tag=eloabder-20&linkCode=osi&th=1&psc=1"><img src="https://m.media-amazon.com/images/I/41D9ZHQRaSL._SL500_.jpg" alt="Product Image"></a><p>Physicians Formula Murumuru Butter Bronzer, Moisturizing, Nourishing Murumuru Butter Blend for Silky All-Day Luminous Glow, Dermatologist Tested, Hypoallergenic, Vegan & Cruelty-Free -Bronzer</p><p>$12.15</p><a href="https://www.amazon.com/dp/B018B8Q5Z6?tag=eloabder-20&linkCode=osi&th=1&psc=1">View Product</a></div><div class="product"><a href="https://www.amazon.com/dp/B001B0H82Q?tag=eloabder-20&linkCode=osi&th=1&psc=1"><img src="https://m.media-amazon.com/images/I/41I3B-YoLkL._SL500_.jpg" alt="Product Image"></a><p>Rimmel London Natural - 022 Sun Bronze - Bronzer, Matte Finish, 0.49oz</p><p>$4.49</p><a href="https://www.amazon.com/dp/B001B0H82Q?tag=eloabder-20&linkCode=osi&th=1&psc=1">View Product</a></div><div class="product"><a href="https://www.amazon.com/dp/B0BM5HX7DN?tag=eloabder-20&linkCode=osi&th=1&psc=1"><img src="https://m.media-amazon.com/images/I/41DwoHQgzsL._SL500_.jpg" alt="Product Image"></a><p>Benefit Hoola Matte Bronzer Mini 0.08 Ounce</p><p>$17.85</p><a href="https://www.amazon.com/dp/B0BM5HX7DN?tag=eloabder-20&linkCode=osi&th=1&psc=1">View Product</a></div><div class="product"><a href="https://www.amazon.com/dp/B07M7NGVW7?tag=eloabder-20&linkCode=osi&th=1&psc=1"><img src="https://m.media-amazon.com/images/I/51dvod9PjTL._SL500_.jpg" alt="Product Image"></a><p>wet n wild Color Icon Bronzer What Shady Beaches</p><p>$2.96</p><a href="https://www.amazon.com/dp/B07M7NGVW7?tag=eloabder-20&linkCode=osi&th=1&psc=1">View Product</a></div><div class="product"><a href="https://www.amazon.com/dp/B07ZR187P5?tag=eloabder-20&linkCode=osi&th=1&psc=1"><img src="https://m.media-amazon.com/images/I/410nkMFZLYL._SL500_.jpg" alt="Product Image"></a><p>e.l.f. Primer-infused Bronzer, Long-Wear, Matte, Bold, Lightweight, Blends Easily, Contours Cheeks, Forever Sun Kissed, All-Day Wear, 0.35 Oz</p><p>$7.00 ($20.00 / Ounce)</p><a href="https://www.amazon.com/dp/B07ZR187P5?tag=eloabder-20&linkCode=osi&th=1&psc=1">View Product</a></div><div class="product"><a href="https://www.amazon.com/dp/B0CPFVTY7M?tag=eloabder-20&linkCode=osi&th=1&psc=1"><img src="https://m.media-amazon.com/images/I/41rO68Q0mlL._SL500_.jpg" alt="Product Image"></a><p>e.l.f. Primer-Infused Bronzer, Long-Lasting, Lightweight & Buildable Powder Bronzer, Delivers A Matte Finish, Vegan & Cruelty-Free, Fresh Tan</p><p>$7.00</p><a href="https://www.amazon.com/dp/B0CPFVTY7M?tag=eloabder-20&linkCode=osi&th=1&psc=1">View Product</a></div><div class="product"><a href="https://www.amazon.com/dp/B00518N3VE?tag=eloabder-20&linkCode=osi&th=1&psc=1"><img src="https://m.media-amazon.com/images/I/41SzIseWK6L._SL500_.jpg" alt="Product Image"></a><p>Milani Baked Bronzer - Glow, Cruelty-Free Shimmer Bronzing Powder to Use For Contour Makeup, Highlighters Makeup, Bronzer Makeup, 0.25 Ounce</p><p>$9.97 ($39.88 / Ounce)</p><a href="https://www.amazon.com/dp/B00518N3VE?tag=eloabder-20&linkCode=osi&th=1&psc=1">View Product</a></div><div class="product"><a href="https://www.amazon.com/dp/B006WZ9O72?tag=eloabder-20&linkCode=osi&th=1&psc=1"><img src="https://m.media-amazon.com/images/I/51rDNo9JnqL._SL500_.jpg" alt="Product Image"></a><p>Physicians Formula Bronze Booster Glow-Boosting Season-to-Season, Customizable Seasonal Glow Glow, Lasting Tan Boost, Hypoallergenic Powder, Cruelty-Free & Hypoallergenic- Light-to-Medium</p><p>$12.98</p><a href="https://www.amazon.com/dp/B006WZ9O72?tag=eloabder-20&linkCode=osi&th=1&psc=1">View Product</a></div><div class="product"><a href="https://www.amazon.com/dp/B0CNTYPSSZ?tag=eloabder-20&linkCode=osi&th=1&psc=1"><img src="https://m.media-amazon.com/images/I/416D4Z7hQ8L._SL500_.jpg" alt="Product Image"></a><p>Milani Cheek Kiss Cream Bronzer-110 Hey Honey</p><p>$9.97</p><a href="https://www.amazon.com/dp/B0CNTYPSSZ?tag=eloabder-20&linkCode=osi&th=1&psc=1">View Product</a></div><div class="product"><a href="https://www.amazon.com/dp/B0CVNKP1FM?tag=eloabder-20&linkCode=osi&th=1&psc=1"><img src="https://m.media-amazon.com/images/I/41v4UlIsUOL._SL500_.jpg" alt="Product Image"></a><p>NYX PROFESSIONAL MAKEUP Matte Buttermelt Bronzer, Longwear Face Makeup with Up to 12 Hours of Wear, Vegan Formula - Butta Than U</p><p>$7.70</p><a href="https://www.amazon.com/dp/B0CVNKP1FM?tag=eloabder-20&linkCode=osi&th=1&psc=1">View Product</a></div>
<div class="product"><a href="https://www.amazon.com/dp/B09288DSSX?tag=eloabder-20&linkCode=osi&th=1&psc=1"><img src="https://m.media-amazon.com/images/I/417z6evbmhL._SL500_.jpg" alt="Product Image"></a><p>KYDA Face Highlighter Palette, High Glossy Face Illuminator Palette, Narutal Glow Finish, Pearl Shimmer Smooth Baked Powder, Lasting Sparkling Highlighter Makeup-SUN GLOW</p><p>$9.99</p><a href="https://www.amazon.com/dp/B09288DSSX?tag=eloabder-20&linkCode=osi&th=1&psc=1">View Product</a></div><div class="product"><a href="https://www.amazon.com/dp/B0C41PSDZF?tag=eloabder-20&linkCode=osi&th=1&psc=1"><img src="https://m.media-amazon.com/images/I/41FLNU-tL-L._SL500_.jpg" alt="Product Image"></a><p>NYX PROFESSIONAL MAKEUP, Jumbo Multi-Use Face Highlighter Stick - Vanilla Ice Cream</p><p>$6.00</p><a href="https://www.amazon.com/dp/B0C41PSDZF?tag=eloabder-20&linkCode=osi&th=1&psc=1">View Product</a></div><div class="product"><a href="https://www.amazon.com/dp/B082YPL2SV?tag=eloabder-20&linkCode=osi&th=1&psc=1"><img src="https://m.media-amazon.com/images/I/51Y+MCkwArL._SL500_.jpg" alt="Product Image"></a><p>Wet n Wild MegaGlo Blushlighter, Blendable Blush & Highlighter Set, Shimmery Metallic Finish, Highlight Bling</p><p>$5.47</p><a href="https://www.amazon.com/dp/B082YPL2SV?tag=eloabder-20&linkCode=osi&th=1&psc=1">View Product</a></div><div class="product"><a href="https://www.amazon.com/dp/B07QPY11KY?tag=eloabder-20&linkCode=osi&th=1&psc=1"><img src="https://m.media-amazon.com/images/I/312T7p8cW6L._SL500_.jpg" alt="Product Image"></a><p>Revolution Beauty, Reloaded Pressed Powder Highlighter, Intensely Pigmented for a High Impact Dewy Finish, Dare To Divulge, 0.22 Oz.</p><p>$6.98</p><a href="https://www.amazon.com/dp/B07QPY11KY?tag=eloabder-20&linkCode=osi&th=1&psc=1">View Product</a></div><div class="product"><a href="https://www.amazon.com/dp/B0C6V67KJW?tag=eloabder-20&linkCode=osi&th=1&psc=1"><img src="https://m.media-amazon.com/images/I/31Yh8b8JEjL._SL500_.jpg" alt="Product Image"></a><p>e.l.f. Halo Glow Highlight Beauty Wand, Liquid Highlighter Wand For Luminous, Glowing Skin, Buildable Formula, Vegan & Cruelty-free,Champagne Campaign</p><p>$9.00</p><a href="https://www.amazon.com/dp/B0C6V67KJW?tag=eloabder-20&linkCode=osi&th=1&psc=1">View Product</a></div><div class="product"><a href="https://www.amazon.com/dp/B073WMG59J?tag=eloabder-20&linkCode=osi&th=1&psc=1"><img src="https://m.media-amazon.com/images/I/51fz8bpJNNL._SL500_.jpg" alt="Product Image"></a><p>wet n wild MegaGlo Highlighting Powder, Highlighter Makeup, Shimmer Glow, Pink Rose Gold Blossom Glow</p><p>$5.47</p><a href="https://www.amazon.com/dp/B073WMG59J?tag=eloabder-20&linkCode=osi&th=1&psc=1">View Product</a></div><div class="product"><a href="https://www.amazon.com/dp/B074PTZCNW?tag=eloabder-20&linkCode=osi&th=1&psc=1"><img src="https://m.media-amazon.com/images/I/31btEAGukiL._SL500_.jpg" alt="Product Image"></a><p>L'Oreal Paris Makeup True Match Lumi Glotion, Natural Glow Enhancer, Illuminator Highlighter Skin Tint, for an All Day Radiant Glow, Light, 1.35 Ounces</p><p>$12.74</p><a href="https://www.amazon.com/dp/B074PTZCNW?tag=eloabder-20&linkCode=osi&th=1&psc=1">View Product</a></div><div class="product"><a href="https://www.amazon.com/dp/B0BD9HYBKD?tag=eloabder-20&linkCode=osi&th=1&psc=1"><img src="https://m.media-amazon.com/images/I/319tXl8nMUL._SL500_.jpg" alt="Product Image"></a><p>LAURA GELLER NEW YORK Baked Natural Glow Highlighter Radiance Enhancing Makeup, French Vanilla</p><p>$18.99</p><a href="https://www.amazon.com/dp/B0BD9HYBKD?tag=eloabder-20&linkCode=osi&th=1&psc=1">View Product</a></div><div class="product"><a href="https://www.amazon.com/dp/B075K784FK?tag=eloabder-20&linkCode=osi&th=1&psc=1"><img src="https://m.media-amazon.com/images/I/51q6Nf009iL._SL500_.jpg" alt="Product Image"></a><p>Physicians Formula Murumuru Butter Highlighter Makeup Face Powder Make Up, Pearl, Dermatologist Approved</p><p>$10.00</p><a href="https://www.amazon.com/dp/B075K784FK?tag=eloabder-20&linkCode=osi&th=1&psc=1">View Product</a></div><div class="product"><a href="https://www.amazon.com/dp/B083574V27?tag=eloabder-20&linkCode=osi&th=1&psc=1"><img src="https://m.media-amazon.com/images/I/41fyFVpDrXL._SL500_.jpg" alt="Product Image"></a><p>Milani Baked Highlighter (Dolce Perla) - Cruelty-Free Powder Highlighter, Highlight Face for a Shimmery or Matte Finish</p><p>$10.97 ($39.18 / Ounce)</p><a href="https://www.amazon.com/dp/B083574V27?tag=eloabder-20&linkCode=osi&th=1&psc=1">View Product</a></div>
<div class="product"><a href="https://www.amazon.com/dp/B09XMYFTB7?tag=eloabder-20&linkCode=osi&th=1&psc=1"><img src="https://m.media-amazon.com/images/I/31t+Ua+JWSL._SL500_.jpg" alt="Product Image"></a><p>e.l.f. Power Grip Primer, Gel-Based & Hydrating Face Primer For Smoothing Skin & Gripping Makeup, Moisturizes & Primes, 0.811 Fl Oz (24 ml)</p><p>$9.98</p><a href="https://www.amazon.com/dp/B09XMYFTB7?tag=eloabder-20&linkCode=osi&th=1&psc=1">View Product</a></div><div class="product"><a href="https://www.amazon.com/dp/B07BHB7QBN?tag=eloabder-20&linkCode=osi&th=1&psc=1"><img src="https://m.media-amazon.com/images/I/31kMxA9EhWL._SL500_.jpg" alt="Product Image"></a><p>Maybelline New York Facestudio Master Prime Primer Makeup, Blur + Pore Minimize, 1 fl. oz.</p><p>$8.99</p><a href="https://www.amazon.com/dp/B07BHB7QBN?tag=eloabder-20&linkCode=osi&th=1&psc=1">View Product</a></div><div class="product"><a href="https://www.amazon.com/dp/B00JZ4V6V4?tag=eloabder-20&linkCode=osi&th=1&psc=1"><img src="https://m.media-amazon.com/images/I/31jO7qDk9zL._SL500_.jpg" alt="Product Image"></a><p>e.l.f. Poreless Face Primer, Restoring Makeup Primer For A Flawless, Smooth Canvas, Infused With Tea Tree & Vitamin A, Vegan & Cruelty-Free, 0.47 Fl Oz</p><p>$7.83</p><a href="https://www.amazon.com/dp/B00JZ4V6V4?tag=eloabder-20&linkCode=osi&th=1&psc=1">View Product</a></div><div class="product"><a href="https://www.amazon.com/dp/B0BQQS5GBQ?tag=eloabder-20&linkCode=osi&th=1&psc=1"><img src="https://m.media-amazon.com/images/I/31TLdF8cy8L._SL500_.jpg" alt="Product Image"></a><p>e.l.f. Power Grip Primer + 4% Niacinamide, Gel-Based & Hydrating Face Primer, Evens Skin & Brightens, Grips Makeup, Vegan & Cruelty-Free, 0.8 Fl Oz</p><p>$10.00</p><a href="https://www.amazon.com/dp/B0BQQS5GBQ?tag=eloabder-20&linkCode=osi&th=1&psc=1">View Product</a></div><div class="product"><a href="https://www.amazon.com/dp/B07NSH2B4D?tag=eloabder-20&linkCode=osi&th=1&psc=1"><img src="https://m.media-amazon.com/images/I/31gmpEmsBmL._SL500_.jpg" alt="Product Image"></a><p>e.l.f. Poreless Putty Primer, Silky, Skin-Perfecting, Lightweight, Long Lasting, Smooths, Hydrates, Minimizes Pores, Flawless Base & Finish, All-Day Wear, Ideal for All Skin Types, 0.74 Fl Oz</p><p>$10.00</p><a href="https://www.amazon.com/dp/B07NSH2B4D?tag=eloabder-20&linkCode=osi&th=1&psc=1">View Product</a></div><div class="product"><a href="https://www.amazon.com/dp/B09WYT4QTJ?tag=eloabder-20&linkCode=osi&th=1&psc=1"><img src="https://m.media-amazon.com/images/I/214qTbvzjrL._SL500_.jpg" alt="Product Image"></a><p>Smashbox The Original Photo Finish Smooth & Blur Oil-Free Makeup Primer - Infused with Vitamin A & E, Reduces The Appearance of Fine Lines and Pores - Travel Size, 0.34 fl oz</p><p>$16.00 ($47.06 / Ounce)</p><a href="https://www.amazon.com/dp/B09WYT4QTJ?tag=eloabder-20&linkCode=osi&th=1&psc=1">View Product</a></div><div class="product"><a href="https://www.amazon.com/dp/B07PQN4XZ1?tag=eloabder-20&linkCode=osi&th=1&psc=1"><img src="https://m.media-amazon.com/images/I/31BdxqUi-iL._SL500_.jpg" alt="Product Image"></a><p>Milk Makeup Hydro Grip Primer - 0.33 fl oz - Hydrates & Grips Makeup for Up to 12 Hours - Prevents Caking - All Skin Types - Fragrance-Free - Vegan, Cruelty Free</p><p>$20.00 ($60.61 / Fl Oz)</p><a href="https://www.amazon.com/dp/B07PQN4XZ1?tag=eloabder-20&linkCode=osi&th=1&psc=1">View Product</a></div><div class="product"><a href="https://www.amazon.com/dp/B00HVI8WYU?tag=eloabder-20&linkCode=osi&th=1&psc=1"><img src="https://m.media-amazon.com/images/I/31educzzSsL._SL500_.jpg" alt="Product Image"></a><p>e.l.f. Hydrating Face Primer, Makeup Primer For Flawless, Smooth Skin & Long-Lasting Makeup, Fills In Pores & Fine Lines, Vegan & Cruelty-free, Small</p><p>$8.00</p><a href="https://www.amazon.com/dp/B00HVI8WYU?tag=eloabder-20&linkCode=osi&th=1&psc=1">View Product</a></div><div class="product"><a href="https://www.amazon.com/dp/B07BHBDN3Y?tag=eloabder-20&linkCode=osi&th=1&psc=1"><img src="https://m.media-amazon.com/images/I/3173qcBCyFL._SL500_.jpg" alt="Product Image"></a><p>Maybelline New York Facestudio Master Prime Primer Makeup, Blur+ Defend, 1 fl. oz.</p><p>$9.77</p><a href="https://www.amazon.com/dp/B07BHBDN3Y?tag=eloabder-20&linkCode=osi&th=1&psc=1">View Product</a></div><div class="product"><a href="https://www.amazon.com/dp/B00I9X3UKM?tag=eloabder-20&linkCode=osi&th=1&psc=1"><img src="https://m.media-amazon.com/images/I/31Bx9WdmmdL._SL500_.jpg" alt="Product Image"></a><p>Rimmel London Stay Matte - 003 - Primer, Ultra-Lightweight, Controls Shine, Doesn’t Feel Greasy, 1oz</p><p>$5.97</p><a href="https://www.amazon.com/dp/B00I9X3UKM?tag=eloabder-20&linkCode=osi&th=1&psc=1">View Product</a></div>
<div class="product"><a href="https://www.amazon.com/dp/B008C131AK?tag=eloabder-20&linkCode=osi&th=1&psc=1"><img src="https://m.media-amazon.com/images/I/41EVShOq3PL._SL500_.jpg" alt="Product Image"></a><p>Maybelline Dream Fresh Skin Hydrating BB cream, 8-in-1 Skin Perfecting Beauty Balm with Broad Spectrum SPF 30, Sheer Tint Coverage, Oil-Free, Medium, 1 Fl Oz</p><p>$7.99</p><a href="https://www.amazon.com/dp/B008C131AK?tag=eloabder-20&linkCode=osi&th=1&psc=1">View Product</a></div><div class="product"><a href="https://www.amazon.com/dp/B0084A5PWQ?tag=eloabder-20&linkCode=osi&th=1&psc=1"><img src="https://m.media-amazon.com/images/I/31RjcO5JPeL._SL500_.jpg" alt="Product Image"></a><p>L'Oréal Paris Makeup Magic Skin Beautifier BB Cream Tinted Moisturizer, Medium, 1 fl oz, 1 Count</p><p>$9.98</p><a href="https://www.amazon.com/dp/B0084A5PWQ?tag=eloabder-20&linkCode=osi&th=1&psc=1">View Product</a></div><div class="product"><a href="https://www.amazon.com/dp/B002B9DWBC?tag=eloabder-20&linkCode=osi&th=1&psc=1"><img src="https://m.media-amazon.com/images/I/41ZejVfTaoL._SL500_.jpg" alt="Product Image"></a><p>MISSHA M Perfect BB Cream No.21 Light Beige for Bright Skin SPF 42 PA +++ 1.69 Fl Oz - Tinted Moisturizer for face with SPF</p><p>$9.90</p><a href="https://www.amazon.com/dp/B002B9DWBC?tag=eloabder-20&linkCode=osi&th=1&psc=1">View Product</a></div><div class="product"><a href="https://www.amazon.com/dp/B00KJ82CN6?tag=eloabder-20&linkCode=osi&th=1&psc=1"><img src="https://m.media-amazon.com/images/I/41VM3jcO3oS._SL500_.jpg" alt="Product Image"></a><p>Maybelline Dream Pure Skin Clearing BB Cream, 8-in-1 Skin Perfecting Beauty Balm With 2% Salicylic Acid, Sheer Tint Coverage, Oil-Free, Light/Medium, 1 Count</p><p>$7.99</p><a href="https://www.amazon.com/dp/B00KJ82CN6?tag=eloabder-20&linkCode=osi&th=1&psc=1">View Product</a></div><div class="product"><a href="https://www.amazon.com/dp/B000V33OGS?tag=eloabder-20&linkCode=osi&th=1&psc=1"><img src="https://m.media-amazon.com/images/I/41I8dzKEI+L._SL500_.jpg" alt="Product Image"></a><p>COVERGIRL Smoothers Lightweight BB Cream, Fair to Light 805, 1.35 oz (Packaging May Vary) Lightweight Hydrating 10-In-1 Skin Enhancer with SPF 21 UV Protection</p><p>$6.97</p><a href="https://www.amazon.com/dp/B000V33OGS?tag=eloabder-20&linkCode=osi&th=1&psc=1">View Product</a></div><div class="product"><a href="https://www.amazon.com/dp/B01E527F38?tag=eloabder-20&linkCode=osi&th=1&psc=1"><img src="https://m.media-amazon.com/images/I/31jXYhER5QL._SL500_.jpg" alt="Product Image"></a><p>COVERGIRL - Clean Matte BB Cream, Oil-Free, Long-Lasting, Sensitive Skin, Lightweight, 100% Cruelty-Free</p><p>$7.99</p><a href="https://www.amazon.com/dp/B01E527F38?tag=eloabder-20&linkCode=osi&th=1&psc=1">View Product</a></div><div class="product"><a href="https://www.amazon.com/dp/B07WTX6SKL?tag=eloabder-20&linkCode=osi&th=1&psc=1"><img src="https://m.media-amazon.com/images/I/41mtjVTdh3L._SL500_.jpg" alt="Product Image"></a><p>MISSHA M Perfect Cover BB Cream No.13 Bright Beige for Fair Skin SPF 42 PA +++ 1.69 Fl Oz - Tinted Moisturizer for face with SPF</p><p>$9.70 ($5.74 / Fl Oz)</p><a href="https://www.amazon.com/dp/B07WTX6SKL?tag=eloabder-20&linkCode=osi&th=1&psc=1">View Product</a></div><div class="product"><a href="https://www.amazon.com/dp/B09BYL7M3G?tag=eloabder-20&linkCode=osi&th=1&psc=1"><img src="https://m.media-amazon.com/images/I/41t-BZ1FdOL._SL500_.jpg" alt="Product Image"></a><p>purlisse Ageless Glow Serum BB Cream SPF 40 : Clean & Cruelty-Free, Full & Flawless Coverage, Hydrates with Collagen | Light 1.4oz</p><p>$39.00 ($37.50 / Fl Oz)</p><a href="https://www.amazon.com/dp/B09BYL7M3G?tag=eloabder-20&linkCode=osi&th=1&psc=1">View Product</a></div><div class="product"><a href="https://www.amazon.com/dp/B08JCK7LSN?tag=eloabder-20&linkCode=osi&th=1&psc=1"><img src="https://m.media-amazon.com/images/I/31KzNyZ7WBL._SL500_.jpg" alt="Product Image"></a><p>PURITO Cica Clearing BB Cream #21 Light Beige 1 fl.oz / 30ml, Vegan bb cream, tinted</p><p>$12.00</p><a href="https://www.amazon.com/dp/B08JCK7LSN?tag=eloabder-20&linkCode=osi&th=1&psc=1">View Product</a></div><div class="product"><a href="https://www.amazon.com/dp/B01M9FG3PS?tag=eloabder-20&linkCode=osi&th=1&psc=1"><img src="https://m.media-amazon.com/images/I/41i-ftNWghL._SL500_.jpg" alt="Product Image"></a><p>pūrlisse Perfect Glow BB Cream SPF 30: Clean & Cruelty-Free, Medium Flawless Coverage, Hydrates with Jasmine | Light 1.4oz</p><p>$36.00 ($26.47 / Fl Oz)</p><a href="https://www.amazon.com/dp/B01M9FG3PS?tag=eloabder-20&linkCode=osi&th=1&psc=1">View Product</a></div>
<div class="product"><a href="https://www.amazon.com/dp/B00RZ4R0ZM?tag=eloabder-20&linkCode=osi&th=1&psc=1"><img src="https://m.media-amazon.com/images/I/41h3Z7gUh4L._SL500_.jpg" alt="Product Image"></a><p>IT Cosmetics Your Skin But Better CC+ Cream, Light (W) - Color Correcting Cream, Full-Coverage Foundation, Hydrating Serum & SPF 50+ Sunscreen - Natural Finish - 1.08 fl oz</p><p>$47.00 ($43.52 / Fl Oz)</p><a href="https://www.amazon.com/dp/B00RZ4R0ZM?tag=eloabder-20&linkCode=osi&th=1&psc=1">View Product</a></div><div class="product"><a href="https://www.amazon.com/dp/B09TSSR6TQ?tag=eloabder-20&linkCode=osi&th=1&psc=1"><img src="https://m.media-amazon.com/images/I/41YfZQIZVHL._SL500_.jpg" alt="Product Image"></a><p>Erborian Color Correcting CC Cream with cica, Tan (Dore) - Lightweight Multi-Purpose Foundation with Illuminating Finish Soothes & Hydrates - SPF Korean Skincare Skin Perfector - 1.5 Oz</p><p>$46.00 ($30.67 / Ounce)</p><a href="https://www.amazon.com/dp/B09TSSR6TQ?tag=eloabder-20&linkCode=osi&th=1&psc=1">View Product</a></div><div class="product"><a href="https://www.amazon.com/dp/B0CG67918Y?tag=eloabder-20&linkCode=osi&th=1&psc=1"><img src="https://m.media-amazon.com/images/I/31ZBRrlGQeL._SL500_.jpg" alt="Product Image"></a><p>Color Correcting CC Cream with SPF 25, Coverage Lightweight Foundation, Hydrating Serum, Even Skin Tone Makeup and Skin Care, Boost Radiance, Refine Skin Texture, Avoid Sun Damage (LightLight, 1PCS)</p><p>$9.99</p><a href="https://www.amazon.com/dp/B0CG67918Y?tag=eloabder-20&linkCode=osi&th=1&psc=1">View Product</a></div><div class="product"><a href="https://www.amazon.com/dp/B07GV322NS?tag=eloabder-20&linkCode=osi&th=1&psc=1"><img src="https://m.media-amazon.com/images/I/318Xp-z4BzL._SL500_.jpg" alt="Product Image"></a><p>IT Cosmetics Your Skin But Better CC+ Cream Illumination - Color Correcting Cream, Full-Coverage Foundation, Hydrating Serum & SPF 50+ Sunscreen Radiant Finish 1.08 fl oz</p><p>$47.00 ($43.52 / Fl Oz)</p><a href="https://www.amazon.com/dp/B07GV322NS?tag=eloabder-20&linkCode=osi&th=1&psc=1">View Product</a></div><div class="product"><a href="https://www.amazon.com/dp/B08TQMG68Q?tag=eloabder-20&linkCode=osi&th=1&psc=1"><img src="https://m.media-amazon.com/images/I/31WzGFVeXLL._SL500_.jpg" alt="Product Image"></a><p>e.l.f. Camo CC Cream, Color Correcting Medium-To-Full Coverage Foundation with SPF 30, Light 240 W, 1.05 Oz (30g)</p><p>$14.29</p><a href="https://www.amazon.com/dp/B08TQMG68Q?tag=eloabder-20&linkCode=osi&th=1&psc=1">View Product</a></div><div class="product"><a href="https://www.amazon.com/dp/B00HUA6LCO?tag=eloabder-20&linkCode=osi&th=1&psc=1"><img src="https://m.media-amazon.com/images/I/31tzzIuzR3L._SL500_.jpg" alt="Product Image"></a><p>Physicians Formula Super CC+ Cream Color-Correction + Care Cream Full Coverage Light Foundation, Anti Aging Hydrating Serum, For Uneven Skin Tone, Dermatologist Approved</p><p>$12.30</p><a href="https://www.amazon.com/dp/B00HUA6LCO?tag=eloabder-20&linkCode=osi&th=1&psc=1">View Product</a></div><div class="product"><a href="https://www.amazon.com/dp/B00E4OQ63I?tag=eloabder-20&linkCode=osi&th=1&psc=1"><img src="https://m.media-amazon.com/images/I/31C4yvovnxL._SL500_.jpg" alt="Product Image"></a><p>Lumene Color Correcting CC Cream - Lightweight Foundation with Medium Coverage - Redness Reducing Face Makeup for a Glowing Complexion - Vegan Formula + Suitable for All Skin Types - Medium (1 fl oz)</p><p>$17.40 ($17.40 / Fl Oz)</p><a href="https://www.amazon.com/dp/B00E4OQ63I?tag=eloabder-20&linkCode=osi&th=1&psc=1">View Product</a></div><div class="product"><a href="https://www.amazon.com/dp/B09TSRF2Q8?tag=eloabder-20&linkCode=osi&th=1&psc=1"><img src="https://m.media-amazon.com/images/I/41lZpQCt9HL._SL500_.jpg" alt="Product Image"></a><p>Erborian Color Correcting CC Cream with Centella Asiatica, Red Correct - Light Multi-Purpose Facial Concealer with Illuminating Finish Soothes & Hydrates - SPF Korean Skincare Skin Perfector - 0.5 Oz</p><p>$25.00 ($50.00 / Ounce)</p><a href="https://www.amazon.com/dp/B09TSRF2Q8?tag=eloabder-20&linkCode=osi&th=1&psc=1">View Product</a></div><div class="product"><a href="https://www.amazon.com/dp/B00U3203IY?tag=eloabder-20&linkCode=osi&th=1&psc=1"><img src="https://m.media-amazon.com/images/I/31BL0K5i4vL._SL500_.jpg" alt="Product Image"></a><p>IT Cosmetics Your Skin But Better CC+ Cream Travel Size, Light (W) - Color Correcting Cream, Full-Coverage Foundation, Hydrating Serum & SPF 50+ Sunscreen - Natural Finish - 0.406 fl oz</p><p>$22.00 ($55.00 / Fl Oz)</p><a href="https://www.amazon.com/dp/B00U3203IY?tag=eloabder-20&linkCode=osi&th=1&psc=1">View Product</a></div>
<div class="product"><a href="https://www.amazon.com/dp/B0CG68RTBB?tag=eloabder-20&linkCode=osi&th=1&psc=1"><img src="https://m.media-amazon.com/images/I/51d8MhcTFdL._SL500_.jpg" alt="Product Image"></a><p>Contour Stick, Highlighter Stick, Blush Stick 3Pcs Cream Contour Kit with Contour Brush, Create Face Contour, Non-greasy, Waterproof Long-lasting Effect, Highlighter Makeup Stick for Beginner Medium</p><p>$6.64 ($1.72 / Ounce)</p><a href="https://www.amazon.com/dp/B0CG68RTBB?tag=eloabder-20&linkCode=osi&th=1&psc=1">View Product</a></div><div class="product"><a href="https://www.amazon.com/dp/B0B7713RZQ?tag=eloabder-20&linkCode=osi&th=1&psc=1"><img src="https://m.media-amazon.com/images/I/51pLW0sMwGL._SL500_.jpg" alt="Product Image"></a><p>4 Colors Cream Contour Sticks Makeup Kit, Primer Face Highlighter Contouring for Beginners, Highlight and Contour Kit, Cream Concealer Makeup Blur Stick, Primer Face Corrector 1#,3#</p><p>$9.98</p><a href="https://www.amazon.com/dp/B0B7713RZQ?tag=eloabder-20&linkCode=osi&th=1&psc=1">View Product</a></div><div class="product"><a href="https://www.amazon.com/dp/B014PVXY5W?tag=eloabder-20&linkCode=osi&th=1&psc=1"><img src="https://m.media-amazon.com/images/I/41Qf+n9Gn-L._SL500_.jpg" alt="Product Image"></a><p>Aesthetica Cosmetics Cream Contour and Highlighting Makeup Kit - Contouring Foundation/Concealer Palette - Vegan & Cruelty Free - Step-by-Step Instructions Included</p><p>$29.97 ($47.57 / Ounce)</p><a href="https://www.amazon.com/dp/B014PVXY5W?tag=eloabder-20&linkCode=osi&th=1&psc=1">View Product</a></div><div class="product"><a href="https://www.amazon.com/dp/B0CSCYCQTP?tag=eloabder-20&linkCode=osi&th=1&psc=1"><img src="https://m.media-amazon.com/images/I/41g9O0LMEpL._SL500_.jpg" alt="Product Image"></a><p>Umadit Contour Stick, Blush Stick, Highlighter Stick, Bronzer Stick, 3 Pcs Cream Contour Kit with Brush for a Flawless Look, Contour Stick Makeup Non-Greasy Waterproof, Long-lasting Fair-Medium</p><p>$14.99</p><a href="https://www.amazon.com/dp/B0CSCYCQTP?tag=eloabder-20&linkCode=osi&th=1&psc=1">View Product</a></div><div class="product"><a href="https://www.amazon.com/dp/B0C6MYW7FC?tag=eloabder-20&linkCode=osi&th=1&psc=1"><img src="https://m.media-amazon.com/images/I/51CRa+rR5yL._SL500_.jpg" alt="Product Image"></a><p>3Pcs Cream Contour Stick Makeup Kit,Shades with Highlighter Stick,Blush Stick and Bronzer Contour Stick for Sculpt the Cheeks,Long Lasting,Waterproof,Matte & Dewy Finish,LIGHT MEDIUM (#02,05,06)</p><p>$12.99</p><a href="https://www.amazon.com/dp/B0C6MYW7FC?tag=eloabder-20&linkCode=osi&th=1&psc=1">View Product</a></div><div class="product"><a href="https://www.amazon.com/dp/B074G44PVR?tag=eloabder-20&linkCode=osi&th=1&psc=1"><img src="https://m.media-amazon.com/images/I/41dMa+Rs2NL._SL500_.jpg" alt="Product Image"></a><p>W7 Lift & Sculpt Cream Contour Kit - Concealing, Highlighting & Contouring Makeup Palette - Step-by-Step Instructions Included</p><p>$6.29 ($8.99 / Ounce)</p><a href="https://www.amazon.com/dp/B074G44PVR?tag=eloabder-20&linkCode=osi&th=1&psc=1">View Product</a></div><div class="product"><a href="https://www.amazon.com/dp/B0045J2GKY?tag=eloabder-20&linkCode=osi&th=1&psc=1"><img src="https://m.media-amazon.com/images/I/31m4Yh07iZL._SL500_.jpg" alt="Product Image"></a><p>Smashbox Step-By-Step Contour, Highlighter, & Bronzer Face Palette with Angled Brush, Light/Medium</p><p>$40.00 ($100.00 / Ounce)</p><a href="https://www.amazon.com/dp/B0045J2GKY?tag=eloabder-20&linkCode=osi&th=1&psc=1">View Product</a></div><div class="product"><a href="https://www.amazon.com/dp/B0169YYBYQ?tag=eloabder-20&linkCode=osi&th=1&psc=1"><img src="https://m.media-amazon.com/images/I/31BGUv-HtUL._SL500_.jpg" alt="Product Image"></a><p>Maybelline Facestudio Master Contour Face Contouring Kit, Light to Medium, 1 Count</p><p>$9.98 ($28.51 / Ounce)</p><a href="https://www.amazon.com/dp/B0169YYBYQ?tag=eloabder-20&linkCode=osi&th=1&psc=1">View Product</a></div><div class="product"><a href="https://www.amazon.com/dp/B00HG1JMB4?tag=eloabder-20&linkCode=osi&th=1&psc=1"><img src="https://m.media-amazon.com/images/I/31wv1eTLSgL._SL500_.jpg" alt="Product Image"></a><p>Anastasia Beverly Hills Contour Powder Kit - Light to Medium Women 0.66 oz</p><p>$40.00 ($60.61 / Ounce)</p><a href="https://www.amazon.com/dp/B00HG1JMB4?tag=eloabder-20&linkCode=osi&th=1&psc=1">View Product</a></div><div class="product"><a href="https://www.amazon.com/dp/B0CZLKZ5MV?tag=eloabder-20&linkCode=osi&th=1&psc=1"><img src="https://m.media-amazon.com/images/I/41bkKtdgzlL._SL500_.jpg" alt="Product Image"></a><p>3Pcs Cream Contour Stick Makeup Kit, Shades with Highlighter Stick, Blush Stick and Bronzer Contour Stick for Sculpt the Cheeks, Long Lasting, Waterproof, Matte & Dewy Finish (LIGHT MEDIUM)</p><p>$9.99</p><a href="https://www.amazon.com/dp/B0CZLKZ5MV?tag=eloabder-20&linkCode=osi&th=1&psc=1">View Product</a></div>
<div class="product"><a href="https://www.amazon.com/dp/B00WZQTCS8?tag=eloabder-20&linkCode=osi&th=1&psc=1"><img src="https://m.media-amazon.com/images/I/41iVoW5QboL._SL500_.jpg" alt="Product Image"></a><p>NYX PROFESSIONAL MAKEUP Micro Brow Pencil, Eyebrow Pencil - Espresso</p><p>$7.33</p><a href="https://www.amazon.com/dp/B00WZQTCS8?tag=eloabder-20&linkCode=osi&th=1&psc=1">View Product</a></div><div class="product"><a href="https://www.amazon.com/dp/B01643FI0I?tag=eloabder-20&linkCode=osi&th=1&psc=1"><img src="https://m.media-amazon.com/images/I/21w1DpgxRoL._SL500_.jpg" alt="Product Image"></a><p>L'Oreal Paris Makeup Brow Stylist Definer Waterproof Eyebrow Pencil, Ultra-Fine Mechanical Pencil, Draws Tiny Brow Hairs and Fills in Sparse Areas and Gaps, Dark Brunette, 0.003 Ounce (Pack of 1)</p><p>$8.98</p><a href="https://www.amazon.com/dp/B01643FI0I?tag=eloabder-20&linkCode=osi&th=1&psc=1">View Product</a></div><div class="product"><a href="https://www.amazon.com/dp/B074VD4X7W?tag=eloabder-20&linkCode=osi&th=1&psc=1"><img src="https://m.media-amazon.com/images/I/41eK8J1W2rL._SL500_.jpg" alt="Product Image"></a><p>Maybelline Total Temptation Eyebrow Definer Pencil, Soft Brown, 1 Count</p><p>$8.99</p><a href="https://www.amazon.com/dp/B074VD4X7W?tag=eloabder-20&linkCode=osi&th=1&psc=1">View Product</a></div><div class="product"><a href="https://www.amazon.com/dp/B0797NNXS7?tag=eloabder-20&linkCode=osi&th=1&psc=1"><img src="https://m.media-amazon.com/images/I/31M1oepnAnL._SL500_.jpg" alt="Product Image"></a><p>wet n wild Ultimate Eyebrow Retractable Definer Pencil, Dark Brown, Dual-Sided, Fine Tip, Shapes, Defines, Fills Brows Makeup</p><p>$3.26</p><a href="https://www.amazon.com/dp/B0797NNXS7?tag=eloabder-20&linkCode=osi&th=1&psc=1">View Product</a></div><div class="product"><a href="https://www.amazon.com/dp/B0B52KG7YP?tag=eloabder-20&linkCode=osi&th=1&psc=1"><img src="https://m.media-amazon.com/images/I/31Mi4FEPxYL._SL500_.jpg" alt="Product Image"></a><p>e.l.f. Instant Lift Brow Pencil, Dual-Ended Precision Brow Pencils For Shaping & Defining Eyebrows, Vegan & Cruelty-Free, Neutral Brown, 2-Pack</p><p>$5.00</p><a href="https://www.amazon.com/dp/B0B52KG7YP?tag=eloabder-20&linkCode=osi&th=1&psc=1">View Product</a></div><div class="product"><a href="https://www.amazon.com/dp/B0CPFY8K8W?tag=eloabder-20&linkCode=osi&th=1&psc=1"><img src="https://m.media-amazon.com/images/I/21SmXiqZZYL._SL500_.jpg" alt="Product Image"></a><p>e.l.f. Instant Lift Waterproof Brow Pencil, Long-Lasting Eyebrow Pencil For Grooming & Shaping Brows, Vegan & Cruelty-free, Deep Brown</p><p>$4.00</p><a href="https://www.amazon.com/dp/B0CPFY8K8W?tag=eloabder-20&linkCode=osi&th=1&psc=1">View Product</a></div><div class="product"><a href="https://www.amazon.com/dp/B0779TDXZD?tag=eloabder-20&linkCode=osi&th=1&psc=1"><img src="https://m.media-amazon.com/images/I/31lQjBd5GoL._SL500_.jpg" alt="Product Image"></a><p>COVERGIRL - Easy Breezy Brow Micro-Fine + Define Pencil, Micro-fine tip, no sharpening required, Built-in spoolie-brush, 100% Cruelty-Free</p><p>$6.98</p><a href="https://www.amazon.com/dp/B0779TDXZD?tag=eloabder-20&linkCode=osi&th=1&psc=1">View Product</a></div><div class="product"><a href="https://www.amazon.com/dp/B001ESKLZQ?tag=eloabder-20&linkCode=osi&th=1&psc=1"><img src="https://m.media-amazon.com/images/I/31bw47frHzS._SL500_.jpg" alt="Product Image"></a><p>COVERGIRL - Easy Breezy Brow Fill + Define Brow Pencil, Sharpener Included, Long-Lasting, Deeply Pigmented, Blendable Formula, 100% Cruelty-Free</p><p>$4.47</p><a href="https://www.amazon.com/dp/B001ESKLZQ?tag=eloabder-20&linkCode=osi&th=1&psc=1">View Product</a></div><div class="product"><a href="https://www.amazon.com/dp/B0BZB5S5VZ?tag=eloabder-20&linkCode=osi&th=1&psc=1"><img src="https://m.media-amazon.com/images/I/21yggYcUn7L._SL500_.jpg" alt="Product Image"></a><p>Maybelline Express Brow Ultra Slim Eyebrow Makeup, Brow Pencil with Precision Tip and Spoolie for Defined Eyebrows, Ash Brown, 1 Count</p><p>$7.99</p><a href="https://www.amazon.com/dp/B0BZB5S5VZ?tag=eloabder-20&linkCode=osi&th=1&psc=1">View Product</a></div><div class="product"><a href="https://www.amazon.com/dp/B0D12PWNK6?tag=eloabder-20&linkCode=osi&th=1&psc=1"><img src="https://m.media-amazon.com/images/I/51u7eOlEtFL._SL500_.jpg" alt="Product Image"></a><p>iMethod Microblading Eyebrow Pen - Eyebrow Pencil Magical 2-in-1 Dual-Ended Eye Brow Pencils for Women with 4-Fork-Tip & Precise Brush-Tip Create Natural Hair-Like Brows, Last All-Day, Dark Brown</p><p>$14.97 ($14.97 / Count)</p><a href="https://www.amazon.com/dp/B0D12PWNK6?tag=eloabder-20&linkCode=osi&th=1&psc=1">View Product</a></div>
<div class="product"><a href="https://www.amazon.com/dp/B08M58SWB1?tag=eloabder-20&linkCode=osi&th=1&psc=1"><img src="https://m.media-amazon.com/images/I/310xAdliG2L._SL500_.jpg" alt="Product Image"></a><p>NYX PROFESSIONAL MAKEUP The Brow Glue, Extreme Hold Eyebrow Gel - Clear</p><p>$9.97</p><a href="https://www.amazon.com/dp/B08M58SWB1?tag=eloabder-20&linkCode=osi&th=1&psc=1">View Product</a></div><div class="product"><a href="https://www.amazon.com/dp/B0CXZHMR7J?tag=eloabder-20&linkCode=osi&th=1&psc=1"><img src="https://m.media-amazon.com/images/I/31Yeo2ybK3L._SL500_.jpg" alt="Product Image"></a><p>L'Oreal Paris Infallible Up To 24H Wear Brow Lamination, Water-Resistant Longwear Eyebrow Gel Make Up, Clear/Transparent, 0.16 Fl Oz</p><p>$10.98</p><a href="https://www.amazon.com/dp/B0CXZHMR7J?tag=eloabder-20&linkCode=osi&th=1&psc=1">View Product</a></div><div class="product"><a href="https://www.amazon.com/dp/B00INCDKDQ?tag=eloabder-20&linkCode=osi&th=1&psc=1"><img src="https://m.media-amazon.com/images/I/31av5tR14oL._SL500_.jpg" alt="Product Image"></a><p>NYX PROFESSIONAL MAKEUP Control Freak Eyebrow Gel - Clear</p><p>$5.25</p><a href="https://www.amazon.com/dp/B00INCDKDQ?tag=eloabder-20&linkCode=osi&th=1&psc=1">View Product</a></div><div class="product"><a href="https://www.amazon.com/dp/B0815D98F3?tag=eloabder-20&linkCode=osi&th=1&psc=1"><img src="https://m.media-amazon.com/images/I/21QZMOUJnZL._SL500_.jpg" alt="Product Image"></a><p>e.l.f. Wow Brow Gel, Volumizing, Buildable, Wax-Gel Hybrid, Creates Full, Voluminous-Looking Brows, Locks Brow Hairs In Place, Neutral Brown, Fiber-Infused, 0.12 Oz</p><p>$5.00</p><a href="https://www.amazon.com/dp/B0815D98F3?tag=eloabder-20&linkCode=osi&th=1&psc=1">View Product</a></div><div class="product"><a href="https://www.amazon.com/dp/B0CZ9RC3LP?tag=eloabder-20&linkCode=osi&th=1&psc=1"><img src="https://m.media-amazon.com/images/I/31iejSSA86L._SL500_.jpg" alt="Product Image"></a><p>Maybelline Super Lock Brow Glue Eyebrow Gel, Lightweight Brow Gel For Up To 24HR Hold, Clear, 1 Count</p><p>$8.98</p><a href="https://www.amazon.com/dp/B0CZ9RC3LP?tag=eloabder-20&linkCode=osi&th=1&psc=1">View Product</a></div><div class="product"><a href="https://www.amazon.com/dp/B07GYBFBLY?tag=eloabder-20&linkCode=osi&th=1&psc=1"><img src="https://m.media-amazon.com/images/I/41kXdvFl3lL._SL500_.jpg" alt="Product Image"></a><p>L'Oreal Paris Unbelieva-Brow Longwear Waterproof Tinted Brow Gel, Smudge-resistant, Transfer- Proof, Quick Drying, Easy and quick application with precise brush, Blonde, 0.15 fl. oz.</p><p>$14.99</p><a href="https://www.amazon.com/dp/B07GYBFBLY?tag=eloabder-20&linkCode=osi&th=1&psc=1">View Product</a></div><div class="product"><a href="https://www.amazon.com/dp/B0BSP2J3BH?tag=eloabder-20&linkCode=osi&th=1&psc=1"><img src="https://m.media-amazon.com/images/I/316Jdh8JQ8L._SL500_.jpg" alt="Product Image"></a><p>e.l.f. Clear Lash & Brow Mascara 2-Pack, Conditioning Clear Brow & Lash Gel For Grooming, Defining & Separating, Long-Lasting, Vegan & Cruelty-Free</p><p>$5.00</p><a href="https://www.amazon.com/dp/B0BSP2J3BH?tag=eloabder-20&linkCode=osi&th=1&psc=1">View Product</a></div><div class="product"><a href="https://www.amazon.com/dp/B0D3FGY5D6?tag=eloabder-20&linkCode=osi&th=1&psc=1"><img src="https://m.media-amazon.com/images/I/31aAxHQKwVL._SL500_.jpg" alt="Product Image"></a><p>e.l.f. Brow Laminating Gel, Strong-Hold, Clear-Drying & Water-Resistant Brow Gel Creates Laminated Brows, Comb & Sculpt Brows, Vegan & Cruelty-free</p><p>$8.00</p><a href="https://www.amazon.com/dp/B0D3FGY5D6?tag=eloabder-20&linkCode=osi&th=1&psc=1">View Product</a></div><div class="product"><a href="https://www.amazon.com/dp/B00GI21NZA?tag=eloabder-20&linkCode=osi&th=1&psc=1"><img src="https://m.media-amazon.com/images/I/31w5F4g8lsL._SL500_.jpg" alt="Product Image"></a><p>Anastasia Beverly Hills - Clear Brow Gel</p><p>$22.00 ($22.00 / Count)</p><a href="https://www.amazon.com/dp/B00GI21NZA?tag=eloabder-20&linkCode=osi&th=1&psc=1">View Product</a></div>
<div class="product"><a href="https://www.amazon.com/dp/B001AAVC7Y?tag=eloabder-20&linkCode=osi&th=1&psc=1"><img src="https://m.media-amazon.com/images/I/51pWQb458XL._SL500_.jpg" alt="Product Image"></a><p>Palladio Brow Powder for Eyebrows, Soft and Natural Eyebrow Powder with Jojoba Oil & Shea Butter, Helps Enhance & Define Brows, Compact Size for Purse or Travel, Includes Applicator Brush, Taupe</p><p>$8.99</p><a href="https://www.amazon.com/dp/B001AAVC7Y?tag=eloabder-20&linkCode=osi&th=1&psc=1">View Product</a></div><div class="product"><a href="https://www.amazon.com/dp/B082YQ4QXJ?tag=eloabder-20&linkCode=osi&th=1&psc=1"><img src="https://m.media-amazon.com/images/I/41eSAKmXl+L._SL500_.jpg" alt="Product Image"></a><p>wet n wild Ultimate Eyebrow Makeup Kit, Eyebrow Powder Dark Brown, Brow Hair Removal Tweezers, Wax, Brush</p><p>$4.47</p><a href="https://www.amazon.com/dp/B082YQ4QXJ?tag=eloabder-20&linkCode=osi&th=1&psc=1">View Product</a></div><div class="product"><a href="https://www.amazon.com/dp/B06XRTKFLK?tag=eloabder-20&linkCode=osi&th=1&psc=1"><img src="https://m.media-amazon.com/images/I/41XwKxED0-L._SL500_.jpg" alt="Product Image"></a><p>COVERGIRL - Easy Breezy Brow Powder Kit, three shades brow definer, professional double-ended angled brush, effortless, 100% Cruelty-Free</p><p>$8.83</p><a href="https://www.amazon.com/dp/B06XRTKFLK?tag=eloabder-20&linkCode=osi&th=1&psc=1">View Product</a></div><div class="product"><a href="https://www.amazon.com/dp/B00L1JKKMC?tag=eloabder-20&linkCode=osi&th=1&psc=1"><img src="https://m.media-amazon.com/images/I/31bkV3lHN+L._SL500_.jpg" alt="Product Image"></a><p>Anastasia Beverly Hills - Brow Powder Duo - Soft Brown</p><p>$23.00</p><a href="https://www.amazon.com/dp/B00L1JKKMC?tag=eloabder-20&linkCode=osi&th=1&psc=1">View Product</a></div><div class="product"><a href="https://www.amazon.com/dp/B00MGK9Q5M?tag=eloabder-20&linkCode=osi&th=1&psc=1"><img src="https://m.media-amazon.com/images/I/415oCHJxIQL._SL500_.jpg" alt="Product Image"></a><p>Rimmel Brow This Way Sculpting Kit, Medium Brown, Powder 0.04 Ounce, Wax 0.03 Ounce</p><p>$6.99</p><a href="https://www.amazon.com/dp/B00MGK9Q5M?tag=eloabder-20&linkCode=osi&th=1&psc=1">View Product</a></div><div class="product"><a href="https://www.amazon.com/dp/B0051UM9VC?tag=eloabder-20&linkCode=osi&th=1&psc=1"><img src="https://m.media-amazon.com/images/I/41Y-UExgalL._SL500_.jpg" alt="Product Image"></a><p>Billion Dollar BrowBillion Dollar Brows - Eyebrow Powder - Blonde Powder, Blonde,</p><p>$10.99</p><a href="https://www.amazon.com/dp/B0051UM9VC?tag=eloabder-20&linkCode=osi&th=1&psc=1">View Product</a></div><div class="product"><a href="https://www.amazon.com/dp/B08KJBZTJG?tag=eloabder-20&linkCode=osi&th=1&psc=1"><img src="https://m.media-amazon.com/images/I/41MbUKhqKML._SL500_.jpg" alt="Product Image"></a><p>Eyebrow powder three-color eyebrow palette beauty contour eyebrow pencil professional eye makeup eyebrow filler1</p><p>$5.16 ($24.57 / Ounce)</p><a href="https://www.amazon.com/dp/B08KJBZTJG?tag=eloabder-20&linkCode=osi&th=1&psc=1">View Product</a></div><div class="product"><a href="https://www.amazon.com/dp/B0C5N2BWM2?tag=eloabder-20&linkCode=osi&th=1&psc=1"><img src="https://m.media-amazon.com/images/I/41JRf57GnvL._SL500_.jpg" alt="Product Image"></a><p>Eyebrow Powder Makeup Kit-3 Colors Eye Brow Powder Palette Long-Lasting Waterproof, Dark/light Brown Brow Filler, Fill & Sculpt Full Eyebrows for Women, With Mirror, Brow Brush & Razor-Set 02</p><p>$7.99 ($38.05 / Ounce)</p><a href="https://www.amazon.com/dp/B0C5N2BWM2?tag=eloabder-20&linkCode=osi&th=1&psc=1">View Product</a></div><div class="product"><a href="https://www.amazon.com/dp/B00M42I62G?tag=eloabder-20&linkCode=osi&th=1&psc=1"><img src="https://m.media-amazon.com/images/I/51Se54PcS2L._SL500_.jpg" alt="Product Image"></a><p>Marie-José & Co Medium Brown Eyebrow Powder - Perfect eyebrows, powder smooth!</p><p>$17.95</p><a href="https://www.amazon.com/dp/B00M42I62G?tag=eloabder-20&linkCode=osi&th=1&psc=1">View Product</a></div>
<div class="product"><a href="https://www.amazon.com/dp/B085WR3YDT?tag=eloabder-20&linkCode=osi&th=1&psc=1"><img src="https://m.media-amazon.com/images/I/41cuO8PyoTL._SL500_.jpg" alt="Product Image"></a><p>wet n wild Color Icon Cream Eyeshadow Multi-Stick, Moisturizing, Nourishing Velvety Cream-to-Powder Buildable & Blendable Formula, Cruelty-Free & Vegan - Champagne Room</p><p>$3.28</p><a href="https://www.amazon.com/dp/B085WR3YDT?tag=eloabder-20&linkCode=osi&th=1&psc=1">View Product</a></div><div class="product"><a href="https://www.amazon.com/dp/B01IW02HX2?tag=eloabder-20&linkCode=osi&th=1&psc=1"><img src="https://m.media-amazon.com/images/I/510F-WOAL4L._SL500_.jpg" alt="Product Image"></a><p>NYX PROFESSIONAL MAKEUP Ultimate Shadow Palette, Eyeshadow Palette - Warm Neutrals</p><p>$9.99</p><a href="https://www.amazon.com/dp/B01IW02HX2?tag=eloabder-20&linkCode=osi&th=1&psc=1">View Product</a></div><div class="product"><a href="https://www.amazon.com/dp/B092JQ23N5?tag=eloabder-20&linkCode=osi&th=1&psc=1"><img src="https://m.media-amazon.com/images/I/51OUufwItlL._SL500_.jpg" alt="Product Image"></a><p>URBAN DECAY 24/7 Longwear Eyeshadow Single (Sin - Champagne Shimmer), High-Pigment Eye Shadow Compact, Smooth & Blendable Colors, Crease-free, Vegan - 0.06 oz</p><p>$22.00</p><a href="https://www.amazon.com/dp/B092JQ23N5?tag=eloabder-20&linkCode=osi&th=1&psc=1">View Product</a></div><div class="product"><a href="https://www.amazon.com/dp/B00L5SMFJU?tag=eloabder-20&linkCode=osi&th=1&psc=1"><img src="https://m.media-amazon.com/images/I/41-WaM3A3tL._SL500_.jpg" alt="Product Image"></a><p>Covergirl Eye Enhancers Eye Shadow Palette, Natural Nudes, 0.19 Ounce</p><p>$5.48</p><a href="https://www.amazon.com/dp/B00L5SMFJU?tag=eloabder-20&linkCode=osi&th=1&psc=1">View Product</a></div><div class="product"><a href="https://www.amazon.com/dp/B01LW1983J?tag=eloabder-20&linkCode=osi&th=1&psc=1"><img src="https://m.media-amazon.com/images/I/51EsPf59XBL._SL500_.jpg" alt="Product Image"></a><p>Julep Eyeshadow 101 Crème to Powder Waterproof Eyeshadow Stick, Champagne Shimmer</p><p>$18.00</p><a href="https://www.amazon.com/dp/B01LW1983J?tag=eloabder-20&linkCode=osi&th=1&psc=1">View Product</a></div><div class="product"><a href="https://www.amazon.com/dp/B0D3FGFBGQ?tag=eloabder-20&linkCode=osi&th=1&psc=1"><img src="https://m.media-amazon.com/images/I/31HD2nUWJSL._SL500_.jpg" alt="Product Image"></a><p>e.l.f. Lock It Down Eyeshadow Primer, Smooth, Creamy Primer For Long-Lasting Eyeshadow, Intensifies Liquid & Powder Color, Vegan & Cruelty-free</p><p>$7.00</p><a href="https://www.amazon.com/dp/B0D3FGFBGQ?tag=eloabder-20&linkCode=osi&th=1&psc=1">View Product</a></div><div class="product"><a href="https://www.amazon.com/dp/B00UKP1M2K?tag=eloabder-20&linkCode=osi&th=1&psc=1"><img src="https://m.media-amazon.com/images/I/41hSsvPHKxL._SL500_.jpg" alt="Product Image"></a><p>Maybelline The Blushed Nudes Eyeshadow Palette Makeup, 12 Pigmented Matte & Shimmer Shades, Blendable Powder, 1 Count</p><p>$9.32</p><a href="https://www.amazon.com/dp/B00UKP1M2K?tag=eloabder-20&linkCode=osi&th=1&psc=1">View Product</a></div><div class="product"><a href="https://www.amazon.com/dp/B07MQJRK7N?tag=eloabder-20&linkCode=osi&th=1&psc=1"><img src="https://m.media-amazon.com/images/I/41yzRaUSPiL._SL500_.jpg" alt="Product Image"></a><p>Highly Pigmented Eye Makeup Palette, Matte Shimmer Metallic Eyeshadow Pallet Long Lasting Blendable Natural Colors Make Up Eye Shadows Cosmetics Gift Kit</p><p>$7.39</p><a href="https://www.amazon.com/dp/B07MQJRK7N?tag=eloabder-20&linkCode=osi&th=1&psc=1">View Product</a></div><div class="product"><a href="https://www.amazon.com/dp/B08RS6WNX7?tag=eloabder-20&linkCode=osi&th=1&psc=1"><img src="https://m.media-amazon.com/images/I/51qCii788PL._SL500_.jpg" alt="Product Image"></a><p>wet n wild Color Icon 5-Pan Palette Brown Walking On Eggshells</p><p>$3.19</p><a href="https://www.amazon.com/dp/B08RS6WNX7?tag=eloabder-20&linkCode=osi&th=1&psc=1">View Product</a></div><div class="product"><a href="https://www.amazon.com/dp/B073ZBGLJF?tag=eloabder-20&linkCode=osi&th=1&psc=1"><img src="https://m.media-amazon.com/images/I/41go9Ug8AOL._SL500_.jpg" alt="Product Image"></a><p>BestLand 2 Pack 12 Colors Makeup Nude Colors Eyeshadow Palette Natural Nude Matte Shimmer Glitter Pigment Eye Shadow Pallete Set Waterproof Smokey Professional Beauty Makeup Kit (2 PCS)</p><p>$9.99</p><a href="https://www.amazon.com/dp/B073ZBGLJF?tag=eloabder-20&linkCode=osi&th=1&psc=1">View Product</a></div>
<div class="product"><a href="https://www.amazon.com/dp/B095PSJ7QV?tag=eloabder-20&linkCode=osi&th=1&psc=1"><img src="https://m.media-amazon.com/images/I/41KLL00KKZL._SL500_.jpg" alt="Product Image"></a><p>URBAN DECAY Naked3 Mini Eyeshadow Palette - Pigmented Eye Makeup Palette For On the Go - Ultra Blendable - Up to 12 Hour Wear</p><p>$35.00</p><a href="https://www.amazon.com/dp/B095PSJ7QV?tag=eloabder-20&linkCode=osi&th=1&psc=1">View Product</a></div><div class="product"><a href="https://www.amazon.com/dp/B07DZZG8X4?tag=eloabder-20&linkCode=osi&th=1&psc=1"><img src="https://m.media-amazon.com/images/I/41Rbe3ixSHL._SL500_.jpg" alt="Product Image"></a><p>Rimmel London Magnif'Eyes Eyeshadow Palette, 12 Shades, Blendable Formula, Versatile, 007, Crimson, 0.5oz</p><p>$3.70</p><a href="https://www.amazon.com/dp/B07DZZG8X4?tag=eloabder-20&linkCode=osi&th=1&psc=1">View Product</a></div><div class="product"><a href="https://www.amazon.com/dp/B00HIFA24O?tag=eloabder-20&linkCode=osi&th=1&psc=1"><img src="https://m.media-amazon.com/images/I/41pHzrdjcPL._SL500_.jpg" alt="Product Image"></a><p>URBAN DECAY Naked 3, Soft Pink Neutral Eyeshadow Palette, Matte, Pearl, Metallic, Shimmer Finish, 12 Mauve Brown & Nude Eye Shadows, Natural Soft Glam Smokey Eye Makeup, Vegan, Cruelty-free</p><p>$59.00</p><a href="https://www.amazon.com/dp/B00HIFA24O?tag=eloabder-20&linkCode=osi&th=1&psc=1">View Product</a></div><div class="product"><a href="https://www.amazon.com/dp/B0CP49R493?tag=eloabder-20&linkCode=osi&th=1&psc=1"><img src="https://m.media-amazon.com/images/I/41mV4uKx5HL._SL500_.jpg" alt="Product Image"></a><p>FLYEEO Neutral Brown Eye Shadow palette- Rose Gold Dark Brown Eyeshadow Palette Colorful 9 Colors, Matte Shimmer Highly Pigmented Nude Eyeshadow Palette Makeup Naturing-Looking Long Lasting</p><p>$5.88</p><a href="https://www.amazon.com/dp/B0CP49R493?tag=eloabder-20&linkCode=osi&th=1&psc=1">View Product</a></div><div class="product"><a href="https://www.amazon.com/dp/B0CYX9V642?tag=eloabder-20&linkCode=osi&th=1&psc=1"><img src="https://m.media-amazon.com/images/I/51jaIKsO-uL._SL500_.jpg" alt="Product Image"></a><p>imakeupnow 45 Shades Eye Shadow Makeup Palette Set Colorful Bright, High Pigmented Eyeshadow Pallets, Matte Shimmer Glitter for Halloween</p><p>$7.59</p><a href="https://www.amazon.com/dp/B0CYX9V642?tag=eloabder-20&linkCode=osi&th=1&psc=1">View Product</a></div>
<div class="product"><a href="https://www.amazon.com/dp/B0C9TXLWLY?tag=eloabder-20&linkCode=osi&th=1&psc=1"><img src="https://m.media-amazon.com/images/I/31-5KVw5KDL._SL500_.jpg" alt="Product Image"></a><p>PRIME PROMETICS PrimeEyes Glide Eyeliner for Mature Women – Water-Resistant, Long-Stay and Mess-Proof – Gel Cream Texture, Discreet Sharpener and Effective Smudger (Black)</p><p>$28.00 ($28.00 / Count)</p><a href="https://www.amazon.com/dp/B0C9TXLWLY?tag=eloabder-20&linkCode=osi&th=1&psc=1">View Product</a></div><div class="product"><a href="https://www.amazon.com/dp/B07MWSXPT1?tag=eloabder-20&linkCode=osi&th=1&psc=1"><img src="https://m.media-amazon.com/images/I/315xthaPi6L._SL500_.jpg" alt="Product Image"></a><p>e.l.f. No Budge Retractable Eyeliner, Creamy, Ultra-Pigmented & Waterproof, Creates Bold & Defined Lines, Vegan & Cruelty-Free, Black 0.006 Oz</p><p>$4.00</p><a href="https://www.amazon.com/dp/B07MWSXPT1?tag=eloabder-20&linkCode=osi&th=1&psc=1">View Product</a></div><div class="product"><a href="https://www.amazon.com/dp/B07W8JJ61X?tag=eloabder-20&linkCode=osi&th=1&psc=1"><img src="https://m.media-amazon.com/images/I/31wj5vRROwL._SL500_.jpg" alt="Product Image"></a><p>Maybelline Hyper Easy Liquid Pen No-Skip Eyeliner, Satin Finish, Waterproof Formula, Pitch Black, 0.018 Fl Oz</p><p>$8.38</p><a href="https://www.amazon.com/dp/B07W8JJ61X?tag=eloabder-20&linkCode=osi&th=1&psc=1">View Product</a></div><div class="product"><a href="https://www.amazon.com/dp/B01J1A3TFW?tag=eloabder-20&linkCode=osi&th=1&psc=1"><img src="https://m.media-amazon.com/images/I/51z42sdOArL._SL500_.jpg" alt="Product Image"></a><p>Revlon Pencil Eyeliner, ColorStay Eye Makeup with Built-in Sharpener, Waterproof, Smudge-proof, Longwearing with Ultra-Fine Tip, 201 Black, 2 count (Pack of 1)</p><p>$11.38</p><a href="https://www.amazon.com/dp/B01J1A3TFW?tag=eloabder-20&linkCode=osi&th=1&psc=1">View Product</a></div><div class="product"><a href="https://www.amazon.com/dp/B074Y8LM6T?tag=eloabder-20&linkCode=osi&th=1&psc=1"><img src="https://m.media-amazon.com/images/I/316blXt1KxL._SL500_.jpg" alt="Product Image"></a><p>NYX PROFESSIONAL MAKEUP Epic Ink Liner, Waterproof Liquid Eyeliner - Black, Vegan Formula</p><p>$7.50</p><a href="https://www.amazon.com/dp/B074Y8LM6T?tag=eloabder-20&linkCode=osi&th=1&psc=1">View Product</a></div><div class="product"><a href="https://www.amazon.com/dp/B005G9E9FW?tag=eloabder-20&linkCode=osi&th=1&psc=1"><img src="https://m.media-amazon.com/images/I/51poZdEojrL._SL500_.jpg" alt="Product Image"></a><p>NYX PROFESSIONAL MAKEUP Vivid Rich Mechanical Eye Pencil, Vivid Rich Mechanical, Creamy Retractable Eyeliner - Smokin Topaz, Brown Eyeliner</p><p>$6.00</p><a href="https://www.amazon.com/dp/B005G9E9FW?tag=eloabder-20&linkCode=osi&th=1&psc=1">View Product</a></div><div class="product"><a href="https://www.amazon.com/dp/B082YQ8TXR?tag=eloabder-20&linkCode=osi&th=1&psc=1"><img src="https://m.media-amazon.com/images/I/31Et4E-arpL._SL500_.jpg" alt="Product Image"></a><p>wet n wild Mega Last Breakup Proof Liquid Eyeliner - Quick Drying, Smudge-Resistant, 16-Hour Wear - Cruelty-Free & Vegan - Black</p><p>$5.47</p><a href="https://www.amazon.com/dp/B082YQ8TXR?tag=eloabder-20&linkCode=osi&th=1&psc=1">View Product</a></div><div class="product"><a href="https://www.amazon.com/dp/B07NX61ZHN?tag=eloabder-20&linkCode=osi&th=1&psc=1"><img src="https://m.media-amazon.com/images/I/31kQNTwJazL._SL500_.jpg" alt="Product Image"></a><p>Rimmel London exaggerate auto waterproof eye definer in blackest black, 2 Count</p><p>$6.97</p><a href="https://www.amazon.com/dp/B07NX61ZHN?tag=eloabder-20&linkCode=osi&th=1&psc=1">View Product</a></div><div class="product"><a href="https://www.amazon.com/dp/B082YPRCMM?tag=eloabder-20&linkCode=osi&th=1&psc=1"><img src="https://m.media-amazon.com/images/I/317ubI9GTBL._SL500_.jpg" alt="Product Image"></a><p>wet n wild Mega Last Breakup Proof Eyeliner, Quick Drying, Waterproof, 16-Hour Wear - Cruelty-Free & Vegan - Blackest Black</p><p>$2.28</p><a href="https://www.amazon.com/dp/B082YPRCMM?tag=eloabder-20&linkCode=osi&th=1&psc=1">View Product</a></div><div class="product"><a href="https://www.amazon.com/dp/B07GX832KD?tag=eloabder-20&linkCode=osi&th=1&psc=1"><img src="https://m.media-amazon.com/images/I/315wR2F58-L._SL500_.jpg" alt="Product Image"></a><p>Maybelline TattooStudio Long-Lasting Sharpenable Eyeliner Pencil, Glide on Smooth Gel Pigments with 36 Hour Wear, Waterproof, Deep Onyx, 1 Count</p><p>$6.42</p><a href="https://www.amazon.com/dp/B07GX832KD?tag=eloabder-20&linkCode=osi&th=1&psc=1">View Product</a></div>
<div class="product"><a href="https://www.amazon.com/dp/B0BG7MWNNN?tag=eloabder-20&linkCode=osi&th=1&psc=1"><img src="https://m.media-amazon.com/images/I/41E8W4N+FkL._SL500_.jpg" alt="Product Image"></a><p>Prime Prometics PrimeLash Mascara for Older Women – Volumizing, Incredible Length in 2 Coats – Long-Stay, Zero Clumps, Hypoallergenic (Brown)</p><p>$28.00</p><a href="https://www.amazon.com/dp/B0BG7MWNNN?tag=eloabder-20&linkCode=osi&th=1&psc=1">View Product</a></div><div class="product"><a href="https://www.amazon.com/dp/B00T0C9XRK?tag=eloabder-20&linkCode=osi&th=1&psc=1"><img src="https://m.media-amazon.com/images/I/41IP2ZEXFNL._SL500_.jpg" alt="Product Image"></a><p>essence | Lash Princess False Lash Effect Mascara | Volumizing & Lengthening | Cruelty Free & Paraben Free</p><p>$4.99 ($12.17 / Fl Oz )</p><a href="https://www.amazon.com/dp/B00T0C9XRK?tag=eloabder-20&linkCode=osi&th=1&psc=1">View Product</a></div><div class="product"><a href="https://www.amazon.com/dp/B08H3JPH74?tag=eloabder-20&linkCode=osi&th=1&psc=1"><img src="https://m.media-amazon.com/images/I/31hf532TEHL._SL500_.jpg" alt="Product Image"></a><p>Maybelline Lash Sensational Sky High Washable Mascara Makeup, Volumizing, Lengthening, Defining, Curling, Multiplying, Buildable Formula, Blackest Black, 1 Count</p><p>$9.98</p><a href="https://www.amazon.com/dp/B08H3JPH74?tag=eloabder-20&linkCode=osi&th=1&psc=1">View Product</a></div><div class="product"><a href="https://www.amazon.com/dp/B01DPA6OHO?tag=eloabder-20&linkCode=osi&th=1&psc=1"><img src="https://m.media-amazon.com/images/I/31xGLWu4IKL._SL500_.jpg" alt="Product Image"></a><p>L'Oreal Paris Makeup Voluminous Lash Boosting Conditioning Primer Mascara, White Primer, 0.24 fl; oz.</p><p>$8.88</p><a href="https://www.amazon.com/dp/B01DPA6OHO?tag=eloabder-20&linkCode=osi&th=1&psc=1">View Product</a></div><div class="product"><a href="https://www.amazon.com/dp/B06XF2TR11?tag=eloabder-20&linkCode=osi&th=1&psc=1"><img src="https://m.media-amazon.com/images/I/31B6RR270IL._SL500_.jpg" alt="Product Image"></a><p>L'Oreal Paris Voluminous Makeup Lash Paradise Mascara, Voluptuous Volume, Intense Length, Feathery Soft Full Lashes, No Flaking, No Smudging, No Clumping, Blackest Black, 1 Count</p><p>$9.97</p><a href="https://www.amazon.com/dp/B06XF2TR11?tag=eloabder-20&linkCode=osi&th=1&psc=1">View Product</a></div><div class="product"><a href="https://www.amazon.com/dp/B004BCTFVS?tag=eloabder-20&linkCode=osi&th=1&psc=1"><img src="https://m.media-amazon.com/images/I/31-ICBRxi9L._SL500_.jpg" alt="Product Image"></a><p>L'Oreal Paris Makeup Voluminous Original Volume Building Mascara, Blackest Black, 0.28 fl; Oz, 1 Count</p><p>$8.95</p><a href="https://www.amazon.com/dp/B004BCTFVS?tag=eloabder-20&linkCode=osi&th=1&psc=1">View Product</a></div><div class="product"><a href="https://www.amazon.com/dp/B004BD107O?tag=eloabder-20&linkCode=osi&th=1&psc=1"><img src="https://m.media-amazon.com/images/I/31OWqsdljyL._SL500_.jpg" alt="Product Image"></a><p>L'Oreal Paris Makeup Telescopic Original Lengthening Mascara, Blackest Black, 0.27 Fl Oz (1 Count)</p><p>$10.99</p><a href="https://www.amazon.com/dp/B004BD107O?tag=eloabder-20&linkCode=osi&th=1&psc=1">View Product</a></div><div class="product"><a href="https://www.amazon.com/dp/B00PFCT2R0?tag=eloabder-20&linkCode=osi&th=1&psc=1"><img src="https://m.media-amazon.com/images/I/31RyE6ZtDIL._SL500_.jpg" alt="Product Image"></a><p>Maybelline Lash Sensational Washable Mascara, Lengthening and Volumizing for a Full Fan Effect, Blackest Black, 1 Count</p><p>$8.91</p><a href="https://www.amazon.com/dp/B00PFCT2R0?tag=eloabder-20&linkCode=osi&th=1&psc=1">View Product</a></div><div class="product"><a href="https://www.amazon.com/dp/B08TPCHYLW?tag=eloabder-20&linkCode=osi&th=1&psc=1"><img src="https://m.media-amazon.com/images/I/31EWIaihEwL._SL500_.jpg" alt="Product Image"></a><p>Lancôme Lash Idôle Lash-Lifting & Volumizing Mascara - Black Mascara for Instant Volume, Length & Lift - Smudge Proof & Up To 24H Wear - Black</p><p>$30.00 ($111.11 / Fl Oz)</p><a href="https://www.amazon.com/dp/B08TPCHYLW?tag=eloabder-20&linkCode=osi&th=1&psc=1">View Product</a></div><div class="product"><a href="https://www.amazon.com/dp/B079X4DB3J?tag=eloabder-20&linkCode=osi&th=1&psc=1"><img src="https://m.media-amazon.com/images/I/31jCqqzhgIL._SL500_.jpg" alt="Product Image"></a><p>essence | Volume Booster Lash Primer Mascara | Infused with Mango Butter and Acai Oil for Nurtured Lashes | Conditioning Mascara Primer | White | Vegan | Paraben & Cruelty Free (Pack of 1)</p><p>$4.99</p><a href="https://www.amazon.com/dp/B079X4DB3J?tag=eloabder-20&linkCode=osi&th=1&psc=1">View Product</a></div>
<div class="product"><a href="https://www.amazon.com/dp/B079B8BFR3?tag=eloabder-20&linkCode=osi&th=1&psc=1"><img src="https://m.media-amazon.com/images/I/41DSmndr3KL._SL500_.jpg" alt="Product Image"></a><p>KISS Looks So Natural, False Eyelashes, Shy', 12 mm, Includes 5 Pairs Of Lashes, Contact Lens Friendly, Easy to Apply, Reusable Strip Lashes, Glue On</p><p>$7.09</p><a href="https://www.amazon.com/dp/B079B8BFR3?tag=eloabder-20&linkCode=osi&th=1&psc=1">View Product</a></div><div class="product"><a href="https://www.amazon.com/dp/B09MQCDVM7?tag=eloabder-20&linkCode=osi&th=1&psc=1"><img src="https://m.media-amazon.com/images/I/510lQqrrVtL._SL500_.jpg" alt="Product Image"></a><p>False Eyelashes 14mm Faux 3D Mink Lashes Natural Look Fluffy Cat Eye Wispy Lashes Pack by Kiromiro, 14 Pairs</p><p>$8.89</p><a href="https://www.amazon.com/dp/B09MQCDVM7?tag=eloabder-20&linkCode=osi&th=1&psc=1">View Product</a></div><div class="product"><a href="https://www.amazon.com/dp/B0C5QK1QHP?tag=eloabder-20&linkCode=osi&th=1&psc=1"><img src="https://m.media-amazon.com/images/I/51eSQ4cj35L._SL500_.jpg" alt="Product Image"></a><p>Veleasha Lashes 5D Faux Mink Lashes 100% Handmade Luxurious Fake Eyelashes Lightweight Fluffy False Eyelashes 5 Pairs Pack (G2)</p><p>$6.98 ($1.40 / Count)</p><a href="https://www.amazon.com/dp/B0C5QK1QHP?tag=eloabder-20&linkCode=osi&th=1&psc=1">View Product</a></div><div class="product"><a href="https://www.amazon.com/dp/B00DS4EIEE?tag=eloabder-20&linkCode=osi&th=1&psc=1"><img src="https://m.media-amazon.com/images/I/415k4JSKxOL._SL500_.jpg" alt="Product Image"></a><p>KISS So Wispy, False Eyelashes, Style #11', 12 mm, Includes 5 Pairs Of Lashes, Contact Lens Friendly, Easy to Apply, Reusable Strip Lashes, Glue On, Mulitpack</p><p>$8.97 ($1.79 / Count)</p><a href="https://www.amazon.com/dp/B00DS4EIEE?tag=eloabder-20&linkCode=osi&th=1&psc=1">View Product</a></div><div class="product"><a href="https://www.amazon.com/dp/B08R6PR7ND?tag=eloabder-20&linkCode=osi&th=1&psc=1"><img src="https://m.media-amazon.com/images/I/41r4c3ZiCWL._SL500_.jpg" alt="Product Image"></a><p>KISS My Lash But Better, False Eyelashes, All Mine', 10 mm, Includes 1 Pair Of Lashes, Contact Lens Friendly, Easy to Apply, Reusable Strip Lashes, Glue-On</p><p>$3.97</p><a href="https://www.amazon.com/dp/B08R6PR7ND?tag=eloabder-20&linkCode=osi&th=1&psc=1">View Product</a></div><div class="product"><a href="https://www.amazon.com/dp/B0B1LRRTCH?tag=eloabder-20&linkCode=osi&th=1&psc=1"><img src="https://m.media-amazon.com/images/I/41gc2Df+nAL._SL500_.jpg" alt="Product Image"></a><p>GMAGICTOBO False Eyelashes Natural Half Lashes Short Wispy Clear Band Lashes Pack Cat Eye 3D Faux Mink Lashes Fake Eyelashes 7 Pairs Multipack</p><p>$8.59 ($1.23 / Count)</p><a href="https://www.amazon.com/dp/B0B1LRRTCH?tag=eloabder-20&linkCode=osi&th=1&psc=1">View Product</a></div><div class="product"><a href="https://www.amazon.com/dp/B0BX3YHN14?tag=eloabder-20&linkCode=osi&th=1&psc=1"><img src="https://m.media-amazon.com/images/I/51YYa1vTElL._SL500_.jpg" alt="Product Image"></a><p>KISS imPRESS Falsies False Eyelashes, Lash Clusters, Voluminous', 14 mm, Includes 20 Clusters, 1 applicator, Contact Lens Friendly, Easy to Apply, Reusable Strip Lashes</p><p>$12.72</p><a href="https://www.amazon.com/dp/B0BX3YHN14?tag=eloabder-20&linkCode=osi&th=1&psc=1">View Product</a></div><div class="product"><a href="https://www.amazon.com/dp/B00YYHHI1E?tag=eloabder-20&linkCode=osi&th=1&psc=1"><img src="https://m.media-amazon.com/images/I/419bv9iNI9L._SL500_.jpg" alt="Product Image"></a><p>Ardell False Eyelashes Demi Wispies Black, 1 pack (6 pairs per pack)</p><p>$9.74 ($1.95 / Count)</p><a href="https://www.amazon.com/dp/B00YYHHI1E?tag=eloabder-20&linkCode=osi&th=1&psc=1">View Product</a></div><div class="product"><a href="https://www.amazon.com/dp/B0CG5SY8J1?tag=eloabder-20&linkCode=osi&th=1&psc=1"><img src="https://m.media-amazon.com/images/I/41SWlZB3plL._SL500_.jpg" alt="Product Image"></a><p>Natural Lashes Natural Eyelashes Short Eyelashes Natural Look False Eyelashes Wispy Eye Lashes 10mm Small Lashes Fake Lashes K50</p><p>$7.93 ($1.13 / Count)</p><a href="https://www.amazon.com/dp/B0CG5SY8J1?tag=eloabder-20&linkCode=osi&th=1&psc=1">View Product</a></div><div class="product"><a href="https://www.amazon.com/dp/B08SPVMDTV?tag=eloabder-20&linkCode=osi&th=1&psc=1"><img src="https://m.media-amazon.com/images/I/41Q6wh0HacL._SL500_.jpg" alt="Product Image"></a><p>KISS Falscara Multipack False Eyelashes, Lash Clusters, Natural Wispy Wisps', 10mm-12mm-14mm, Includes 24 Assorted Lengths Wisps, Contact Lens Friendly, Easy to Apply, Reusable Strip Lashes</p><p>$6.47 ($0.27 / Count)</p><a href="https://www.amazon.com/dp/B08SPVMDTV?tag=eloabder-20&linkCode=osi&th=1&psc=1">View Product</a></div>
<div class="product"><a href="https://www.amazon.com/dp/B01BMMOAFU?tag=eloabder-20&linkCode=osi&th=1&psc=1"><img src="https://m.media-amazon.com/images/I/41RH+KsNzoS._SL500_.jpg" alt="Product Image"></a><p>KISS Strip Lash Adhesive, Lash Glue, 24hr Strip Eyelash Adhesive, Clear, Includes Lash Adhesive, Long Lasting Wear, Can Be Used with Strip Lashes and Lash Clusters</p><p>$3.97 ($23.35 / Ounce)</p><a href="https://www.amazon.com/dp/B01BMMOAFU?tag=eloabder-20&linkCode=osi&th=1&psc=1">View Product</a></div><div class="product"><a href="https://www.amazon.com/dp/B0BFRB2LNS?tag=eloabder-20&linkCode=osi&th=1&psc=1"><img src="https://m.media-amazon.com/images/I/41uxD-vIXQL._SL500_.jpg" alt="Product Image"></a><p>Cluster Lash Bond and Seal, Lash Cluster Glue for Individual Eyelash Extensions Strong Hold Individual Lash Glue Individual Eyelashes Glue Mascara for Personal Makeup Use at Home(5ml)</p><p>$8.99 ($52.88 / Fl Oz)</p><a href="https://www.amazon.com/dp/B0BFRB2LNS?tag=eloabder-20&linkCode=osi&th=1&psc=1">View Product</a></div><div class="product"><a href="https://www.amazon.com/dp/B006UZMXZY?tag=eloabder-20&linkCode=osi&th=1&psc=1"><img src="https://m.media-amazon.com/images/I/41YrQ9QUhlL._SL500_.jpg" alt="Product Image"></a><p>DUO Brush-On Lash Adhesive with Vitamins A, C & E, Clear, 0.18 oz, 1-Pack</p><p>$4.92 ($27.33 / Ounce)</p><a href="https://www.amazon.com/dp/B006UZMXZY?tag=eloabder-20&linkCode=osi&th=1&psc=1">View Product</a></div><div class="product"><a href="https://www.amazon.com/dp/B0BVLL8ZQF?tag=eloabder-20&linkCode=osi&th=1&psc=1"><img src="https://m.media-amazon.com/images/I/41OSC3l2NuL._SL500_.jpg" alt="Product Image"></a><p>Lash Glue Bond and Seal Long Lasting Strong Hold Waterproof 2 in 1 Cluster Eyelash Glue for DIY Lash Extensions by Mavphnee</p><p>$7.99 ($23.50 / Fl Oz)</p><a href="https://www.amazon.com/dp/B0BVLL8ZQF?tag=eloabder-20&linkCode=osi&th=1&psc=1">View Product</a></div><div class="product"><a href="https://www.amazon.com/dp/B01N143CA0?tag=eloabder-20&linkCode=osi&th=1&psc=1"><img src="https://m.media-amazon.com/images/I/31DwI2yjwYL._SL500_.jpg" alt="Product Image"></a><p>Extra Strong Eyelash Extension Glue Stacy Lash (0.17fl.oz / 5ml) / 0.5-1 Sec Dry/Retention – 8 Weeks/Black Adhesive/Professional Supplies</p><p>$21.49 ($126.41 / Fl Oz)</p><a href="https://www.amazon.com/dp/B01N143CA0?tag=eloabder-20&linkCode=osi&th=1&psc=1">View Product</a></div><div class="product"><a href="https://www.amazon.com/dp/B00RH8XUZK?tag=eloabder-20&linkCode=osi&th=1&psc=1"><img src="https://m.media-amazon.com/images/I/41ywEIr4LGL._SL500_.jpg" alt="Product Image"></a><p>i-Envy by KISS Super Strong Hold Eyelash Adhesive, Brush on, Waterproof Long-Lasting Strip Lash Glue, Natural-Looking Allergy & Latex Free with Brush Applicator (Clear)</p><p>$5.09</p><a href="https://www.amazon.com/dp/B00RH8XUZK?tag=eloabder-20&linkCode=osi&th=1&psc=1">View Product</a></div><div class="product"><a href="https://www.amazon.com/dp/B0B138BNSQ?tag=eloabder-20&linkCode=osi&th=1&psc=1"><img src="https://m.media-amazon.com/images/I/41y28D4CT2L._SL500_.jpg" alt="Product Image"></a><p>AOA Studio Eyelash Lash Glue Enhancers 4pcs Strip Lash Adhesive Strong Hold Water Proof Formula No Irritation Latex Free Long Lasing Quick Dry Eyelash adhesive 0.17oz Each (4 Pack) (Clear)</p><p>$8.95 ($2.24 / Count)</p><a href="https://www.amazon.com/dp/B0B138BNSQ?tag=eloabder-20&linkCode=osi&th=1&psc=1">View Product</a></div><div class="product"><a href="https://www.amazon.com/dp/B0CGKV8WRR?tag=eloabder-20&linkCode=osi&th=1&psc=1"><img src="https://m.media-amazon.com/images/I/31KsdJxWyQL._SL500_.jpg" alt="Product Image"></a><p>FlutterHabit Made for This Adhesive Lash Glue for Eyelash Extensions - Your Ultimate All-Day Hold Lash Cluster Glue for Effortless, Stunning, and Long-Lasting Eyelashes - All-in-one Lash Glue</p><p>$17.99</p><a href="https://www.amazon.com/dp/B0CGKV8WRR?tag=eloabder-20&linkCode=osi&th=1&psc=1">View Product</a></div><div class="product"><a href="https://www.amazon.com/dp/B09HK77CF1?tag=eloabder-20&linkCode=osi&th=1&psc=1"><img src="https://m.media-amazon.com/images/I/41md8lf4CYL._SL500_.jpg" alt="Product Image"></a><p>Lilac St - Pro Lash Glue - Long Lasting & Fast Drying Lash Application - Mini Mascara Wand Applicator - Latex Free - Vegan & Cruelty Free - Black</p><p>$19.00 ($111.76 / Ounce)</p><a href="https://www.amazon.com/dp/B09HK77CF1?tag=eloabder-20&linkCode=osi&th=1&psc=1">View Product</a></div><div class="product"><a href="https://www.amazon.com/dp/B07BGT18DP?tag=eloabder-20&linkCode=osi&th=1&psc=1"><img src="https://m.media-amazon.com/images/I/41FjwdBfRYL._SL500_.jpg" alt="Product Image"></a><p>Extra Strong Evolution Eyelash Extension Glue Stacy Lash (0.17fl.oz/5ml)/1-2 Sec Dry/Retention – 8 Weeks/Professional Supplies/Black Adhesive</p><p>$21.99 ($129.35 / Fl Oz)</p><a href="https://www.amazon.com/dp/B07BGT18DP?tag=eloabder-20&linkCode=osi&th=1&psc=1">View Product</a></div>
<div class="product"><a href="https://www.amazon.com/dp/B09T8DQ1SG?tag=eloabder-20&linkCode=osi&th=1&psc=1"><img src="https://m.media-amazon.com/images/I/41gpuwrIhOL._SL500_.jpg" alt="Product Image"></a><p>Maybelline Super Stay Vinyl Ink Longwear No-Budge Liquid Lipcolor Makeup, Highly Pigmented Color and Instant Shine, Royal, Deep Wine Red Lipstick, 0.14 fl oz, 1 Count</p><p>$9.98</p><a href="https://www.amazon.com/dp/B09T8DQ1SG?tag=eloabder-20&linkCode=osi&th=1&psc=1">View Product</a></div><div class="product"><a href="https://www.amazon.com/dp/B08H4FSGDX?tag=eloabder-20&linkCode=osi&th=1&psc=1"><img src="https://m.media-amazon.com/images/I/31OAiyoloML._SL500_.jpg" alt="Product Image"></a><p>Maybelline Super Stay Matte Ink Liquid Lipstick Makeup, Long Lasting High Impact Color, Up to 16H Wear, Exhilarator, Ruby Red, 1 Count</p><p>$9.18</p><a href="https://www.amazon.com/dp/B08H4FSGDX?tag=eloabder-20&linkCode=osi&th=1&psc=1">View Product</a></div><div class="product"><a href="https://www.amazon.com/dp/B07XTTDTWR?tag=eloabder-20&linkCode=osi&th=1&psc=1"><img src="https://m.media-amazon.com/images/I/31M4QldCq3L._SL500_.jpg" alt="Product Image"></a><p>REVLON Lipstick, Super Lustrous Lipstick, Creamy Formula For Soft, Fuller-Looking Lips, Moisturized Feel in Nudes & Browns, Bare It All (755) 0.15 oz</p><p>$6.48</p><a href="https://www.amazon.com/dp/B07XTTDTWR?tag=eloabder-20&linkCode=osi&th=1&psc=1">View Product</a></div><div class="product"><a href="https://www.amazon.com/dp/B079KFP7NT?tag=eloabder-20&linkCode=osi&th=1&psc=1"><img src="https://m.media-amazon.com/images/I/41Ih8G0FSmL._SL500_.jpg" alt="Product Image"></a><p>wet n wild Silk Finish Lipstick, Hydrating Rich Buildable Lip Color, Formulated with Vitamins A,E, & Macadamia for Ultimate Hydration, Cruelty-Free & Vegan - Raging Red</p><p>$1.29</p><a href="https://www.amazon.com/dp/B079KFP7NT?tag=eloabder-20&linkCode=osi&th=1&psc=1">View Product</a></div><div class="product"><a href="https://www.amazon.com/dp/B002F3R44K?tag=eloabder-20&linkCode=osi&th=1&psc=1"><img src="https://m.media-amazon.com/images/I/41-gXIE96GL._SL500_.jpg" alt="Product Image"></a><p>Revlon Lipstick, Super Lustrous Lipstick, Creamy Formula For Soft, Fuller-Looking Lips, Moisturized Feel in Pinks, Pink In The Afternoon (415) 0.15 oz</p><p>$6.48</p><a href="https://www.amazon.com/dp/B002F3R44K?tag=eloabder-20&linkCode=osi&th=1&psc=1">View Product</a></div><div class="product"><a href="https://www.amazon.com/dp/B001LFER98?tag=eloabder-20&linkCode=osi&th=1&psc=1"><img src="https://m.media-amazon.com/images/I/41wezVKuIoL._SL500_.jpg" alt="Product Image"></a><p>REVLON Lipstick, Super Lustrous Lipstick, Creamy Formula For Soft, Fuller-Looking Lips, Moisturized Feel in Reds & Corals, Peach Me (628) 0.15 oz</p><p>$4.99</p><a href="https://www.amazon.com/dp/B001LFER98?tag=eloabder-20&linkCode=osi&th=1&psc=1">View Product</a></div><div class="product"><a href="https://www.amazon.com/dp/B0046VESH0?tag=eloabder-20&linkCode=osi&th=1&psc=1"><img src="https://m.media-amazon.com/images/I/31yAUm+1KhL._SL500_.jpg" alt="Product Image"></a><p>MAYBELLINE Super Stay 24, 2-Step Liquid Lipstick Makeup, Long Lasting Highly Pigmented Color with Moisturizing Balm, Blush On, Pink, 1 Count</p><p>$8.98</p><a href="https://www.amazon.com/dp/B0046VESH0?tag=eloabder-20&linkCode=osi&th=1&psc=1">View Product</a></div>
<div class="product"><a href="https://www.amazon.com/dp/B09SP2XHKT?tag=eloabder-20&linkCode=osi&th=1&psc=1"><img src="https://m.media-amazon.com/images/I/31KGrScgA8L._SL500_.jpg" alt="Product Image"></a><p>NYX PROFESSIONAL MAKEUP Butter Gloss, Non-Sticky Lip Gloss - Sugar Glass (Clear)</p><p>$5.97</p><a href="https://www.amazon.com/dp/B09SP2XHKT?tag=eloabder-20&linkCode=osi&th=1&psc=1">View Product</a></div><div class="product"><a href="https://www.amazon.com/dp/B08GSTZ7ZW?tag=eloabder-20&linkCode=osi&th=1&psc=1"><img src="https://m.media-amazon.com/images/I/41nPuTtXVgL._SL500_.jpg" alt="Product Image"></a><p>Ruby Kisses Broadway Vita-Lip Clear Lip Gloss - Moisturizing, Hydrating, Nourishing with Mint, Rosehip, Coconut, Mango, Argan, Honey & Shea</p><p>$7.99 ($2.12 / Ounce)</p><a href="https://www.amazon.com/dp/B08GSTZ7ZW?tag=eloabder-20&linkCode=osi&th=1&psc=1">View Product</a></div><div class="product"><a href="https://www.amazon.com/dp/B015RPE14S?tag=eloabder-20&linkCode=osi&th=1&psc=1"><img src="https://m.media-amazon.com/images/I/31FRC3fz7EL._SL500_.jpg" alt="Product Image"></a><p>L.A. Colors High Shine Shea Butter Lip Gloss, Clear, 0.14 Ounce</p><p>$1.98</p><a href="https://www.amazon.com/dp/B015RPE14S?tag=eloabder-20&linkCode=osi&th=1&psc=1">View Product</a></div><div class="product"><a href="https://www.amazon.com/dp/B00Q26VWZI?tag=eloabder-20&linkCode=osi&th=1&psc=1"><img src="https://m.media-amazon.com/images/I/31Bqig96T0L._SL500_.jpg" alt="Product Image"></a><p>Rimmel Stay Glossy Lip Gloss - Non-Sticky and Lightweight Formula for Lip Color and Shine - 130 Blushing Belgraves, .18oz</p><p>$3.97</p><a href="https://www.amazon.com/dp/B00Q26VWZI?tag=eloabder-20&linkCode=osi&th=1&psc=1">View Product</a></div><div class="product"><a href="https://www.amazon.com/dp/B081C6PXZJ?tag=eloabder-20&linkCode=osi&th=1&psc=1"><img src="https://m.media-amazon.com/images/I/51+emO79aqL._SL500_.jpg" alt="Product Image"></a><p>NICKA K NEW YORK VARIETY SET OF 5 NK Hydrating Lip Gel - Vitamin E (Clear, Rosehip Oil, Bubble Gum, Cherry, Strawberry)</p><p>$5.41</p><a href="https://www.amazon.com/dp/B081C6PXZJ?tag=eloabder-20&linkCode=osi&th=1&psc=1">View Product</a></div><div class="product"><a href="https://www.amazon.com/dp/B085S94V2K?tag=eloabder-20&linkCode=osi&th=1&psc=1"><img src="https://m.media-amazon.com/images/I/41fsuEw2mbL._SL500_.jpg" alt="Product Image"></a><p>Maybelline Lifter Gloss, Hydrating Lip Gloss with Hyaluronic Acid, Moon, Nude Pink, 0.18 Ounce</p><p>$7.71</p><a href="https://www.amazon.com/dp/B085S94V2K?tag=eloabder-20&linkCode=osi&th=1&psc=1">View Product</a></div><div class="product"><a href="https://www.amazon.com/dp/B01N1ZC8JZ?tag=eloabder-20&linkCode=osi&th=1&psc=1"><img src="https://m.media-amazon.com/images/I/41fsaqWz6SL._SL500_.jpg" alt="Product Image"></a><p>Broadway Vita-Lip Clear Lip Gloss 0.47oz/14ml (5PCS Mint & Coconut & Rosehip & Mango Butter & Argan Oil) (5 PCS SET)</p><p>$5.99</p><a href="https://www.amazon.com/dp/B01N1ZC8JZ?tag=eloabder-20&linkCode=osi&th=1&psc=1">View Product</a></div><div class="product"><a href="https://www.amazon.com/dp/B07DY2QRF6?tag=eloabder-20&linkCode=osi&th=1&psc=1"><img src="https://m.media-amazon.com/images/I/31qXrVfhvCL._SL500_.jpg" alt="Product Image"></a><p>LANEIGE Lip Glowy Balm Berry: Hydrate, Glossy, Lightweight, Moisturize & Tint with Shea Butter</p><p>$19.00 ($54.29 / Ounce)</p><a href="https://www.amazon.com/dp/B07DY2QRF6?tag=eloabder-20&linkCode=osi&th=1&psc=1">View Product</a></div><div class="product"><a href="https://www.amazon.com/dp/B0BSR85M24?tag=eloabder-20&linkCode=osi&th=1&psc=1"><img src="https://m.media-amazon.com/images/I/31eKHNoE3KL._SL500_.jpg" alt="Product Image"></a><p>e.l.f. Lip Lacquer, Nourishing, Non-Sticky Ultra-Shine Lip Gloss With Sheer Color, Infused With Vitamins A & E, Vegan & Cruelty-Free, Whisper Pink</p><p>$3.00</p><a href="https://www.amazon.com/dp/B0BSR85M24?tag=eloabder-20&linkCode=osi&th=1&psc=1">View Product</a></div><div class="product"><a href="https://www.amazon.com/dp/B09DMGWJKY?tag=eloabder-20&linkCode=osi&th=1&psc=1"><img src="https://m.media-amazon.com/images/I/41nIFmIKHRL._SL500_.jpg" alt="Product Image"></a><p>Broadway Vita-Lip Clear Lip Gloss Moisturizing Hydrating Nourishing Long Lasting High Shine Glossy Lip Care Gloss 0.47oz/14ml (10 PCS SET)</p><p>$9.99</p><a href="https://www.amazon.com/dp/B09DMGWJKY?tag=eloabder-20&linkCode=osi&th=1&psc=1">View Product</a></div>
<div class="product"><a href="https://www.amazon.com/dp/B079ZX2QBD?tag=eloabder-20&linkCode=osi&th=1&psc=1"><img src="https://m.media-amazon.com/images/I/41b133H9ouL._SL500_.jpg" alt="Product Image"></a><p>NYX PROFESSIONAL MAKEUP Slim Lip Pencil, Long-Lasting Creamy Lip Liner - Espresso</p><p>$3.99</p><a href="https://www.amazon.com/dp/B079ZX2QBD?tag=eloabder-20&linkCode=osi&th=1&psc=1">View Product</a></div><div class="product"><a href="https://www.amazon.com/dp/B01LTI19EM?tag=eloabder-20&linkCode=osi&th=1&psc=1"><img src="https://m.media-amazon.com/images/I/31dqwnDSWYL._SL500_.jpg" alt="Product Image"></a><p>Revlon Lip Liner, Colorstay Lip Makeup with Built-in-Sharpener, Longwear Rich Lip Colors, Smooth Application, 630 Nude, 0.01 oz</p><p>$6.94</p><a href="https://www.amazon.com/dp/B01LTI19EM?tag=eloabder-20&linkCode=osi&th=1&psc=1">View Product</a></div><div class="product"><a href="https://www.amazon.com/dp/B07PKW2MKF?tag=eloabder-20&linkCode=osi&th=1&psc=1"><img src="https://m.media-amazon.com/images/I/41Z7GVpsqBL._SL500_.jpg" alt="Product Image"></a><p>wet n wild Lip Liner Perfect Pout Matte Retractable Gel Lip Liner Pencil, Purple Lay Down the Mauves</p><p>$3.29</p><a href="https://www.amazon.com/dp/B07PKW2MKF?tag=eloabder-20&linkCode=osi&th=1&psc=1">View Product</a></div><div class="product"><a href="https://www.amazon.com/dp/B0CMYQBRTW?tag=eloabder-20&linkCode=osi&th=1&psc=1"><img src="https://m.media-amazon.com/images/I/21uY0T3ER3L._SL500_.jpg" alt="Product Image"></a><p>e.l.f. Cream Glide Lip Liner, Highly-Pigmented Pencil For Shaping & Sculpting Lips, Semi-Matte Finish, Vegan & Cruelty-Free, Truth or Bare</p><p>$2.00</p><a href="https://www.amazon.com/dp/B0CMYQBRTW?tag=eloabder-20&linkCode=osi&th=1&psc=1">View Product</a></div><div class="product"><a href="https://www.amazon.com/dp/B01LZ2A9H5?tag=eloabder-20&linkCode=osi&th=1&psc=1"><img src="https://m.media-amazon.com/images/I/317eibjWZ1L._SL500_.jpg" alt="Product Image"></a><p>Maybelline Color Sensational Shaping Lip Liner with Self-Sharpening Tip, Magnetic Mauve, Mauve Pink, 1 Count</p><p>$6.98</p><a href="https://www.amazon.com/dp/B01LZ2A9H5?tag=eloabder-20&linkCode=osi&th=1&psc=1">View Product</a></div><div class="product"><a href="https://www.amazon.com/dp/B0CZBMYB36?tag=eloabder-20&linkCode=osi&th=1&psc=1"><img src="https://m.media-amazon.com/images/I/313kn3zESlL._SL500_.jpg" alt="Product Image"></a><p>MAYBELLINE Lifter Liner Lip Liner Pencil with Hyaluronic Acid, On It, 1 Count</p><p>$7.98</p><a href="https://www.amazon.com/dp/B0CZBMYB36?tag=eloabder-20&linkCode=osi&th=1&psc=1">View Product</a></div><div class="product"><a href="https://www.amazon.com/dp/B013VWRYXE?tag=eloabder-20&linkCode=osi&th=1&psc=1"><img src="https://m.media-amazon.com/images/I/51DYeydMNqL._SL500_.jpg" alt="Product Image"></a><p>12pc Italia Deluxe Ultra Fine Lip Liner set of 12 color</p><p>$9.85</p><a href="https://www.amazon.com/dp/B013VWRYXE?tag=eloabder-20&linkCode=osi&th=1&psc=1">View Product</a></div><div class="product"><a href="https://www.amazon.com/dp/B08CFSS35N?tag=eloabder-20&linkCode=osi&th=1&psc=1"><img src="https://m.media-amazon.com/images/I/212BftJ6SzL._SL500_.jpg" alt="Product Image"></a><p>Rimmel Lasting Finish 8HR Soft Lip Liner Pencil - Vibrant, Blendable Formula to Lock Lipstick in Place for 8 Hours - 705 Cappuccino, .04oz</p><p>$5.99</p><a href="https://www.amazon.com/dp/B08CFSS35N?tag=eloabder-20&linkCode=osi&th=1&psc=1">View Product</a></div><div class="product"><a href="https://www.amazon.com/dp/B0BVPNQW1C?tag=eloabder-20&linkCode=osi&th=1&psc=1"><img src="https://m.media-amazon.com/images/I/31a29qwVsOL._SL500_.jpg" alt="Product Image"></a><p>Sacheu Lip Liner Stay-N - Peel Off Lip Liner Tattoo, Peel Off Lip Stain, Long Lasting Lip Stain Peel Off, Infused with Hyaluronic Acid & Vitamin E, For All Skin Types, p-INKED</p><p>$12.00</p><a href="https://www.amazon.com/dp/B0BVPNQW1C?tag=eloabder-20&linkCode=osi&th=1&psc=1">View Product</a></div><div class="product"><a href="https://www.amazon.com/dp/B005G9LPDQ?tag=eloabder-20&linkCode=osi&th=1&psc=1"><img src="https://m.media-amazon.com/images/I/31S6bAW3pDL._SL500_.jpg" alt="Product Image"></a><p>NYX PROFESSIONAL MAKEUP Mechanical Lip Liner Pencil, Nude Pink</p><p>$4.99</p><a href="https://www.amazon.com/dp/B005G9LPDQ?tag=eloabder-20&linkCode=osi&th=1&psc=1">View Product</a></div>
<div class="product"><a href="https://www.amazon.com/dp/B0C7W6GW8P?tag=eloabder-20&linkCode=osi&th=1&psc=1"><img src="https://m.media-amazon.com/images/I/31Z6RdO3GRL._SL500_.jpg" alt="Product Image"></a><p>e.l.f. Squeeze Me Lip Balm, Moisturizing Lip Balm For A Sheer Tint Of Color, Infused With Hyaluronic Acid, Vegan & Cruelty-free, Strawberry</p><p>$4.00</p><a href="https://www.amazon.com/dp/B0C7W6GW8P?tag=eloabder-20&linkCode=osi&th=1&psc=1">View Product</a></div><div class="product"><a href="https://www.amazon.com/dp/B001R1UD3K?tag=eloabder-20&linkCode=osi&th=1&psc=1"><img src="https://m.media-amazon.com/images/I/41QzfNZqHrL._SL500_.jpg" alt="Product Image"></a><p>Carmex Original Flavor Moisturizing Lip Balm Tube Value Pack,0.35 Ounce (3 Count)</p><p>$2.94</p><a href="https://www.amazon.com/dp/B001R1UD3K?tag=eloabder-20&linkCode=osi&th=1&psc=1">View Product</a></div><div class="product"><a href="https://www.amazon.com/dp/B07QYWXCCT?tag=eloabder-20&linkCode=osi&th=1&psc=1"><img src="https://m.media-amazon.com/images/I/51T+6mCUskL._SL500_.jpg" alt="Product Image"></a><p>Jack Black Intense Therapy Lip Balm, 0.25-Oz., Pack of 3 – Natural Mint & Shea Butter, SPF 25 Sun Protection, Lip Moisturizer, Hydrating Lip Balm with SPF, Long Lasting Treatment</p><p>$24.00 ($32.00 / Ounce)</p><a href="https://www.amazon.com/dp/B07QYWXCCT?tag=eloabder-20&linkCode=osi&th=1&psc=1">View Product</a></div><div class="product"><a href="https://www.amazon.com/dp/B0044B4HSM?tag=eloabder-20&linkCode=osi&th=1&psc=1"><img src="https://m.media-amazon.com/images/I/51-qb5fLclL._SL500_.jpg" alt="Product Image"></a><p>Blistex Medicated Lip Balm, 0.15 Ounce, 3 Count (Pack of 1) Prevent Dryness & Chapping, SPF 15 Sun Protection, Seals in Moisture, Hydrating Lip Balm, Easy Glide Formula for Full Coverage</p><p>$3.94</p><a href="https://www.amazon.com/dp/B0044B4HSM?tag=eloabder-20&linkCode=osi&th=1&psc=1">View Product</a></div><div class="product"><a href="https://www.amazon.com/dp/B0C1TFHMCT?tag=eloabder-20&linkCode=osi&th=1&psc=1"><img src="https://m.media-amazon.com/images/I/51aYODckhsL._SL500_.jpg" alt="Product Image"></a><p>Vaseline Lip Therapy Care Original, Fast-Acting Nourishment, Ideal for Chapped, Dry, Cracked, or Damaged Lips, Lip Balm, 0.16 Ounce (Pack of 4)</p><p>$5.00</p><a href="https://www.amazon.com/dp/B0C1TFHMCT?tag=eloabder-20&linkCode=osi&th=1&psc=1">View Product</a></div><div class="product"><a href="https://www.amazon.com/dp/B0CZXG68J4?tag=eloabder-20&linkCode=osi&th=1&psc=1"><img src="https://m.media-amazon.com/images/I/41Xkis0092L._SL500_.jpg" alt="Product Image"></a><p>CNP Honey Lip Butter (0.5 fl.oz / 15ml) - Propolis Lipcerin™, Hydrating Overnight Manuka Lip Balm & Mask, 12hrs Long-lasting Moisture, Gentle Exfoliation, Hygienic Twist Dispenser, Korean Skin Care</p><p>$13.64 ($27.28 / Fl Oz)</p><a href="https://www.amazon.com/dp/B0CZXG68J4?tag=eloabder-20&linkCode=osi&th=1&psc=1">View Product</a></div><div class="product"><a href="https://www.amazon.com/dp/B07MSG1HPK?tag=eloabder-20&linkCode=osi&th=1&psc=1"><img src="https://m.media-amazon.com/images/I/21RmonQcC5L._SL500_.jpg" alt="Product Image"></a><p>La Roche-Posay Cicaplast Lip Balm B5 | Hydrating Lip Balm with Shea Butter | Lip Treatment for Dry Cracked Lips | Moisturizing and Repairing Lip Balm | Fragrance Free</p><p>$9.99</p><a href="https://www.amazon.com/dp/B07MSG1HPK?tag=eloabder-20&linkCode=osi&th=1&psc=1">View Product</a></div>
<div class="product"><a href="https://www.amazon.com/dp/B099RYFLSW?tag=eloabder-20&linkCode=osi&th=1&psc=1"><img src="https://m.media-amazon.com/images/I/31IMjST8noL._SL500_.jpg" alt="Product Image"></a><p>ETUDE Dear Darling Water Tint Cherry Ade (21AD) | Vivid Color Lip Stain with Moisturizing Weightless & Non-sticky Finish Lip Stain | Smudge-proof & Lightweight Lip Tint | K-beauty</p><p>$6.67 ($20.84 / Fl Oz)</p><a href="https://www.amazon.com/dp/B099RYFLSW?tag=eloabder-20&linkCode=osi&th=1&psc=1">View Product</a></div><div class="product"><a href="https://www.amazon.com/dp/B0C7Q4Q9SX?tag=eloabder-20&linkCode=osi&th=1&psc=1"><img src="https://m.media-amazon.com/images/I/51SO2tY6q-L._SL500_.jpg" alt="Product Image"></a><p>6 Colors Lip Tint Stain Set, Korean Lip Gloss Plumping Mini Liquid Lipstick, Multi-use Lip and Cheek Tint,Waterproof&Long Lasting,Natural Lip Stain Non-Sticky,Vivid Color (Avocado)</p><p>$7.99 ($4.00 / Fl Oz)</p><a href="https://www.amazon.com/dp/B0C7Q4Q9SX?tag=eloabder-20&linkCode=osi&th=1&psc=1">View Product</a></div><div class="product"><a href="https://www.amazon.com/dp/B0B56TC2G5?tag=eloabder-20&linkCode=osi&th=1&psc=1"><img src="https://m.media-amazon.com/images/I/31wrei57oIL._SL500_.jpg" alt="Product Image"></a><p>essence | What a Tint! Lip & Cheek Tint | Long-Lasting Liquid Blush & Lip Stain | Non-Sticky & Kiss-Proof | Vegan & Cruelty Free</p><p>$4.99 ($31.19 / Fl Oz)</p><a href="https://www.amazon.com/dp/B0B56TC2G5?tag=eloabder-20&linkCode=osi&th=1&psc=1">View Product</a></div><div class="product"><a href="https://www.amazon.com/dp/B0163BMUFM?tag=eloabder-20&linkCode=osi&th=1&psc=1"><img src="https://m.media-amazon.com/images/I/41p6DP49DfL._SL500_.jpg" alt="Product Image"></a><p>Burt's Bees Lip Tint Balm with Long Lasting 2 in 1 Duo Tinted Balm Formula, Color Infused with Deeply Hydrating Shea Butter for a Natural Looking Buildable Finish, Fiery Red Dahlia (2-Pack)</p><p>$9.20</p><a href="https://www.amazon.com/dp/B0163BMUFM?tag=eloabder-20&linkCode=osi&th=1&psc=1">View Product</a></div><div class="product"><a href="https://www.amazon.com/dp/B07NTPQRL5?tag=eloabder-20&linkCode=osi&th=1&psc=1"><img src="https://m.media-amazon.com/images/I/21-ZJZEUADL._SL500_.jpg" alt="Product Image"></a><p>Honest Beauty Tinted Lip Balm | Antioxidant-rich Acai Extracts + Avocado Oil | EWG Certified, Vegan, Cruelty Free | Summer Melon</p><p>$7.80</p><a href="https://www.amazon.com/dp/B07NTPQRL5?tag=eloabder-20&linkCode=osi&th=1&psc=1">View Product</a></div><div class="product"><a href="https://www.amazon.com/dp/B0CMJXGCFQ?tag=eloabder-20&linkCode=osi&th=1&psc=1"><img src="https://m.media-amazon.com/images/I/31c6yEqB00L._SL500_.jpg" alt="Product Image"></a><p>e.l.f. Glow Reviver Lip Oil, Nourishing Tinted Lip Oil For A High-shine Finish, Infused With Jojoba Oil, Vegan & Cruelty-free, Jam Session</p><p>$8.00</p><a href="https://www.amazon.com/dp/B0CMJXGCFQ?tag=eloabder-20&linkCode=osi&th=1&psc=1">View Product</a></div><div class="product"><a href="https://www.amazon.com/dp/B0B9YHX8DX?tag=eloabder-20&linkCode=osi&th=1&psc=1"><img src="https://m.media-amazon.com/images/I/31A-yoM7ZqL._SL500_.jpg" alt="Product Image"></a><p>Wonderskin Wonder Blading Lip Stain Peel Off Masque - Long Lasting, Waterproof and Transfer Proof Nude Lip Tint, Matte Finish Peel Off Lip Stain (Whimsical Masque)</p><p>$22.00</p><a href="https://www.amazon.com/dp/B0B9YHX8DX?tag=eloabder-20&linkCode=osi&th=1&psc=1">View Product</a></div><div class="product"><a href="https://www.amazon.com/dp/B0C3CWWMJM?tag=eloabder-20&linkCode=osi&th=1&psc=1"><img src="https://m.media-amazon.com/images/I/51evW1YGQdL._SL500_.jpg" alt="Product Image"></a><p>Eakroo 6 Colors Lip Tint Stain Mini Liquid Lipstick, Korean Lip Gloss Moisturizing Natural, Multi-Use Lip and Cheek Tint, Non-Stick Cup, Lightweight, High Pigment, Long-Lasting, Vivid Color</p><p>$7.99 ($2.89 / Fl Oz)</p><a href="https://www.amazon.com/dp/B0C3CWWMJM?tag=eloabder-20&linkCode=osi&th=1&psc=1">View Product</a></div><div class="product"><a href="https://www.amazon.com/dp/B09LB91W1H?tag=eloabder-20&linkCode=osi&th=1&psc=1"><img src="https://m.media-amazon.com/images/I/21UsOgVkNxL._SL500_.jpg" alt="Product Image"></a><p>CoverGirl Clean Fresh Tinted Lip Balm, Vegan Formula, Hydrating, Natural Finish, Cruelty Free, Bliss You Berry, 1 Count</p><p>$5.88 ($42.00 / Ounce)</p><a href="https://www.amazon.com/dp/B09LB91W1H?tag=eloabder-20&linkCode=osi&th=1&psc=1">View Product</a></div>
<div class="product"><a href="https://www.amazon.com/dp/B0B4F8FP1V?tag=eloabder-20&linkCode=osi&th=1&psc=1"><img src="https://m.media-amazon.com/images/I/31zD0oZazrL._SL500_.jpg" alt="Product Image"></a><p>e.l.f. Cosmetics Glossy Lip Stain, Lightweight, Long-Wear Lip Stain For A Sheer Pop Of Color & Subtle Gloss Effect, Berry Queen</p><p>$6.00</p><a href="https://www.amazon.com/dp/B0B4F8FP1V?tag=eloabder-20&linkCode=osi&th=1&psc=1">View Product</a></div><div class="product"><a href="https://www.amazon.com/dp/B0B9YH9PZK?tag=eloabder-20&linkCode=osi&th=1&psc=1"><img src="https://m.media-amazon.com/images/I/31irqkpVbvL._SL500_.jpg" alt="Product Image"></a><p>Wonderskin Wonder Blading Lip Stain Peel Off Masque - Long Lasting, Waterproof and Transfer Proof Pink Lip Tint, Matte Finish Peel Off Lip Stain (First Kiss Masque)</p><p>$22.00</p><a href="https://www.amazon.com/dp/B0B9YH9PZK?tag=eloabder-20&linkCode=osi&th=1&psc=1">View Product</a></div><div class="product"><a href="https://www.amazon.com/dp/B0CLYN8F9L?tag=eloabder-20&linkCode=osi&th=1&psc=1"><img src="https://m.media-amazon.com/images/I/218WFwKw6qL._SL500_.jpg" alt="Product Image"></a><p>COVERGIRL Outlast, 05 All-Star, Lipstain, Smooth Application, Precise Pen-Like Tip, Transfer-Proof, Satin Stained Finish, Vegan Formula, 0.06oz</p><p>$8.98</p><a href="https://www.amazon.com/dp/B0CLYN8F9L?tag=eloabder-20&linkCode=osi&th=1&psc=1">View Product</a></div><div class="product"><a href="https://www.amazon.com/dp/B0CLDDVBF4?tag=eloabder-20&linkCode=osi&th=1&psc=1"><img src="https://m.media-amazon.com/images/I/318rUce3+fL._SL500_.jpg" alt="Product Image"></a><p>Sacheu Lip Liner Stay-N - Peel Off Lip Liner Tattoo, Peel Off Lip Stain, Long Lasting Lip Stain Peel Off, Infused with Hyaluronic Acid & Vitamin E, For All Skin Types, HEY-zel</p><p>$12.00 ($100.00 / Fl Oz)</p><a href="https://www.amazon.com/dp/B0CLDDVBF4?tag=eloabder-20&linkCode=osi&th=1&psc=1">View Product</a></div><div class="product"><a href="https://www.amazon.com/dp/B001CWGFYU?tag=eloabder-20&linkCode=osi&th=1&psc=1"><img src="https://m.media-amazon.com/images/I/41wMMGxFtlL._SL500_.jpg" alt="Product Image"></a><p>Palladio Lip Stain, Hydrating and Waterproof Formula, Matte Color Look, Longlasting All Day Wear Lip Color, Smudge Proof Natural Finish, Precise Chisel Tip Marker, Nude</p><p>$8.99</p><a href="https://www.amazon.com/dp/B001CWGFYU?tag=eloabder-20&linkCode=osi&th=1&psc=1">View Product</a></div><div class="product"><a href="https://www.amazon.com/dp/B0CHJ8YL6G?tag=eloabder-20&linkCode=osi&th=1&psc=1"><img src="https://m.media-amazon.com/images/I/41amIuqcaJL._SL500_.jpg" alt="Product Image"></a><p>Cilrofelr Peel Off Lip Liner Stain, Long Wear Tattoo Lip Liner with Tweezer, Peel Off Lip Stain with Matte Finish, Long Lasting, Waterproof, Transfer-proof, Highly Pigmented Color (Mauve)</p><p>$14.99 ($187.38 / Fl Oz)</p><a href="https://www.amazon.com/dp/B0CHJ8YL6G?tag=eloabder-20&linkCode=osi&th=1&psc=1">View Product</a></div><div class="product"><a href="https://www.amazon.com/dp/B0CNCSLDBB?tag=eloabder-20&linkCode=osi&th=1&psc=1"><img src="https://m.media-amazon.com/images/I/31EPLmbi1eL._SL500_.jpg" alt="Product Image"></a><p>ETUDE Fixing Tint #05 Midnight Mauve (23AD) | Long Lasting High Pigmented Liquid Lipstick | Waterproof Lightweight Matte Finish Lip Stain | Full Coverage</p><p>$12.00</p><a href="https://www.amazon.com/dp/B0CNCSLDBB?tag=eloabder-20&linkCode=osi&th=1&psc=1">View Product</a></div><div class="product"><a href="https://www.amazon.com/dp/B0CKF2WFNQ?tag=eloabder-20&linkCode=osi&th=1&psc=1"><img src="https://m.media-amazon.com/images/I/41GyA+oYguL._SL500_.jpg" alt="Product Image"></a><p>NOONI Korean Lip Oil - Applefig | Lip Stain, Gift, Long-Lasting, Moisturizing, Plumping, Revitalizing for Dry Lips, Waterproof, No Peel Off, Korean Lip Tint, Magenta Purple, 0.12 Fl Oz</p><p>$12.00 ($100.00 / Fl Oz)</p><a href="https://www.amazon.com/dp/B0CKF2WFNQ?tag=eloabder-20&linkCode=osi&th=1&psc=1">View Product</a></div>
<div class="product"><a href="https://www.amazon.com/dp/B01NAI251H?tag=eloabder-20&linkCode=osi&th=1&psc=1"><img src="https://m.media-amazon.com/images/I/51gC3z3vEIL._SL500_.jpg" alt="Product Image"></a><p>Handmade Heroes 100% Natural Lip Scrub, Vegan Conditioning Coconut Exfoliator - Gentle Exfoliant, Sugar Polish and Scrubber for Chapped Dry Lips, 1oz (Coconut Sorbet)</p><p>$6.99</p><a href="https://www.amazon.com/dp/B01NAI251H?tag=eloabder-20&linkCode=osi&th=1&psc=1">View Product</a></div><div class="product"><a href="https://www.amazon.com/dp/B0C7WQ3Z6H?tag=eloabder-20&linkCode=osi&th=1&psc=1"><img src="https://m.media-amazon.com/images/I/318wm99nh1L._SL500_.jpg" alt="Product Image"></a><p>e.l.f. Lip Exfoliator, Moisturizing Scented Lip Scrub For Exfoliating & Smoothing Lips, Infused With Jojoba Oil, Vegan & Cruelty-free, Strawberry</p><p>$5.00 ($50.00 / Ounce)</p><a href="https://www.amazon.com/dp/B0C7WQ3Z6H?tag=eloabder-20&linkCode=osi&th=1&psc=1">View Product</a></div><div class="product"><a href="https://www.amazon.com/dp/B0759HSBQC?tag=eloabder-20&linkCode=osi&th=1&psc=1"><img src="https://m.media-amazon.com/images/I/3165YiRlcNL._SL500_.jpg" alt="Product Image"></a><p>Revlon Lip Scrub Balm, Kiss Sugar Scrub Exfoliator, Lip Makeup with 24 Hour Long Lasting Hydration, Sugar Mint, 0.09 oz</p><p>$5.48</p><a href="https://www.amazon.com/dp/B0759HSBQC?tag=eloabder-20&linkCode=osi&th=1&psc=1">View Product</a></div><div class="product"><a href="https://www.amazon.com/dp/B0B15MRHM4?tag=eloabder-20&linkCode=osi&th=1&psc=1"><img src="https://m.media-amazon.com/images/I/414XRjPg6AL._SL500_.jpg" alt="Product Image"></a><p>Brooklyn Botany Lip Scrub Exfoliator 1 oz – Lip Moisturizer for Dry Lips and Chapped Lips – Gentle Lip Exfoliator for Smooth and Brighter Lips – Vanilla Flavor</p><p>$7.99</p><a href="https://www.amazon.com/dp/B0B15MRHM4?tag=eloabder-20&linkCode=osi&th=1&psc=1">View Product</a></div><div class="product"><a href="https://www.amazon.com/dp/B0CNQ72M6B?tag=eloabder-20&linkCode=osi&th=1&psc=1"><img src="https://m.media-amazon.com/images/I/310xvYvYEkL._SL500_.jpg" alt="Product Image"></a><p>W7 Sweet Dreams Lip Scrub & Overnight Lip Mask Duo - 2Pcs Set - Strawberry Flavour - Exfoliate, Condition, Soothe & Hydrate</p><p>$9.95 ($4.98 / Count)</p><a href="https://www.amazon.com/dp/B0CNQ72M6B?tag=eloabder-20&linkCode=osi&th=1&psc=1">View Product</a></div><div class="product"><a href="https://www.amazon.com/dp/B09FYYRJ4Y?tag=eloabder-20&linkCode=osi&th=1&psc=1"><img src="https://m.media-amazon.com/images/I/41HDVJYOBRL._SL500_.jpg" alt="Product Image"></a><p>Lip Scrub Treatment, Lip Scrubs Exfoliating Moisturizer Sugar Lip Surb Cruelty-Free for Repairing Dry & Chapped & Peeling and Cracked Lips, the Best Gift for Lip Care in Autumn and Winter(Orange)</p><p>$2.99 ($1.04 / Ounce)</p><a href="https://www.amazon.com/dp/B09FYYRJ4Y?tag=eloabder-20&linkCode=osi&th=1&psc=1">View Product</a></div><div class="product"><a href="https://www.amazon.com/dp/B083588MZP?tag=eloabder-20&linkCode=osi&th=1&psc=1"><img src="https://m.media-amazon.com/images/I/31qe+dPu0WL._SL500_.jpg" alt="Product Image"></a><p>Milani Rose Sugar Lip Scrub - Lip Exfoliator to Help With Lip Care and Lip Repair</p><p>$7.04 ($7.04 / Count)</p><a href="https://www.amazon.com/dp/B083588MZP?tag=eloabder-20&linkCode=osi&th=1&psc=1">View Product</a></div><div class="product"><a href="https://www.amazon.com/dp/B085NDWSZW?tag=eloabder-20&linkCode=osi&th=1&psc=1"><img src="https://m.media-amazon.com/images/I/31QVvbj+z9L._SL500_.jpg" alt="Product Image"></a><p>3 Pcs Lip Scrub Brush,Lip Scrubber Exfoliator,Silicone Lip Brush Tool Double-Sided Mini Exfoliating Brush For Men Women Lip Lightening For Dark Lips Exfoliator Scrub Brush</p><p>$3.47 ($1.16 / Count)</p><a href="https://www.amazon.com/dp/B085NDWSZW?tag=eloabder-20&linkCode=osi&th=1&psc=1">View Product</a></div><div class="product"><a href="https://www.amazon.com/dp/B0CMQ6YN87?tag=eloabder-20&linkCode=osi&th=1&psc=1"><img src="https://m.media-amazon.com/images/I/41KZ7zmBA8L._SL500_.jpg" alt="Product Image"></a><p>EJW Nourishing Lip Scrub - Infused with Coconut Oil, Olive Fruit Oil, and Jojoba Seed Oil, 1.05oz - Exfoliate, Hydrate, and Glow for Chapped Dry, Dark Lips</p><p>$7.27</p><a href="https://www.amazon.com/dp/B0CMQ6YN87?tag=eloabder-20&linkCode=osi&th=1&psc=1">View Product</a></div>
<div class="product"><a href="https://www.amazon.com/dp/B01LYWTZT2?tag=eloabder-20&linkCode=osi&th=1&psc=1"><img src="https://m.media-amazon.com/images/I/315xsyPtBfL._SL500_.jpg" alt="Product Image"></a><p>Too Faced Lip Injection Travel Size Extreme Lip Plumper, Original, 0.1 Fl Oz</p><p>$16.00 ($160.00 / Fl Oz)</p><a href="https://www.amazon.com/dp/B01LYWTZT2?tag=eloabder-20&linkCode=osi&th=1&psc=1">View Product</a></div><div class="product"><a href="https://www.amazon.com/dp/B094LT5LM4?tag=eloabder-20&linkCode=osi&th=1&psc=1"><img src="https://m.media-amazon.com/images/I/1174dCa9FqS._SL500_.jpg" alt="Product Image"></a><p>City Beauty City Lips Plumping Lip Gloss - Ultra High-Shine Gloss for Fuller, Healthier, Younger-Looking Lips | Hydrating & Smoothing Lip Treatment Lip Plumper with Hyaluronic Acid & Oligopeptides</p><p>$35.00 ($218.75 / Fl Oz)</p><a href="https://www.amazon.com/dp/B094LT5LM4?tag=eloabder-20&linkCode=osi&th=1&psc=1">View Product</a></div><div class="product"><a href="https://www.amazon.com/dp/B08XZQ4YQ2?tag=eloabder-20&linkCode=osi&th=1&psc=1"><img src="https://m.media-amazon.com/images/I/41cN7l9csUL._SL500_.jpg" alt="Product Image"></a><p>essence | What the Fake! Plumping Lip Filler | Lip Gloss for Full, Voluminous Lips | Translucent Pearly Finish | Vegan & Cruelty Free, Gluten Free, Paraben Free</p><p>$4.99 ($35.64 / Fl Oz )</p><a href="https://www.amazon.com/dp/B08XZQ4YQ2?tag=eloabder-20&linkCode=osi&th=1&psc=1">View Product</a></div><div class="product"><a href="https://www.amazon.com/dp/B0CR7GSPFP?tag=eloabder-20&linkCode=osi&th=1&psc=1"><img src="https://m.media-amazon.com/images/I/41y+VaB2iDL._SL500_.jpg" alt="Product Image"></a><p>NYX PROFESSIONAL MAKEUP Duck Plump High Pigment Plumping Lip Gloss with Spicy Ginger, Vegan Lip Makeup - Cherry Spice (Transparent Red)</p><p>$9.75</p><a href="https://www.amazon.com/dp/B0CR7GSPFP?tag=eloabder-20&linkCode=osi&th=1&psc=1">View Product</a></div><div class="product"><a href="https://www.amazon.com/dp/B0CPYMLVJJ?tag=eloabder-20&linkCode=osi&th=1&psc=1"><img src="https://m.media-amazon.com/images/I/31qGoOFwP7L._SL500_.jpg" alt="Product Image"></a><p>e.l.f. Pout Clout Lip Plumping Pen, Nourishing Lip Balm For Sheer Color & Shine, Plumps & Moisturizes, Vegan & Cruelty-Free, In The Clear</p><p>$8.00</p><a href="https://www.amazon.com/dp/B0CPYMLVJJ?tag=eloabder-20&linkCode=osi&th=1&psc=1">View Product</a></div><div class="product"><a href="https://www.amazon.com/dp/B086QRYHYT?tag=eloabder-20&linkCode=osi&th=1&psc=1"><img src="https://m.media-amazon.com/images/I/41IVWGl-frL._SL500_.jpg" alt="Product Image"></a><p>KISSIO Lip Plumper,Natural Lip Plumper for Day Use,Lip Plumping Gloss Make Lips Fuller and Moisturizing 5.5ml</p><p>$9.89</p><a href="https://www.amazon.com/dp/B086QRYHYT?tag=eloabder-20&linkCode=osi&th=1&psc=1">View Product</a></div><div class="product"><a href="https://www.amazon.com/dp/B074G382ZR?tag=eloabder-20&linkCode=osi&th=1&psc=1"><img src="https://m.media-amazon.com/images/I/31h-Mpx5OOL._SL500_.jpg" alt="Product Image"></a><p>e.l.f. Lip Plumping Gloss, Hydrating, Nourishing, Invigorating, High-Shine, Plumps, Volumizes, Cools, Soothes, Shimmer, Pink Cosmo 8 Ounce 0.09 Fl Oz</p><p>$7.00</p><a href="https://www.amazon.com/dp/B074G382ZR?tag=eloabder-20&linkCode=osi&th=1&psc=1">View Product</a></div><div class="product"><a href="https://www.amazon.com/dp/B08RRY5PF2?tag=eloabder-20&linkCode=osi&th=1&psc=1"><img src="https://m.media-amazon.com/images/I/41HjvvFXBpL._SL500_.jpg" alt="Product Image"></a><p>Physicians Formula Mineral Wear Diamond Lip Plumper Gloss, Dermatologist Tested, Light Pink Princess Cut</p><p>$7.28</p><a href="https://www.amazon.com/dp/B08RRY5PF2?tag=eloabder-20&linkCode=osi&th=1&psc=1">View Product</a></div>
<div class="product"><a href="https://www.amazon.com/dp/B017PCGAXQ?tag=eloabder-20&linkCode=osi&th=1&psc=1"><img src="https://m.media-amazon.com/images/I/31-daQlUgGL._SL500_.jpg" alt="Product Image"></a><p>Garnier Micellar Water For Waterproof Makeup, Hydrating Facial Cleanser & Makeup Remover, Suitable for Sensitive Skin, Vegan, Cruelty Free, 13.5 Fl Oz (400mL), 1 Count</p><p>$8.97 ($0.66 / Fl Oz)</p><a href="https://www.amazon.com/dp/B017PCGAXQ?tag=eloabder-20&linkCode=osi&th=1&psc=1">View Product</a></div><div class="product"><a href="https://www.amazon.com/dp/B017PCGABI?tag=eloabder-20&linkCode=osi&th=1&psc=1"><img src="https://m.media-amazon.com/images/I/3106WC85aAL._SL500_.jpg" alt="Product Image"></a><p>Garnier Micellar Water, Hydrating Facial Cleanser & Makeup Remover, Suitable for Sensitive Skin, Vegan, Cruelty Free, 13.5 Fl Oz (400mL), 1 Count</p><p>$8.97 ($0.66 / Fl Oz)</p><a href="https://www.amazon.com/dp/B017PCGABI?tag=eloabder-20&linkCode=osi&th=1&psc=1">View Product</a></div><div class="product"><a href="https://www.amazon.com/dp/B00U2VQZDS?tag=eloabder-20&linkCode=osi&th=1&psc=1"><img src="https://m.media-amazon.com/images/I/41VzZfHAKpL._SL500_.jpg" alt="Product Image"></a><p>Neutrogena Makeup Remover Wipes, Ultra-Soft Cleansing Facial Towelettes for Waterproof Makeup, Alcohol-Free, Plant-Based, Twin Pack, 25 Count (Pack of 2)</p><p>$8.97 ($0.18 / Count)</p><a href="https://www.amazon.com/dp/B00U2VQZDS?tag=eloabder-20&linkCode=osi&th=1&psc=1">View Product</a></div><div class="product"><a href="https://www.amazon.com/dp/B07T9JV956?tag=eloabder-20&linkCode=osi&th=1&psc=1"><img src="https://m.media-amazon.com/images/I/310x+0QrxsL._SL500_.jpg" alt="Product Image"></a><p>Neutrogena Gentle Oil-Free Eye Makeup Remover & Cleanser for Sensitive Eyes, Non-Greasy Makeup Remover, Removes Waterproof Mascara, Dermatologist & Ophthalmologist Tested, 8.0 fl. oz</p><p>$9.39 ($1.17 / Fl Oz)</p><a href="https://www.amazon.com/dp/B07T9JV956?tag=eloabder-20&linkCode=osi&th=1&psc=1">View Product</a></div><div class="product"><a href="https://www.amazon.com/dp/B01M31HY3S?tag=eloabder-20&linkCode=osi&th=1&psc=1"><img src="https://m.media-amazon.com/images/I/319i79e7f4L._SL500_.jpg" alt="Product Image"></a><p>Cetaphil Gentle Waterproof Makeup Remover, Mother's Day Gifts, Oil-Free Formula Suitable for Sensitive Skin, 6.0 Fluid Ounce</p><p>$9.87 ($1.64 / Fl Oz)</p><a href="https://www.amazon.com/dp/B01M31HY3S?tag=eloabder-20&linkCode=osi&th=1&psc=1">View Product</a></div><div class="product"><a href="https://www.amazon.com/dp/B07SS6LFRG?tag=eloabder-20&linkCode=osi&th=1&psc=1"><img src="https://m.media-amazon.com/images/I/31Mwa89HfCL._SL500_.jpg" alt="Product Image"></a><p>Amazon Basics Eye Makeup Remover, Removes Waterproof Mascara, Dermatologist Tested, Fragrance Free, 5.5 Fl Oz (Pack of 1)</p><p>$5.99 ($1.09 / Fl Oz)</p><a href="https://www.amazon.com/dp/B07SS6LFRG?tag=eloabder-20&linkCode=osi&th=1&psc=1">View Product</a></div><div class="product"><a href="https://www.amazon.com/dp/B08TQTT8LK?tag=eloabder-20&linkCode=osi&th=1&psc=1"><img src="https://m.media-amazon.com/images/I/31R-Y-dhjEL._SL500_.jpg" alt="Product Image"></a><p>e.l.f. Holy Hydration! Makeup Melting Cleansing Balm, Face Cleanser & Makeup Remover, Infused with Hyaluronic Acid to Hydrate Skin, 2 Oz</p><p>$11.00 ($5.50 / Ounce)</p><a href="https://www.amazon.com/dp/B08TQTT8LK?tag=eloabder-20&linkCode=osi&th=1&psc=1">View Product</a></div><div class="product"><a href="https://www.amazon.com/dp/B08Q3CQM7X?tag=eloabder-20&linkCode=osi&th=1&psc=1"><img src="https://m.media-amazon.com/images/I/31edyzkByfL._SL500_.jpg" alt="Product Image"></a><p>JUNO & Co. Clean 10 Cleansing Balm 10 Ingredients Makeup Remover 85g / 3.0oz</p><p>$14.99 ($5.00 / Ounce)</p><a href="https://www.amazon.com/dp/B08Q3CQM7X?tag=eloabder-20&linkCode=osi&th=1&psc=1">View Product</a></div><div class="product"><a href="https://www.amazon.com/dp/B0B1PP1XCM?tag=eloabder-20&linkCode=osi&th=1&psc=1"><img src="https://m.media-amazon.com/images/I/31kOCqV2+BL._SL500_.jpg" alt="Product Image"></a><p>CeraVe Cleansing Balm for Sensitive Skin | Hydrating Makeup Remover with Ceramides and Plant-based Jojoba Oil for Face | Non-Comedogenic Fragrance Free Non-Greasy |1.3 Ounces</p><p>$9.97 ($7.67 / Ounce)</p><a href="https://www.amazon.com/dp/B0B1PP1XCM?tag=eloabder-20&linkCode=osi&th=1&psc=1">View Product</a></div><div class="product"><a href="https://www.amazon.com/dp/B0BX65V1BZ?tag=eloabder-20&linkCode=osi&th=1&psc=1"><img src="https://m.media-amazon.com/images/I/31t6WiWvdDL._SL500_.jpg" alt="Product Image"></a><p>Prime Prometics PrimeSkin Beauty Water – Deeply Hydrating Pro-Age Make-Up Remover for Mature Women – Clean, One Swipe – for All Skin Types – pH balanced, Hypoallergenic</p><p>$27.00 ($5.29 / Fl Oz)</p><a href="https://www.amazon.com/dp/B0BX65V1BZ?tag=eloabder-20&linkCode=osi&th=1&psc=1">View Product</a></div>
<div class="product"><a href="https://www.amazon.com/dp/B0B642XWV8?tag=eloabder-20&linkCode=osi&th=1&psc=1"><img src="https://m.media-amazon.com/images/I/31PQPhUWqyL._SL500_.jpg" alt="Product Image"></a><p>Cetaphil Face and Body Wipes, Gentle Skin Cleansing Cloths, Mother's Day Gifts, 25 Count (Pack of 2), for Dry, Sensitive Skin, Flip Top Closure, Hypoallergenic, Fragrance Free</p><p>$13.69 ($0.27 / Count)</p><a href="https://www.amazon.com/dp/B0B642XWV8?tag=eloabder-20&linkCode=osi&th=1&psc=1">View Product</a></div><div class="product"><a href="https://www.amazon.com/dp/B0B644ZQLV?tag=eloabder-20&linkCode=osi&th=1&psc=1"><img src="https://m.media-amazon.com/images/I/41E5FGVZrnL._SL500_.jpg" alt="Product Image"></a><p>Cetaphil Face and Body Wipes, Gentle Skin Cleansing Cloths, 25 Count (Pack of 3), for Dry, Sensitive Skin, Flip Top Closure, Great for the Gym, Hypoallergenic, Fragrance Free</p><p>$20.91 ($0.28 / Count)</p><a href="https://www.amazon.com/dp/B0B644ZQLV?tag=eloabder-20&linkCode=osi&th=1&psc=1">View Product</a></div><div class="product"><a href="https://www.amazon.com/dp/B0958JYLZN?tag=eloabder-20&linkCode=osi&th=1&psc=1"><img src="https://m.media-amazon.com/images/I/312T32wjaYL._SL500_.jpg" alt="Product Image"></a><p>The Honest Company Hydrate + Cleanse Naturally Scented Wipes | Cleansing Multi-Tasking Wipes | 99% Water, Plant-Based, Hypoallergenic | Aloe + Cucumber, 60 Count</p><p>$5.97 ($9.95 / 100 Count)</p><a href="https://www.amazon.com/dp/B0958JYLZN?tag=eloabder-20&linkCode=osi&th=1&psc=1">View Product</a></div><div class="product"><a href="https://www.amazon.com/dp/B0BR3GVFL4?tag=eloabder-20&linkCode=osi&th=1&psc=1"><img src="https://m.media-amazon.com/images/I/41E2x2jaumL._SL500_.jpg" alt="Product Image"></a><p>Amazon Basics Hydrating Makeup Remover Wipes, 150 wipes (Pack of 6)</p><p>$17.79 ($0.12 / Count)</p><a href="https://www.amazon.com/dp/B0BR3GVFL4?tag=eloabder-20&linkCode=osi&th=1&psc=1">View Product</a></div><div class="product"><a href="https://www.amazon.com/dp/B093T3LQPP?tag=eloabder-20&linkCode=osi&th=1&psc=1"><img src="https://m.media-amazon.com/images/I/51mLU+qr6tL._SL500_.jpg" alt="Product Image"></a><p>Burt's Bees Rose Water Face Wipes, for All Skin Types, Hydrating Micellar Makeup Remover & Facial Cleansing Towelettes, 30 Ct (3-Pack)</p><p>$16.47 ($0.18 / Count)</p><a href="https://www.amazon.com/dp/B093T3LQPP?tag=eloabder-20&linkCode=osi&th=1&psc=1">View Product</a></div><div class="product"><a href="https://www.amazon.com/dp/B09LXWPB1V?tag=eloabder-20&linkCode=osi&th=1&psc=1"><img src="https://m.media-amazon.com/images/I/4117i-jJMKL._SL500_.jpg" alt="Product Image"></a><p>CeraVe Hydrating Facial Cleansing Makeup Remover Wipes| Plant Based Face Biodegradable in Home Compost| Wash Cloth| Suitable for Sensitive Skin| Fragrance-free Non-comedogenic| 25 Count</p><p>$9.97 ($0.40 / Count)</p><a href="https://www.amazon.com/dp/B09LXWPB1V?tag=eloabder-20&linkCode=osi&th=1&psc=1">View Product</a></div><div class="product"><a href="https://www.amazon.com/dp/B00NUJQG7Y?tag=eloabder-20&linkCode=osi&th=1&psc=1"><img src="https://m.media-amazon.com/images/I/51apu8FIluL._SL500_.jpg" alt="Product Image"></a><p>Burt's Bees Aloe Vera Face Wipes, for Sensitive Skin, Soothing Makeup Remover & Facial Cleansing Towelettes, 30 Ct. (3-Pack)</p><p>$16.41 ($0.18 / Count)</p><a href="https://www.amazon.com/dp/B00NUJQG7Y?tag=eloabder-20&linkCode=osi&th=1&psc=1">View Product</a></div>
<div class="product"><a href="https://www.amazon.com/dp/B08KQMXZFB?tag=eloabder-20&linkCode=osi&th=1&psc=1"><img src="https://m.media-amazon.com/images/I/31HvJEoHtwL._SL500_.jpg" alt="Product Image"></a><p>Garnier Micellar Water with Vitamin C, Facial Cleanser & Makeup Remover, Brightening & Hydrating, For All Skin Types, Vegan, Cruelty Free, 13.5 Fl Oz (400mL), 1 Count</p><p>$8.97 ($0.66 / Fl Oz)</p><a href="https://www.amazon.com/dp/B08KQMXZFB?tag=eloabder-20&linkCode=osi&th=1&psc=1">View Product</a></div><div class="product"><a href="https://www.amazon.com/dp/B0036SFTK4?tag=eloabder-20&linkCode=osi&th=1&psc=1"><img src="https://m.media-amazon.com/images/I/31+tj+uVB+L._SL500_.jpg" alt="Product Image"></a><p>Bioderma Sensibio H2O Micellar Water, Makeup Remover, Gentle for Skin, Fragrance-Free & Alcohol-Free, No Rinse Skincare With Micellar Technology for Normal To Sensitive Skin Types</p><p>$12.99 ($1.55 / Fl Oz)</p><a href="https://www.amazon.com/dp/B0036SFTK4?tag=eloabder-20&linkCode=osi&th=1&psc=1">View Product</a></div><div class="product"><a href="https://www.amazon.com/dp/B07TB2MKJJ?tag=eloabder-20&linkCode=osi&th=1&psc=1"><img src="https://m.media-amazon.com/images/I/41SyeAmsnOL._SL500_.jpg" alt="Product Image"></a><p>Garnier Micellar Water with Rose Water and Glycerin, Hydrating Facial Cleanser & Makeup Remover, For All Skin Types, Vegan, Cruelty Free, 13.5 Fl Oz (400mL), 1 Count</p><p>$8.97 ($0.66 / Fl Oz)</p><a href="https://www.amazon.com/dp/B07TB2MKJJ?tag=eloabder-20&linkCode=osi&th=1&psc=1">View Product</a></div><div class="product"><a href="https://www.amazon.com/dp/B01MQ495N0?tag=eloabder-20&linkCode=osi&th=1&psc=1"><img src="https://m.media-amazon.com/images/I/31wWu56DBJL._SL500_.jpg" alt="Product Image"></a><p>Garnier Micellar Water for Oily Skin, Facial Cleanser & Makeup Remover, Mattifying, For All Skin Types, Vegan, Cruelty Free, 13.5 Fl Oz (400mL), 1 Count</p><p>$8.97 ($0.66 / Fl Oz)</p><a href="https://www.amazon.com/dp/B01MQ495N0?tag=eloabder-20&linkCode=osi&th=1&psc=1">View Product</a></div><div class="product"><a href="https://www.amazon.com/dp/B0B59TJN3R?tag=eloabder-20&linkCode=osi&th=1&psc=1"><img src="https://m.media-amazon.com/images/I/410aYbZluvL._SL500_.jpg" alt="Product Image"></a><p>Garnier Micellar Water with Hyaluronic Acid, Facial Cleanser & Makeup Remover, Hydrating and Plumping, For All Skin Types, Vegan, Cruelty Free, 13.5 Fl Oz (400mL), 2 Count</p><p>$17.94 ($0.66 / Fl Oz)</p><a href="https://www.amazon.com/dp/B0B59TJN3R?tag=eloabder-20&linkCode=osi&th=1&psc=1">View Product</a></div><div class="product"><a href="https://www.amazon.com/dp/B07VHZPBZ3?tag=eloabder-20&linkCode=osi&th=1&psc=1"><img src="https://m.media-amazon.com/images/I/41Ow8cEJaFL._SL500_.jpg" alt="Product Image"></a><p>CeraVe Micellar Water | New & Improved Formula | Hydrating Facial Cleanser & Eye Makeup Remover | Fragrance Free & Non-Irritating | 10 Fl. Oz</p><p>$10.74 ($1.07 / Ounce)</p><a href="https://www.amazon.com/dp/B07VHZPBZ3?tag=eloabder-20&linkCode=osi&th=1&psc=1">View Product</a></div><div class="product"><a href="https://www.amazon.com/dp/B005EZSUS0?tag=eloabder-20&linkCode=osi&th=1&psc=1"><img src="https://m.media-amazon.com/images/I/31Cwqaks+tL._SL500_.jpg" alt="Product Image"></a><p>La Roche-Posay Micellar Cleansing Water for Sensitive Skin, Micellar Water Makeup Remover, Cleanses and Hydrates Skin, Gentle Face Toner, Oil Free</p><p>$18.99 ($1.40 / Fl Oz)</p><a href="https://www.amazon.com/dp/B005EZSUS0?tag=eloabder-20&linkCode=osi&th=1&psc=1">View Product</a></div><div class="product"><a href="https://www.amazon.com/dp/B0CY25DD2N?tag=eloabder-20&linkCode=osi&th=1&psc=1"><img src="https://m.media-amazon.com/images/I/41jb6YrZnRL._SL500_.jpg" alt="Product Image"></a><p>ma:nyo Pure Cleansing Water Sensitive (16.9 fl oz/500ml) - Triple+ Micellar Technology, Makeup Removal Cleanser, Gentle Face Cleanser for all skin types, Cleanses and Hydrates Skin</p><p>$18.99 ($1.12 / Fl Oz)</p><a href="https://www.amazon.com/dp/B0CY25DD2N?tag=eloabder-20&linkCode=osi&th=1&psc=1">View Product</a></div>
<div class="product"><a href="https://www.amazon.com/dp/B09LKXR62L?tag=eloabder-20&linkCode=osi&th=1&psc=1"><img src="https://m.media-amazon.com/images/I/31D6ydy59dL._SL500_.jpg" alt="Product Image"></a><p>CeraVe Hydrating Toner for Face Non-Alcoholic with Hyaluronic Acid, Niacinamide, and Ceramides for Sensitive Dry Skin, Fragrance-Free Non Comedogenic, Full Size, 6.8 Fl Oz</p><p>$9.86 ($1.45 / Ounce)</p><a href="https://www.amazon.com/dp/B09LKXR62L?tag=eloabder-20&linkCode=osi&th=1&psc=1">View Product</a></div><div class="product"><a href="https://www.amazon.com/dp/B08CMS8P67?tag=eloabder-20&linkCode=osi&th=1&psc=1"><img src="https://m.media-amazon.com/images/I/31LVyuSsJEL._SL500_.jpg" alt="Product Image"></a><p>Anua Heartleaf 77 Soothing Toner I pH 5.5 Trouble Care, Calming Skin, Refreshing, Hydrating, Purifying, Cruelty Free, Vegan,(250ml / 8.45 fl.oz.)</p><p>$19.69 ($2.33 / Fl Oz)</p><a href="https://www.amazon.com/dp/B08CMS8P67?tag=eloabder-20&linkCode=osi&th=1&psc=1">View Product</a></div><div class="product"><a href="https://www.amazon.com/dp/B001BR97A0?tag=eloabder-20&linkCode=osi&th=1&psc=1"><img src="https://m.media-amazon.com/images/I/41ooiOilk5L._SL500_.jpg" alt="Product Image"></a><p>THAYERS Alcohol-Free, Hydrating Cucumber Witch Hazel Facial Toner with Aloe Vera Formula, Vegan, Dermatologist Tested and Recommended, 12 Oz</p><p>$10.53 ($0.88 / Fl Oz)</p><a href="https://www.amazon.com/dp/B001BR97A0?tag=eloabder-20&linkCode=osi&th=1&psc=1">View Product</a></div><div class="product"><a href="https://www.amazon.com/dp/B0CG1H8YRS?tag=eloabder-20&linkCode=osi&th=1&psc=1"><img src="https://m.media-amazon.com/images/I/31OZES5j9LL._SL500_.jpg" alt="Product Image"></a><p>TIRTIR Milk Skin Rice Toner | Deep Moisturizing, Instant Glow, 2% Niacinamide, Rice Bran Extract, Ceramide, Panthenol, Cruelty-Free, Fungal Acne Friendly, Vegan, 5.07 fl.oz.</p><p>$24.99 ($4.93 / Fl Oz)</p><a href="https://www.amazon.com/dp/B0CG1H8YRS?tag=eloabder-20&linkCode=osi&th=1&psc=1">View Product</a></div><div class="product"><a href="https://www.amazon.com/dp/B008EPPIQ4?tag=eloabder-20&linkCode=osi&th=1&psc=1"><img src="https://m.media-amazon.com/images/I/31-lQL0AkZL._SL500_.jpg" alt="Product Image"></a><p>Paula's Choice Skin Balancing Pore-Reducing Toner for Combination and Oily Skin, Minimizes Large Pores, 6.4 Fluid Ounce Bottle</p><p>$26.00 ($4.06 / Fl Oz)</p><a href="https://www.amazon.com/dp/B008EPPIQ4?tag=eloabder-20&linkCode=osi&th=1&psc=1">View Product</a></div><div class="product"><a href="https://www.amazon.com/dp/B0BNC5ZF3T?tag=eloabder-20&linkCode=osi&th=1&psc=1"><img src="https://m.media-amazon.com/images/I/31ZMbyd3gbL._SL500_.jpg" alt="Product Image"></a><p>Neutrogena Alcohol-Free Gentle Daily Fragrance-Free Face Toner to Tone & Refresh Skin, Toner Gently Removes Impurities & Reconditions Skin, Hypoallergenic, 8 fl. oz</p><p>$6.08 ($0.76 / Fl Oz)</p><a href="https://www.amazon.com/dp/B0BNC5ZF3T?tag=eloabder-20&linkCode=osi&th=1&psc=1">View Product</a></div><div class="product"><a href="https://www.amazon.com/dp/B00LO2RO7K?tag=eloabder-20&linkCode=osi&th=1&psc=1"><img src="https://m.media-amazon.com/images/I/31Wb52+KYzL._SL500_.jpg" alt="Product Image"></a><p>La Roche-Posay Effaclar Clarifying Solution Acne Toner with Salicylic Acid and Glycolic Acid, Pore Refining Oily Skin Toner, Gentle Exfoliant to Unclog Pores and Remove Dead Skin Cells</p><p>$16.99 ($2.51 / Fl Oz)</p><a href="https://www.amazon.com/dp/B00LO2RO7K?tag=eloabder-20&linkCode=osi&th=1&psc=1">View Product</a></div><div class="product"><a href="https://www.amazon.com/dp/B000GCQ04C?tag=eloabder-20&linkCode=osi&th=1&psc=1"><img src="https://m.media-amazon.com/images/I/31Jk+E96wIL._SL500_.jpg" alt="Product Image"></a><p>Dickinson's Original Witch Hazel Pore Perfecting Toner, 100% Natural, 16 Ounce Fragrance free</p><p>$4.94 ($0.31 / Fl Oz)</p><a href="https://www.amazon.com/dp/B000GCQ04C?tag=eloabder-20&linkCode=osi&th=1&psc=1">View Product</a></div><div class="product"><a href="https://www.amazon.com/dp/B073P6BPF5?tag=eloabder-20&linkCode=osi&th=1&psc=1"><img src="https://m.media-amazon.com/images/I/31hqlVDLizL._SL500_.jpg" alt="Product Image"></a><p>COSRX AHA/BHA Clarifying Treatment Toner, 5.07 fl.oz / 150ml | Exfoliating Facial Spray | Korean Skin Care, Hydrating, Mild Exfoliation, Vegan, Animal Testing Free, Paraben Free</p><p>$10.75 ($2.11 / Fl Oz)</p><a href="https://www.amazon.com/dp/B073P6BPF5?tag=eloabder-20&linkCode=osi&th=1&psc=1">View Product</a></div>
<div class="product"><a href="https://www.amazon.com/dp/B01N34XW93?tag=eloabder-20&linkCode=osi&th=1&psc=1"><img src="https://m.media-amazon.com/images/I/31OMOTCxlmL._SL500_.jpg" alt="Product Image"></a><p>La Roche-Posay Toleriane Purifying Foaming Facial Cleanser, Oil Free Face Wash for Oily Skin and for Sensitive Skin with Niacinamide, Pore Cleanser Won’t Dry Out Skin, Unscented</p><p>$17.99 ($1.33 / Fl Oz)</p><a href="https://www.amazon.com/dp/B01N34XW93?tag=eloabder-20&linkCode=osi&th=1&psc=1">View Product</a></div><div class="product"><a href="https://www.amazon.com/dp/B01MSSDEPK?tag=eloabder-20&linkCode=osi&th=1&psc=1"><img src="https://m.media-amazon.com/images/I/41YuSwjJUIL._SL500_.jpg" alt="Product Image"></a><p>CeraVe Hydrating Facial Cleanser | Moisturizing Face Wash For Dry Skin | Hyaluronic Acid + Ceramides + Glycerin | Hydrating Cleanser For Normal To Dry Skin | National Eczema Assosiation Certified</p><p>$15.48 ($0.97 / Fl Oz)</p><a href="https://www.amazon.com/dp/B01MSSDEPK?tag=eloabder-20&linkCode=osi&th=1&psc=1">View Product</a></div><div class="product"><a href="https://www.amazon.com/dp/B01N1LL62W?tag=eloabder-20&linkCode=osi&th=1&psc=1"><img src="https://m.media-amazon.com/images/I/41kwN8dWWzL._SL500_.jpg" alt="Product Image"></a><p>CeraVe Foaming Facial Cleanser | Daily Face Wash for Oily Skin with Hyaluronic Acid, Ceramides, and Niacinamide| Fragrance Free | 16 Fluid Ounce</p><p>$15.19 ($0.95 / Fl Oz)</p><a href="https://www.amazon.com/dp/B01N1LL62W?tag=eloabder-20&linkCode=osi&th=1&psc=1">View Product</a></div><div class="product"><a href="https://www.amazon.com/dp/B01N7T7JKJ?tag=eloabder-20&linkCode=osi&th=1&psc=1"><img src="https://m.media-amazon.com/images/I/31VXK3y1KYL._SL500_.jpg" alt="Product Image"></a><p>La Roche-Posay Toleriane Hydrating Gentle Face Cleanser, Daily Facial Cleanser with Niacinamide and Ceramides for Sensitive Skin, Moisturizing Face Wash for Normal to Dry Skin, Fragrance Free</p><p>$17.99 ($1.33 / Fl Oz)</p><a href="https://www.amazon.com/dp/B01N7T7JKJ?tag=eloabder-20&linkCode=osi&th=1&psc=1">View Product</a></div><div class="product"><a href="https://www.amazon.com/dp/B0719GRD5R?tag=eloabder-20&linkCode=osi&th=1&psc=1"><img src="https://m.media-amazon.com/images/I/41YE7bBHNCL._SL500_.jpg" alt="Product Image"></a><p>Clean & Clear Deep Action Exfoliating Cleanser with Pro-Vitamin B5, Gentle Exfoliating Daily Face Scrub Cleans Deep Down to the Pore for Soft, Smooth, Hydrated Skin, Oil Free Face Wash, 7 FL OZ</p><p>$5.32 ($0.76 / Fl Oz)</p><a href="https://www.amazon.com/dp/B0719GRD5R?tag=eloabder-20&linkCode=osi&th=1&psc=1">View Product</a></div><div class="product"><a href="https://www.amazon.com/dp/B08CQ9T6KN?tag=eloabder-20&linkCode=osi&th=1&psc=1"><img src="https://m.media-amazon.com/images/I/31IpigAgxZL._SL500_.jpg" alt="Product Image"></a><p>CeraVe SA Cleanser | Salicylic Acid Cleanser with Hyaluronic Acid, Niacinamide & Ceramides| BHA Exfoliant for Face | Fragrance Free Non-Comedogenic | 16 Ounce</p><p>$15.48 ($0.97 / Fl Oz)</p><a href="https://www.amazon.com/dp/B08CQ9T6KN?tag=eloabder-20&linkCode=osi&th=1&psc=1">View Product</a></div><div class="product"><a href="https://www.amazon.com/dp/B09Y4HHY1P?tag=eloabder-20&linkCode=osi&th=1&psc=1"><img src="https://m.media-amazon.com/images/I/41Crw80Q3yL._SL500_.jpg" alt="Product Image"></a><p>Cetaphil Face Wash, Daily Facial Cleanser for Sensitive, Combination to Oily Skin, NEW 16 oz, Fragrance Free, Gentle Foaming, Soap Free, Hypoallergenic (Packaging May Vary)</p><p>$11.97 ($0.75 / Fl Oz)</p><a href="https://www.amazon.com/dp/B09Y4HHY1P?tag=eloabder-20&linkCode=osi&th=1&psc=1">View Product</a></div><div class="product"><a href="https://www.amazon.com/dp/B099MSZX25?tag=eloabder-20&linkCode=osi&th=1&psc=1"><img src="https://m.media-amazon.com/images/I/41VHDzUYE6L._SL500_.jpg" alt="Product Image"></a><p>Cetaphil Face Wash, Daily Facial Cleanser for Sensitive, Combination to Oily Skin, Mother's Day Gifts, NEW 20 oz, Gentle Foaming, Soap Free, Hypoallergenic</p><p>$13.97 ($0.70 / Fl Oz)</p><a href="https://www.amazon.com/dp/B099MSZX25?tag=eloabder-20&linkCode=osi&th=1&psc=1">View Product</a></div><div class="product"><a href="https://www.amazon.com/dp/B00LO1DNXU?tag=eloabder-20&linkCode=osi&th=1&psc=1"><img src="https://m.media-amazon.com/images/I/31blEnDdwIL._SL500_.jpg" alt="Product Image"></a><p>La Roche-Posay Effaclar Medicated Gel Cleanser | 2% Salicylic Acid Cleanser + LHA + Glycerin | Foaming Acne Face Wash | Helps Clear & Prevent Acne Breakouts | Oil Free Acne Wash | Targets Excess Oil</p><p>$16.99 ($2.51 / Fl Oz)</p><a href="https://www.amazon.com/dp/B00LO1DNXU?tag=eloabder-20&linkCode=osi&th=1&psc=1">View Product</a></div><div class="product"><a href="https://www.amazon.com/dp/B00FFJ4W0U?tag=eloabder-20&linkCode=osi&th=1&psc=1"><img src="https://m.media-amazon.com/images/I/31NIZChUu9L._SL500_.jpg" alt="Product Image"></a><p>Clean & Clear Morning Burst Hydrating Facial Cleanser with BHA, Cucumber and Aloe Extracts, Oil-Free Face Wash Gently Removes Oil and Pore Clogging Impurities, 8 FL OZ</p><p>$4.97 ($0.62 / Fl Oz)</p><a href="https://www.amazon.com/dp/B00FFJ4W0U?tag=eloabder-20&linkCode=osi&th=1&psc=1">View Product</a></div>
<div class="product"><a href="https://www.amazon.com/dp/B00QY1XZ4W?tag=eloabder-20&linkCode=osi&th=1&psc=1"><img src="https://m.media-amazon.com/images/I/319pG+OQZxL._SL500_.jpg" alt="Product Image"></a><p>Vanicream Gentle Facial Cleanser with Pump Dispenser - 8 fl oz - Formulated Without Common Irritants for Those with Sensitive Skin</p><p>$8.86 ($1.11 / Fl Oz)</p><a href="https://www.amazon.com/dp/B00QY1XZ4W?tag=eloabder-20&linkCode=osi&th=1&psc=1">View Product</a></div><div class="product"><a href="https://www.amazon.com/dp/B00UT47WZ8?tag=eloabder-20&linkCode=osi&th=1&psc=1"><img src="https://m.media-amazon.com/images/I/31LuYFIOBXL._SL500_.jpg" alt="Product Image"></a><p>Neutrogena Deep Clean Daily Facial Cleanser with Beta Hydroxy Acid for Normal to Oily Skin, Alcohol-Free, Oil-Free & Non-Comedogenic, 6.7 fl. oz</p><p>$6.49 ($0.97 / Fl Oz)</p><a href="https://www.amazon.com/dp/B00UT47WZ8?tag=eloabder-20&linkCode=osi&th=1&psc=1">View Product</a></div><div class="product"><a href="https://www.amazon.com/dp/B0BVV8BNYJ?tag=eloabder-20&linkCode=osi&th=1&psc=1"><img src="https://m.media-amazon.com/images/I/31tSZvBReoL._SL500_.jpg" alt="Product Image"></a><p>ANUA Heartleaf Quercetinol Pore Deep Cleansing Foam, Facial Cleanser, for Double Cleansing, BHA, Hyaluronic Acid, Glycerin, Face Wash, Blackhead Remover, Korean Skincare (150ml/5.07 fl.oz.)</p><p>$13.00 ($2.56 / Fl Oz)</p><a href="https://www.amazon.com/dp/B0BVV8BNYJ?tag=eloabder-20&linkCode=osi&th=1&psc=1">View Product</a></div><div class="product"><a href="https://www.amazon.com/dp/B004HLSZYQ?tag=eloabder-20&linkCode=osi&th=1&psc=1"><img src="https://m.media-amazon.com/images/I/31KXj2UGrOL._SL500_.jpg" alt="Product Image"></a><p>EltaMD Foaming Facial Cleanser, Gentle Foaming Face Wash and Makeup Remover, Oil Free Face Wash, 7 oz Pump</p><p>$35.00 ($5.00 / Fl Oz)</p><a href="https://www.amazon.com/dp/B004HLSZYQ?tag=eloabder-20&linkCode=osi&th=1&psc=1">View Product</a></div>
<div class="product"><a href="https://www.amazon.com/dp/B07C5SS6YD?tag=eloabder-20&linkCode=osi&th=1&psc=1"><img src="https://m.media-amazon.com/images/I/31tzIszvgAL._SL500_.jpg" alt="Product Image"></a><p>Paula's Choice Skin Perfecting 2% BHA Liquid Salicylic Acid Exfoliant, Gentle Facial Exfoliator for Blackheads, Large Pores, Wrinkles & Fine Lines, Travel Size, 1 Fluid Ounce</p><p>$14.00</p><a href="https://www.amazon.com/dp/B07C5SS6YD?tag=eloabder-20&linkCode=osi&th=1&psc=1">View Product</a></div><div class="product"><a href="https://www.amazon.com/dp/B07VW3YSWH?tag=eloabder-20&linkCode=osi&th=1&psc=1"><img src="https://m.media-amazon.com/images/I/410j9ZFktHL._SL500_.jpg" alt="Product Image"></a><p>Tree Hut Vitamin C Shea Sugar Scrub, 18 oz, Ultra Hydrating and Exfoliating Scrub for Nourishing Essential Body Care</p><p>$8.94 ($0.50 / Ounce)</p><a href="https://www.amazon.com/dp/B07VW3YSWH?tag=eloabder-20&linkCode=osi&th=1&psc=1">View Product</a></div><div class="product"><a href="https://www.amazon.com/dp/B08YN28CS4?tag=eloabder-20&linkCode=osi&th=1&psc=1"><img src="https://m.media-amazon.com/images/I/41WIWNeKrxL._SL500_.jpg" alt="Product Image"></a><p>Seraphic Skincare (Original) Premium Exfoliating Mitt for Body (1pc) – 100% Vegan Viscose Traditional Body Scrub Glove Kessa Korean Washcloth – Body Exfoliator for Self-Tan Removal & Keratosis Pilaris</p><p>$8.99 ($8.99 / Count)</p><a href="https://www.amazon.com/dp/B08YN28CS4?tag=eloabder-20&linkCode=osi&th=1&psc=1">View Product</a></div><div class="product"><a href="https://www.amazon.com/dp/B001VMJSCW?tag=eloabder-20&linkCode=osi&th=1&psc=1"><img src="https://m.media-amazon.com/images/I/31N7x4-aJAL._SL500_.jpg" alt="Product Image"></a><p>Dermalogica Daily Microfoliant, Face Exfoliator Scrub Powder with Salicylic Acid and Papaya Enzyme, Achieve Brighter, Smoother Skin Daily, 0.45 Oz</p><p>$19.00 ($42.22 / Ounce)</p><a href="https://www.amazon.com/dp/B001VMJSCW?tag=eloabder-20&linkCode=osi&th=1&psc=1">View Product</a></div><div class="product"><a href="https://www.amazon.com/dp/B076KYPY23?tag=eloabder-20&linkCode=osi&th=1&psc=1"><img src="https://m.media-amazon.com/images/I/31F7Ozgy+WL._SL500_.jpg" alt="Product Image"></a><p>DRMTLGY Microdermabrasion Facial Scrub and Face Mask. Non-Abrasive Face Exfoliator Improves Acne Scars, Blackheads, Pore Size, and Skin Texture. 2 oz</p><p>$20.00 ($10.00 / Ounce)</p><a href="https://www.amazon.com/dp/B076KYPY23?tag=eloabder-20&linkCode=osi&th=1&psc=1">View Product</a></div><div class="product"><a href="https://www.amazon.com/dp/B018H32LHQ?tag=eloabder-20&linkCode=osi&th=1&psc=1"><img src="https://m.media-amazon.com/images/I/41NfDFms3KL._SL500_.jpg" alt="Product Image"></a><p>Era Organics Microdermabrasion Facial Scrub & Face Exfoliator - Spa Quality Exfoliating Mask with Manuka Honey Walnut Moisturizing Exfoliant for Dry Skin, Blackheads Wrinkles (2 oz)</p><p>$16.99 ($8.50 / Ounce)</p><a href="https://www.amazon.com/dp/B018H32LHQ?tag=eloabder-20&linkCode=osi&th=1&psc=1">View Product</a></div><div class="product"><a href="https://www.amazon.com/dp/B0BNWXFH3P?tag=eloabder-20&linkCode=osi&th=1&psc=1"><img src="https://m.media-amazon.com/images/I/51HkdST1FCL._SL500_.jpg" alt="Product Image"></a><p>Dermasuri Deep Exfoliating Glove for Shower - Exfoliating Mitt Body Scrubber - Skin Exfoliator & Dead Skin Remover - Keratosis Pilaris Scrub - Spray Tan Remover - Korean Skincare for Body (2 Pack)</p><p>$19.99 ($10.00 / Count)</p><a href="https://www.amazon.com/dp/B0BNWXFH3P?tag=eloabder-20&linkCode=osi&th=1&psc=1">View Product</a></div><div class="product"><a href="https://www.amazon.com/dp/B09Q88TVGJ?tag=eloabder-20&linkCode=osi&th=1&psc=1"><img src="https://m.media-amazon.com/images/I/31jQFJt0t7L._SL500_.jpg" alt="Product Image"></a><p>tingl Face and Body Exfoliator Pads - Anti Aging Acne Treatment with Glycolic Acid, Lactic Acid, and Salicylic Acid - Pore Minimizer, Oil Cleanser, Blackhead Remover and Skin Exfoliator in One</p><p>$38.00 ($38.00 / Count)</p><a href="https://www.amazon.com/dp/B09Q88TVGJ?tag=eloabder-20&linkCode=osi&th=1&psc=1">View Product</a></div><div class="product"><a href="https://www.amazon.com/dp/B08T4FLJQZ?tag=eloabder-20&linkCode=osi&th=1&psc=1"><img src="https://m.media-amazon.com/images/I/317LIpGPZiL._SL500_.jpg" alt="Product Image"></a><p>Dove Scrub Brown Sugar & Coconut Butter For Silky Smooth Skin Body Scrub Exfoliates & Restores Skin's Natural Nutrients 10.5 oz</p><p>$6.97 ($0.66 / Ounce)</p><a href="https://www.amazon.com/dp/B08T4FLJQZ?tag=eloabder-20&linkCode=osi&th=1&psc=1">View Product</a></div>
<div class="product"><a href="https://www.amazon.com/dp/B07XG6BKCV?tag=eloabder-20&linkCode=osi&th=1&psc=1"><img src="https://m.media-amazon.com/images/I/31gg8aKaOeL._SL500_.jpg" alt="Product Image"></a><p>First Aid Beauty KP Bump Eraser Body Scrub Exfoliant for Keratosis Pilaris with 10% AHA – 8 oz</p><p>$30.00 ($3.75 / Ounce)</p><a href="https://www.amazon.com/dp/B07XG6BKCV?tag=eloabder-20&linkCode=osi&th=1&psc=1">View Product</a></div><div class="product"><a href="https://www.amazon.com/dp/B08Y5X8GJ9?tag=eloabder-20&linkCode=osi&th=1&psc=1"><img src="https://m.media-amazon.com/images/I/51MmIF4H+2L._SL500_.jpg" alt="Product Image"></a><p>Tree Hut Watermelon Shea Sugar Exfoliating & Hydrating Body Scrub, 18oz</p><p>$8.49 ($0.47 / Ounce)</p><a href="https://www.amazon.com/dp/B08Y5X8GJ9?tag=eloabder-20&linkCode=osi&th=1&psc=1">View Product</a></div><div class="product"><a href="https://www.amazon.com/dp/B003Z4OD24?tag=eloabder-20&linkCode=osi&th=1&psc=1"><img src="https://m.media-amazon.com/images/I/31C3rfE0XfL._SL500_.jpg" alt="Product Image"></a><p>Acure Brightening Facial Scrub for a Youthful, Brighter, Radiant Complexion | With Sea Kelp & French Green Clay, 4 Fl Oz</p><p>$11.83 ($2.96 / Fl Oz)</p><a href="https://www.amazon.com/dp/B003Z4OD24?tag=eloabder-20&linkCode=osi&th=1&psc=1">View Product</a></div><div class="product"><a href="https://www.amazon.com/dp/B07TH9YNL7?tag=eloabder-20&linkCode=osi&th=1&psc=1"><img src="https://m.media-amazon.com/images/I/4152M3OTu9L._SL500_.jpg" alt="Product Image"></a><p>Brooklyn Botany Dead Sea Salt and Coconut Milk Body Scrub - Moisturizing and Exfoliating Body, Face, Hand, Foot Scrub - Fights Stretch Marks, Fine Lines, Wrinkles - Great Gifts for Women & Men - 10 oz</p><p>$8.99 ($0.86 / Ounce)</p><a href="https://www.amazon.com/dp/B07TH9YNL7?tag=eloabder-20&linkCode=osi&th=1&psc=1">View Product</a></div><div class="product"><a href="https://www.amazon.com/dp/B07Q9C3YTQ?tag=eloabder-20&linkCode=osi&th=1&psc=1"><img src="https://m.media-amazon.com/images/I/31L0XCMqHoL._SL500_.jpg" alt="Product Image"></a><p>SheaMoisture Body Scrub for Dull Skin Illuminating Coconut and Hibiscus Cruelty-Free Skin Care 12 oz</p><p>$8.94 ($0.74 / Ounce)</p><a href="https://www.amazon.com/dp/B07Q9C3YTQ?tag=eloabder-20&linkCode=osi&th=1&psc=1">View Product</a></div><div class="product"><a href="https://www.amazon.com/dp/B09X6CVS53?tag=eloabder-20&linkCode=osi&th=1&psc=1"><img src="https://m.media-amazon.com/images/I/51a7ibTDAQL._SL500_.jpg" alt="Product Image"></a><p>Exfoliating Body Scrub Turmeric Body Scrub and Skin Exfoliator with Collagen and Coconut Oil Gently Exfoliate Face Body Hand and Foot Scrub Moisturizing Body SkinCare products by M3 Naturals</p><p>$25.81 ($2.15 / Ounce)</p><a href="https://www.amazon.com/dp/B09X6CVS53?tag=eloabder-20&linkCode=osi&th=1&psc=1">View Product</a></div><div class="product"><a href="https://www.amazon.com/dp/B08TM4QBDT?tag=eloabder-20&linkCode=osi&th=1&psc=1"><img src="https://m.media-amazon.com/images/I/51ToKkQ3fMS._SL500_.jpg" alt="Product Image"></a><p>First Botany, Himalayan Salt Body Scrub with Collagen & Stem Cells, Natural Exfoliating Salt Scrub Body & Face Souffle helps with Moisturizing Skin, Acne, Cellulite, Dead Skin Scars, Wrinkles, 11 oz</p><p>$13.89 ($1.26 / Ounce)</p><a href="https://www.amazon.com/dp/B08TM4QBDT?tag=eloabder-20&linkCode=osi&th=1&psc=1">View Product</a></div>
<div class="product"><a href="https://www.amazon.com/dp/B0B2RM68G2?tag=eloabder-20&linkCode=osi&th=1&psc=1"><img src="https://m.media-amazon.com/images/I/41VafG53fjL._SL500_.jpg" alt="Product Image"></a><p>BIODANCE Bio-Collagen Real Deep Mask, Hydrating Overnight Hydrogel Mask, Pore Minimizing, Elasticity Improvement, 34g x4ea</p><p>$19.00 ($4.75 / Count)</p><a href="https://www.amazon.com/dp/B0B2RM68G2?tag=eloabder-20&linkCode=osi&th=1&psc=1">View Product</a></div><div class="product"><a href="https://www.amazon.com/dp/B0722LVW3B?tag=eloabder-20&linkCode=osi&th=1&psc=1"><img src="https://m.media-amazon.com/images/I/51Vm0lozSIL._SL500_.jpg" alt="Product Image"></a><p>DERMAL 24 Combo Pack A Collagen Essence Korean Face Mask - Hydrating & Soothing Facial Mask with Panthenol - Hypoallergenic Self Care Sheet Mask for All Skin Types - Natural Home Spa Treatment Mask</p><p>$16.99 ($0.71 / Count)</p><a href="https://www.amazon.com/dp/B0722LVW3B?tag=eloabder-20&linkCode=osi&th=1&psc=1">View Product</a></div><div class="product"><a href="https://www.amazon.com/dp/B08YRD11VS?tag=eloabder-20&linkCode=osi&th=1&psc=1"><img src="https://m.media-amazon.com/images/I/41QL8zBoz0S._SL500_.jpg" alt="Product Image"></a><p>Vitamin C Face Mask with Kaolin Clay and Turmeric for Dark Spots, Dull Skin, Skincare Facial Mask for Controlling Oil and Refining Pores 5.29 Oz</p><p>$14.99 ($2.83 / Ounce)</p><a href="https://www.amazon.com/dp/B08YRD11VS?tag=eloabder-20&linkCode=osi&th=1&psc=1">View Product</a></div><div class="product"><a href="https://www.amazon.com/dp/B06VV8FBDQ?tag=eloabder-20&linkCode=osi&th=1&psc=1"><img src="https://m.media-amazon.com/images/I/41GEI9zFceL._SL500_.jpg" alt="Product Image"></a><p>LA PURE Korean Face Mask - 10ct Snail Mucin Hydrating Face Masks Anti Wrinkle Anti Aging Deep Moisturizing Natural Snail Mucin Mask Sheet Mask Paraben Free Facial Skin Care Products Korean Skin Care</p><p>$24.95 ($2.50 / Count)</p><a href="https://www.amazon.com/dp/B06VV8FBDQ?tag=eloabder-20&linkCode=osi&th=1&psc=1">View Product</a></div><div class="product"><a href="https://www.amazon.com/dp/B09XWVH7XX?tag=eloabder-20&linkCode=osi&th=1&psc=1"><img src="https://m.media-amazon.com/images/I/413x5TISr1L._SL500_.jpg" alt="Product Image"></a><p>Mediheal Best Korean Watermide Essential Face Mask - 10 Hydrating and Moisturizing Sheet Masks With Water 3x Complex For All Skin Types</p><p>$19.90 ($1.99 / Count)</p><a href="https://www.amazon.com/dp/B09XWVH7XX?tag=eloabder-20&linkCode=osi&th=1&psc=1">View Product</a></div><div class="product"><a href="https://www.amazon.com/dp/B07K6V8P2R?tag=eloabder-20&linkCode=osi&th=1&psc=1"><img src="https://m.media-amazon.com/images/I/41FtxFr0Z-L._SL500_.jpg" alt="Product Image"></a><p>Ebanel 15 Pack Collagen Peptide Hydrating Face Masks, Instant Brightening Firming Anti Aging Face Sheet Masks, Moisturizing Spa Face Masks Skincare with Hyaluronic Acid, Vitamin C, Chamomile, Aloe</p><p>$18.99 ($1.81 / Ounce)</p><a href="https://www.amazon.com/dp/B07K6V8P2R?tag=eloabder-20&linkCode=osi&th=1&psc=1">View Product</a></div><div class="product"><a href="https://www.amazon.com/dp/B0CYGT3CR4?tag=eloabder-20&linkCode=osi&th=1&psc=1"><img src="https://m.media-amazon.com/images/I/51LbfzrqiUL._SL500_.jpg" alt="Product Image"></a><p>KONEUK 14 Pack Sheet Face Masks Skincare for All Skin Types, Hydrating Face Masks Suitable for Sensitive Skin, Bulk Facial Mask Set for Women Skin Care, Face Mask Gifts Set for Face Spa</p><p>$8.99 ($0.64 / Count)</p><a href="https://www.amazon.com/dp/B0CYGT3CR4?tag=eloabder-20&linkCode=osi&th=1&psc=1">View Product</a></div><div class="product"><a href="https://www.amazon.com/dp/B07L8XY5B7?tag=eloabder-20&linkCode=osi&th=1&psc=1"><img src="https://m.media-amazon.com/images/I/41v5eqhBSIL._SL500_.jpg" alt="Product Image"></a><p>BRO MASK: Korean Face Mask for Men | 2 Pc. Hydrating Anti Aging Sheet Masks Contains Vitamin C, Vitamin E, Hyaluronic Acid, Hydrolyzed Collagen for Face Care & Acne Treatment by Jaxon Lane (4 Pack)</p><p>$28.00 ($7.00 / Count)</p><a href="https://www.amazon.com/dp/B07L8XY5B7?tag=eloabder-20&linkCode=osi&th=1&psc=1">View Product</a></div><div class="product"><a href="https://www.amazon.com/dp/B01KSIO76G?tag=eloabder-20&linkCode=osi&th=1&psc=1"><img src="https://m.media-amazon.com/images/I/21n0DJ3XOiL._SL500_.jpg" alt="Product Image"></a><p>Kiehl's Rare Earth Deep Pore Cleansing Mask, Pore-Minimizing Face Mask for Clogged Pores, Detoxifies & Refines Skin, Absorbs Excess Oil, with Amazonian White Clay & Aloe Vera - 0.95 fl oz</p><p>$26.00 ($27.37 / Ounce)</p><a href="https://www.amazon.com/dp/B01KSIO76G?tag=eloabder-20&linkCode=osi&th=1&psc=1">View Product</a></div>
<div class="product"><a href="https://www.amazon.com/dp/B08JSL9W6K?tag=eloabder-20&linkCode=osi&th=1&psc=1"><img src="https://m.media-amazon.com/images/I/410lOOpCRwL._SL500_.jpg" alt="Product Image"></a><p>COSRX Snail Mucin Sheet Mask 10 EA, Snail Essence Leave-on Face Masks for Dry, Sensitive Skin, Snail Secretion Filtrate, Not Tested on Animals, No Parabens, No Sulfates, Korean Skincare</p><p>$18.75 ($1.88 / Count)</p><a href="https://www.amazon.com/dp/B08JSL9W6K?tag=eloabder-20&linkCode=osi&th=1&psc=1">View Product</a></div><div class="product"><a href="https://www.amazon.com/dp/B07FPJHPX1?tag=eloabder-20&linkCode=osi&th=1&psc=1"><img src="https://m.media-amazon.com/images/I/51uNOnTpxTL._SL500_.jpg" alt="Product Image"></a><p>Celavi Essence Facial Sheet Face Mask Variety Set Classic Authentic Korean Moisturizing Skincare (12-Packs)</p><p>$9.40 ($0.78 / Count)</p><a href="https://www.amazon.com/dp/B07FPJHPX1?tag=eloabder-20&linkCode=osi&th=1&psc=1">View Product</a></div><div class="product"><a href="https://www.amazon.com/dp/B083X5R6VR?tag=eloabder-20&linkCode=osi&th=1&psc=1"><img src="https://m.media-amazon.com/images/I/31NleokJYmL._SL500_.jpg" alt="Product Image"></a><p>VT COSMETICS Daily Soothing Mask 30ea, Facial Sheet Mask for Moist & Hydrating, 30 Day Supply, Cica Face Mask</p><p>$18.50 ($0.62 / Count)</p><a href="https://www.amazon.com/dp/B083X5R6VR?tag=eloabder-20&linkCode=osi&th=1&psc=1">View Product</a></div><div class="product"><a href="https://www.amazon.com/dp/B0B57TX64F?tag=eloabder-20&linkCode=osi&th=1&psc=1"><img src="https://m.media-amazon.com/images/I/41+ywvmpRoL._SL500_.jpg" alt="Product Image"></a><p>Mediheal Best Korean Sheet Mask - Watermide Essential Face Mask 4 Sheets For All Skin Types Korean Best Sheet Mask Hydrating Moisturizing with Water 3x Complex</p><p>$7.90 ($1.98 / Count)</p><a href="https://www.amazon.com/dp/B0B57TX64F?tag=eloabder-20&linkCode=osi&th=1&psc=1">View Product</a></div><div class="product"><a href="https://www.amazon.com/dp/B0BPLLXT7Y?tag=eloabder-20&linkCode=osi&th=1&psc=1"><img src="https://m.media-amazon.com/images/I/41vG52wcgaL._SL500_.jpg" alt="Product Image"></a><p>NEXTBEAU [PACK OF 10] Solution Sheet Mask Pack 5types x 2pc Aloe, Niacinamide, Collagen, Hemp seed, Hyaluronic Acid</p><p>$8.99 ($0.90 / Count)</p><a href="https://www.amazon.com/dp/B0BPLLXT7Y?tag=eloabder-20&linkCode=osi&th=1&psc=1">View Product</a></div><div class="product"><a href="https://www.amazon.com/dp/B00BAM7F8C?tag=eloabder-20&linkCode=osi&th=1&psc=1"><img src="https://m.media-amazon.com/images/I/51jsS9SDHeL._SL500_.jpg" alt="Product Image"></a><p>DERMAL 16 Combo Pack A Collagen Essencce Korean Face Mask - Hydrating & Soothing Facial Mask with Panthenol - Hypoallergenic Self Care Sheet Mask for All Skin Types - Natural Home Spa Treatment Masks</p><p>$11.99</p><a href="https://www.amazon.com/dp/B00BAM7F8C?tag=eloabder-20&linkCode=osi&th=1&psc=1">View Product</a></div><div class="product"><a href="https://www.amazon.com/dp/B076H45H68?tag=eloabder-20&linkCode=osi&th=1&psc=1"><img src="https://m.media-amazon.com/images/I/41JP+9JeO5L._SL500_.jpg" alt="Product Image"></a><p>Neutrogena Hydro Boost Moisturizing & Hydrating 100% Hydrogel Sheet Face Mask for Dry Skin with Hyaluronic Acid, Gentle & Non-Comedogenic, 1 Ounce (Pack of 12)</p><p>$34.44 ($2.87 / Ounce)</p><a href="https://www.amazon.com/dp/B076H45H68?tag=eloabder-20&linkCode=osi&th=1&psc=1">View Product</a></div><div class="product"><a href="https://www.amazon.com/dp/B078YB11V4?tag=eloabder-20&linkCode=osi&th=1&psc=1"><img src="https://m.media-amazon.com/images/I/51shUi8PVmL._SL500_.jpg" alt="Product Image"></a><p>TONYMOLY I'm Real Radiance Sheet Mask 5 Count, Hydrates and Moisturizes Face</p><p>$12.00 ($2.40 / Count)</p><a href="https://www.amazon.com/dp/B078YB11V4?tag=eloabder-20&linkCode=osi&th=1&psc=1">View Product</a></div>
<div class="product"><a href="https://www.amazon.com/dp/B081FK6L1G?tag=eloabder-20&linkCode=osi&th=1&psc=1"><img src="https://m.media-amazon.com/images/I/51gWAvQb9aL._SL500_.jpg" alt="Product Image"></a><p>Aztec Secret– Indian Healing Clay 1 lb – Deep Pore Cleansing Facial & Body Mask – The Original 100% Natural Calcium Bentonite Clay – New Version 2</p><p>$14.95 ($0.93 / Ounce)</p><a href="https://www.amazon.com/dp/B081FK6L1G?tag=eloabder-20&linkCode=osi&th=1&psc=1">View Product</a></div><div class="product"><a href="https://www.amazon.com/dp/B0CQZ3W88P?tag=eloabder-20&linkCode=osi&th=1&psc=1"><img src="https://m.media-amazon.com/images/I/41I90W9bHuL._SL500_.jpg" alt="Product Image"></a><p>innisfree Super Volcanic Pore Clay Mask, Korean Pore Clearing Clay Mask with Volcanic Clusters and AHA</p><p>$16.00 ($4.73 / Ounce)</p><a href="https://www.amazon.com/dp/B0CQZ3W88P?tag=eloabder-20&linkCode=osi&th=1&psc=1">View Product</a></div><div class="product"><a href="https://www.amazon.com/dp/B07SDQDMZ4?tag=eloabder-20&linkCode=osi&th=1&psc=1"><img src="https://m.media-amazon.com/images/I/41vC+ro0S-L._SL500_.jpg" alt="Product Image"></a><p>Cetaphil Clay Mask Pro, Dermacontrol Purifying Clay Exfoliating Face Mask For Nourishment with Bentonite Clay for Blackheads and Pores, Designed for Oily, Sensitive Skin, 3 oz</p><p>$15.99 ($5.33 / Ounce)</p><a href="https://www.amazon.com/dp/B07SDQDMZ4?tag=eloabder-20&linkCode=osi&th=1&psc=1">View Product</a></div><div class="product"><a href="https://www.amazon.com/dp/B0CHN72MCJ?tag=eloabder-20&linkCode=osi&th=1&psc=1"><img src="https://m.media-amazon.com/images/I/41OPjUXZYlL._SL500_.jpg" alt="Product Image"></a><p>Aztec Secret Essential Indian Clay Mask Kit by Etana – 100% Natural Calcium Bentonite for Deep Pore Cleansing - Facial, Hair & Body Detox Set Wtih Accessories</p><p>$21.95 ($1.37 / Ounce)</p><a href="https://www.amazon.com/dp/B0CHN72MCJ?tag=eloabder-20&linkCode=osi&th=1&psc=1">View Product</a></div><div class="product"><a href="https://www.amazon.com/dp/B0CPDBW579?tag=eloabder-20&linkCode=osi&th=1&psc=1"><img src="https://m.media-amazon.com/images/I/31tDriIWYmL._SL500_.jpg" alt="Product Image"></a><p>FULLY Green Tomato Clay Mask Cleanser, Pore Purifying with 49% Green Tomato Extract, Sebum & Clogged Pore Care, Exfoliation, Fragrance-Free, Vegan & Dermatologically Tested, 4.05 fl.oz</p><p>$20.00 ($4.94 / Fl Oz)</p><a href="https://www.amazon.com/dp/B0CPDBW579?tag=eloabder-20&linkCode=osi&th=1&psc=1">View Product</a></div><div class="product"><a href="https://www.amazon.com/dp/B007CY2C76?tag=eloabder-20&linkCode=osi&th=1&psc=1"><img src="https://m.media-amazon.com/images/I/31-131ZWvEL._SL500_.jpg" alt="Product Image"></a><p>Freeman Dead Sea Minerals Anti-Stress Clay Facial Mask, Hydrating & Clarifying, Clears Pores, Face Mask With Lavender & Bergamot For Radiant Skin, For All Skin Types, 6 fl. oz./175 mL Tube, 1 Count</p><p>$3.86 ($0.64 / Ounce)</p><a href="https://www.amazon.com/dp/B007CY2C76?tag=eloabder-20&linkCode=osi&th=1&psc=1">View Product</a></div><div class="product"><a href="https://www.amazon.com/dp/B08HCVWG7B?tag=eloabder-20&linkCode=osi&th=1&psc=1"><img src="https://m.media-amazon.com/images/I/51nz+uBxoSL._SL500_.jpg" alt="Product Image"></a><p>Gleamin Vitamin C Clay Mask - 10-Minutes for Dark Spots, Turmeric Face Mask Skin Care, Deep Cleansing Pores - Facial Improves Uneven Tone, Post-Blemish, Visibly Brighten, Scarring and Texture - 2.5 Oz</p><p>$41.00 ($16.40 / Ounce)</p><a href="https://www.amazon.com/dp/B08HCVWG7B?tag=eloabder-20&linkCode=osi&th=1&psc=1">View Product</a></div>
<div class="product"><a href="https://www.amazon.com/dp/B000ZEA6WS?tag=eloabder-20&linkCode=osi&th=1&psc=1"><img src="https://m.media-amazon.com/images/I/31rFp2ip1IL._SL500_.jpg" alt="Product Image"></a><p>Freeman Renewing Cucumber Peel-Off Gel Facial Mask, Face Mask Refreshes Skin, Aloe Soothes & Moisturizes, Get Rejuvenated Skin, For Normal & Combination Skin, 6 fl. oz./175 mL Tube, 1 Count</p><p>$3.86 ($0.64 / Fl Oz)</p><a href="https://www.amazon.com/dp/B000ZEA6WS?tag=eloabder-20&linkCode=osi&th=1&psc=1">View Product</a></div><div class="product"><a href="https://www.amazon.com/dp/B08RYC42CZ?tag=eloabder-20&linkCode=osi&th=1&psc=1"><img src="https://m.media-amazon.com/images/I/31ApUlGl6zL._SL500_.jpg" alt="Product Image"></a><p>Aprilskin Calendula Peel Off Pore Minimizing Facial Mask | Vegan | Blackhead Remover, Exfoliating, Deep Cleansing | PHA BHA | Korean Skin Care | K Beauty | 3.52 oz</p><p>$16.90 ($4.80 / Fl Oz)</p><a href="https://www.amazon.com/dp/B08RYC42CZ?tag=eloabder-20&linkCode=osi&th=1&psc=1">View Product</a></div><div class="product"><a href="https://www.amazon.com/dp/B07DLDKCS1?tag=eloabder-20&linkCode=osi&th=1&psc=1"><img src="https://m.media-amazon.com/images/I/41Mx5AMIGyL._SL500_.jpg" alt="Product Image"></a><p>AZURE 24K Gold Firming Peel Off Face Mask- Anti Aging, Lifting, Illuminating & Revitalizing - Removes Blackheads, Dirt & Oils - With Hyaluronic Acid and Collagen - Skin Care Made in Korea - 150mL</p><p>$9.99 ($1.96 / Fl Oz)</p><a href="https://www.amazon.com/dp/B07DLDKCS1?tag=eloabder-20&linkCode=osi&th=1&psc=1">View Product</a></div><div class="product"><a href="https://www.amazon.com/dp/B07R16LBDL?tag=eloabder-20&linkCode=osi&th=1&psc=1"><img src="https://m.media-amazon.com/images/I/41yu6tuykaL._SL500_.jpg" alt="Product Image"></a><p>SUNATORIA Blackhead Remover Mask - Activated Charcoal Peel Off Face Mask - for All Skin Types - Deep Pore Cleaner Nose Blackhead Remover Pore Release - Black Head Remover for Face</p><p>$9.95 ($4.88 / Fl Oz)</p><a href="https://www.amazon.com/dp/B07R16LBDL?tag=eloabder-20&linkCode=osi&th=1&psc=1">View Product</a></div><div class="product"><a href="https://www.amazon.com/dp/B071KRTXX8?tag=eloabder-20&linkCode=osi&th=1&psc=1"><img src="https://m.media-amazon.com/images/I/51GSgsJO94L._SL500_.jpg" alt="Product Image"></a><p>SHILLS Charcoal Face Mask, Peel Off Mask, Charcoal Mask, Peel Off Mask, Deep Cleansing, Purifying, Activated Charcoal Mask with Brush</p><p>$9.94</p><a href="https://www.amazon.com/dp/B071KRTXX8?tag=eloabder-20&linkCode=osi&th=1&psc=1">View Product</a></div><div class="product"><a href="https://www.amazon.com/dp/B00E5NALCK?tag=eloabder-20&linkCode=osi&th=1&psc=1"><img src="https://m.media-amazon.com/images/I/31Is3s5+U7L._SL500_.jpg" alt="Product Image"></a><p>Freeman Cleansing Pomegranate Peel-Off Gel Facial Mask, Shrinks Pores, Purifies Skin, Made With 8 Different Antioxidants, Protects Skin, Cruelty-Free Skincare, 6 fl. oz./175 mL Tubes, 1 Count</p><p>$4.29 ($0.72 / Fl Oz)</p><a href="https://www.amazon.com/dp/B00E5NALCK?tag=eloabder-20&linkCode=osi&th=1&psc=1">View Product</a></div><div class="product"><a href="https://www.amazon.com/dp/B0CRTPJ5N3?tag=eloabder-20&linkCode=osi&th=1&psc=1"><img src="https://m.media-amazon.com/images/I/51zTZyHPVWL._SL500_.jpg" alt="Product Image"></a><p>Rednow Gold Foil Peel-Off Mask,Gold Peel Off Face Mask Anti-Wrinkle,98.4% Golden Peel Off Mask,Anti-Aging Gold Face Mask for Moisturizing,Removes Blackheads,Reduces Fine Lines,Cleans Pores(2PCS)</p><p>$14.99 ($7.50 / Fl Oz)</p><a href="https://www.amazon.com/dp/B0CRTPJ5N3?tag=eloabder-20&linkCode=osi&th=1&psc=1">View Product</a></div>
<div class="product"><a href="https://www.amazon.com/dp/B01NCM25K7?tag=eloabder-20&linkCode=osi&th=1&psc=1"><img src="https://m.media-amazon.com/images/I/416P4kSw1VL._SL500_.jpg" alt="Product Image"></a><p>New York Biology Dead Sea Mud Mask for Face and Body - Spa Quality Pore Reducer for Acne, Blackheads & Oily Skin, Natural Skincare for Women, Men - Tightens Skin for A Healthier Complexion - 8.8 oz</p><p>$16.95 ($1.93 / Ounce)</p><a href="https://www.amazon.com/dp/B01NCM25K7?tag=eloabder-20&linkCode=osi&th=1&psc=1">View Product</a></div><div class="product"><a href="https://www.amazon.com/dp/B00UREAGU8?tag=eloabder-20&linkCode=osi&th=1&psc=1"><img src="https://m.media-amazon.com/images/I/510FCuOHsNL._SL500_.jpg" alt="Product Image"></a><p>MAJESTIC PURE Dead Sea Mud Mask for Face and Body - Natural Skin Care for Women and Men - Best Facial Cleansing Clay for Blackhead, Whitehead, Acne and Pores - 8.8 fl. Oz</p><p>$9.99 ($1.14 / Fl Oz)</p><a href="https://www.amazon.com/dp/B00UREAGU8?tag=eloabder-20&linkCode=osi&th=1&psc=1">View Product</a></div><div class="product"><a href="https://www.amazon.com/dp/B0BNP68BMG?tag=eloabder-20&linkCode=osi&th=1&psc=1"><img src="https://m.media-amazon.com/images/I/41WoBVjFkyL._SL500_.jpg" alt="Product Image"></a><p>Aromasong 100% Pure Dead Sea Mud Mask for Face - Cleansing Natural Skin Care for Women and Men to Help Reduce Acne and Pores</p><p>$9.97 ($1.25 / Ounce)</p><a href="https://www.amazon.com/dp/B0BNP68BMG?tag=eloabder-20&linkCode=osi&th=1&psc=1">View Product</a></div><div class="product"><a href="https://www.amazon.com/dp/B08XY82146?tag=eloabder-20&linkCode=osi&th=1&psc=1"><img src="https://m.media-amazon.com/images/I/41Fcc-QZoiL._SL500_.jpg" alt="Product Image"></a><p>Borghese Advanced Fango Active Purifying Mud Mask, Detoxify & Clarify with Natural Minerals, For Face and Body, 7.5 Oz</p><p>$53.00 ($7.07 / Fl Oz)</p><a href="https://www.amazon.com/dp/B08XY82146?tag=eloabder-20&linkCode=osi&th=1&psc=1">View Product</a></div><div class="product"><a href="https://www.amazon.com/dp/B086V843R8?tag=eloabder-20&linkCode=osi&th=1&psc=1"><img src="https://m.media-amazon.com/images/I/410evC+SQHL._SL500_.jpg" alt="Product Image"></a><p>ANAI RUI Turmeric Clay Mask - Green Tea Clay Mask - Dead Sea Minerals Mud Mask, Spa Facial Mask Set, Face Mask Gift Set 2.5 oz each</p><p>$22.99</p><a href="https://www.amazon.com/dp/B086V843R8?tag=eloabder-20&linkCode=osi&th=1&psc=1">View Product</a></div><div class="product"><a href="https://www.amazon.com/dp/B0BZVQJMN2?tag=eloabder-20&linkCode=osi&th=1&psc=1"><img src="https://m.media-amazon.com/images/I/414evHf2H+L._SL500_.jpg" alt="Product Image"></a><p>20 Pods Clay Mask Set, Face Mask Skin Care，Green Tea, Turmeric, Dead Sea Mud, Rose, 24K Gold, Eggplant, Avocado, Mud Mask Deep Pore Cleansing Acne Blackhead Removal, Men & Women Facial Mask .</p><p>$17.97</p><a href="https://www.amazon.com/dp/B0BZVQJMN2?tag=eloabder-20&linkCode=osi&th=1&psc=1">View Product</a></div><div class="product"><a href="https://www.amazon.com/dp/B0D1G7XF9X?tag=eloabder-20&linkCode=osi&th=1&psc=1"><img src="https://m.media-amazon.com/images/I/31KAhEPTT2L._SL500_.jpg" alt="Product Image"></a><p>Medicube Zero Pore Blackhead Mud Facial Mask - Skin Cooling & Pore Tightening - 3 Minute Quick Dry Formula with AHA, BHA, PHA, and Pore-Purifying Clay - Korean Face Mask 3.52 oz</p><p>$17.90 ($5.09 / Ounce)</p><a href="https://www.amazon.com/dp/B0D1G7XF9X?tag=eloabder-20&linkCode=osi&th=1&psc=1">View Product</a></div><div class="product"><a href="https://www.amazon.com/dp/B0B538QDNY?tag=eloabder-20&linkCode=osi&th=1&psc=1"><img src="https://m.media-amazon.com/images/I/51MTBYPFdwL._SL500_.jpg" alt="Product Image"></a><p>4 Pcs Clay Facial Mask Set - Turmeric, Vitamin C, Green Tea, Dead Sea Mud, and Rose Clay for Deep Cleansing, Moisturizing, and Refining Pores - 240g</p><p>$19.99 ($2.36 / Ounce)</p><a href="https://www.amazon.com/dp/B0B538QDNY?tag=eloabder-20&linkCode=osi&th=1&psc=1">View Product</a></div><div class="product"><a href="https://www.amazon.com/dp/B09MN94BZW?tag=eloabder-20&linkCode=osi&th=1&psc=1"><img src="https://m.media-amazon.com/images/I/41dNAUrUGKL._SL500_.jpg" alt="Product Image"></a><p>Pure Clay Mud Mask, Clay Mask Pores for Face and Skin, Detox Clay Face Masks Skincare, Exfoliating Facial Treatment, Cleans & Purify Pores For Clear & Glowing Skin, Face Mask for Oily Skin & Normal</p><p>$5.99 ($0.70 / Ounce)</p><a href="https://www.amazon.com/dp/B09MN94BZW?tag=eloabder-20&linkCode=osi&th=1&psc=1">View Product</a></div>
<div class="product"><a href="https://www.amazon.com/dp/B08SHHLS4H?tag=eloabder-20&linkCode=osi&th=1&psc=1"><img src="https://m.media-amazon.com/images/I/51mcEX1fQQL._SL500_.jpg" alt="Product Image"></a><p>2PCS Gel Eye Mask Reusable Hot Cold Therapy Gel Bead Eye Mask for Puffiness/Dark Circles/Eye Bags/Dry Eyes/Headaches/Migraines/Stress Relief, Cooling Eye Mask Hot/Cold Compress Eye Mask (Blue)</p><p>$11.99 ($11.99 / Count)</p><a href="https://www.amazon.com/dp/B08SHHLS4H?tag=eloabder-20&linkCode=osi&th=1&psc=1">View Product</a></div><div class="product"><a href="https://www.amazon.com/dp/B0C8NR3Q5M?tag=eloabder-20&linkCode=osi&th=1&psc=1"><img src="https://m.media-amazon.com/images/I/51A6iv-SfEL._SL500_.jpg" alt="Product Image"></a><p>BeeVines Gel Eye Mask, 2 Pack Cooling Ice Masks for Puffy Eyes for Men & Women, Cold & Warm Compress for Post Surgery, Puffiness, Allergies, Sinuses & Migraines Treatment</p><p>$9.99 ($5.00 / Count)</p><a href="https://www.amazon.com/dp/B0C8NR3Q5M?tag=eloabder-20&linkCode=osi&th=1&psc=1">View Product</a></div><div class="product"><a href="https://www.amazon.com/dp/B07HD61PYN?tag=eloabder-20&linkCode=osi&th=1&psc=1"><img src="https://m.media-amazon.com/images/I/51NrypqKlOL._SL500_.jpg" alt="Product Image"></a><p>Cold Face Eye Mask Ice Pack Reduce Face Puff, Dark Circles, Gel Beads Hot Heat Cold Compress Pack, Face SPA for Woman Sleeping, Pressure, Headaches, Skin Care, Post Laser Care[Blue]</p><p>$9.99 ($9.99 / Count)</p><a href="https://www.amazon.com/dp/B07HD61PYN?tag=eloabder-20&linkCode=osi&th=1&psc=1">View Product</a></div><div class="product"><a href="https://www.amazon.com/dp/B075M9ZLB2?tag=eloabder-20&linkCode=osi&th=1&psc=1"><img src="https://m.media-amazon.com/images/I/51keceyL42L._SL500_.jpg" alt="Product Image"></a><p>Cooling Eye Mask - Reusable Gel Eye Mask Cold Pack - Our Ice Eye Mask Soothes Puffy Eyes & Dark Circles - Relieve Your Headaches & Sinus Pain with Cold Eye Mask & Eye Gel Mask Therapy - Halos</p><p>$9.99</p><a href="https://www.amazon.com/dp/B075M9ZLB2?tag=eloabder-20&linkCode=osi&th=1&psc=1">View Product</a></div><div class="product"><a href="https://www.amazon.com/dp/B0B9YLR2D6?tag=eloabder-20&linkCode=osi&th=1&psc=1"><img src="https://m.media-amazon.com/images/I/41byYk5cDeL._SL500_.jpg" alt="Product Image"></a><p>Lancity Jelly Mask Peel Off Face Masks SkinCare, Natural Gel Powder for Facial Mask, Professional hydrojelly Mask, Moisturizing & Hydrating 23 Fl Oz (Hyaluronic Acid)</p><p>$21.99 ($0.73 / Ounce)</p><a href="https://www.amazon.com/dp/B0B9YLR2D6?tag=eloabder-20&linkCode=osi&th=1&psc=1">View Product</a></div><div class="product"><a href="https://www.amazon.com/dp/B06XG249X4?tag=eloabder-20&linkCode=osi&th=1&psc=1"><img src="https://m.media-amazon.com/images/I/51YWeyoyTxL._SL500_.jpg" alt="Product Image"></a><p>Advanced Clinicals Hyaluronic Acid Gel Facial Mask Skin Care Treatment, Brightening, Hydrating Anti Aging Face Mask & Moisturizer Helps Transform Dry Skin W/Collagen, Chamomile, & Aloe Vera, 5 Fl Oz</p><p>$13.99 ($2.80 / Fl Oz)</p><a href="https://www.amazon.com/dp/B06XG249X4?tag=eloabder-20&linkCode=osi&th=1&psc=1">View Product</a></div><div class="product"><a href="https://www.amazon.com/dp/B0080FIRGQ?tag=eloabder-20&linkCode=osi&th=1&psc=1"><img src="https://m.media-amazon.com/images/I/41nFEw5jATS._SL500_.jpg" alt="Product Image"></a><p>Peter Thomas Roth | Cucumber Gel Mask | Extreme De-Tox Hydrator, Cooling and Hydrating Facial Mask, Helps Soothe the Look of Dry and Irritated Skin, 5 fl oz (Pack of 1)</p><p>$44.29 ($8.86 / Fl Oz)</p><a href="https://www.amazon.com/dp/B0080FIRGQ?tag=eloabder-20&linkCode=osi&th=1&psc=1">View Product</a></div>
<div class="product"><a href="https://www.amazon.com/dp/B014E2D6BY?tag=eloabder-20&linkCode=osi&th=1&psc=1"><img src="https://m.media-amazon.com/images/I/51V2D2PS2tL._SL500_.jpg" alt="Product Image"></a><p>grace & stella Under Eye Mask (Gold, 24 Pairs) Reduce Dark Circles, Puffy Eyes, Undereye Bags, Wrinkles - Gel Under Eye Patches - Gifts for Women - Birthday Gifts for Women - Vegan Cruelty Free</p><p>$21.95 ($0.91 / Count)</p><a href="https://www.amazon.com/dp/B014E2D6BY?tag=eloabder-20&linkCode=osi&th=1&psc=1">View Product</a></div><div class="product"><a href="https://www.amazon.com/dp/B0CPT8W3RV?tag=eloabder-20&linkCode=osi&th=1&psc=1"><img src="https://m.media-amazon.com/images/I/4184Q3-F9HL._SL500_.jpg" alt="Product Image"></a><p>grace & stella Purple Eye Treatment Gels - Dermatologist Tested - Under Eye Masks With Retinol - Restoring Under Eye Patches for Puffy Eyes and Dark Circles - Vegan, Cruelty-Free, 24 Pairs</p><p>$23.95 ($1.00 / Count)</p><a href="https://www.amazon.com/dp/B0CPT8W3RV?tag=eloabder-20&linkCode=osi&th=1&psc=1">View Product</a></div><div class="product"><a href="https://www.amazon.com/dp/B08DG3C22G?tag=eloabder-20&linkCode=osi&th=1&psc=1"><img src="https://m.media-amazon.com/images/I/51NCnFVfYTL._SL500_.jpg" alt="Product Image"></a><p>Celor Under Eye Patches for Puffy Eyes and Dark Circles - Eye Masks with Amino Acids & Collagen, Eye Care for Wrinkles - Birthday Gift for Women - Skincare Self Care - USA Tested (20 Pairs)</p><p>$9.99 ($0.50 / Count)</p><a href="https://www.amazon.com/dp/B08DG3C22G?tag=eloabder-20&linkCode=osi&th=1&psc=1">View Product</a></div><div class="product"><a href="https://www.amazon.com/dp/B0CQ2VBK8M?tag=eloabder-20&linkCode=osi&th=1&psc=1"><img src="https://m.media-amazon.com/images/I/61yjNxVwmgL._SL500_.jpg" alt="Product Image"></a><p>Under Eye Patches for Dark Circles and Puffy Eyes (30 Pairs), Marine Collagen Eye Gel Pads for Puffiness with Vitamin C, Hyaluronic Acid, and Pearl Extract, Eye Mask for Dark Circles and Puffiness</p><p>$19.95 ($0.66 / Count)</p><a href="https://www.amazon.com/dp/B0CQ2VBK8M?tag=eloabder-20&linkCode=osi&th=1&psc=1">View Product</a></div><div class="product"><a href="https://www.amazon.com/dp/B0CJJZYR9Y?tag=eloabder-20&linkCode=osi&th=1&psc=1"><img src="https://m.media-amazon.com/images/I/41Wxw8DLNVL._SL500_.jpg" alt="Product Image"></a><p>DRMTLGY Brightening Eye Masks (30 Pairs) - Caffeine Eye Masks for Dark Circles and Puffiness with Hyaluronic Acid, Eye Patches for Puffy Eyes</p><p>$44.00 ($0.73 / Count)</p><a href="https://www.amazon.com/dp/B0CJJZYR9Y?tag=eloabder-20&linkCode=osi&th=1&psc=1">View Product</a></div><div class="product"><a href="https://www.amazon.com/dp/B0CZ8JBDHQ?tag=eloabder-20&linkCode=osi&th=1&psc=1"><img src="https://m.media-amazon.com/images/I/41jK7RZj1NL._SL500_.jpg" alt="Product Image"></a><p>YOYORY Under Eye Patches Masks - for Dark Circles, Puffy Eyes, Fine Lines, Wrinkles, Eye Bags Treatment with Collagen and Hyaluronic Acid, Moisturizing and Hydrating (60 Pcs)…</p><p>$19.99 ($0.33 / Fl Oz)</p><a href="https://www.amazon.com/dp/B0CZ8JBDHQ?tag=eloabder-20&linkCode=osi&th=1&psc=1">View Product</a></div><div class="product"><a href="https://www.amazon.com/dp/B0C4NWGVTF?tag=eloabder-20&linkCode=osi&th=1&psc=1"><img src="https://m.media-amazon.com/images/I/51lAmpjfDsL._SL500_.jpg" alt="Product Image"></a><p>Taimand Under Eye Patches (30 Pairs), 24K Gold Under Eye Mask for Puffy Eyes, Dark Circles,Bags and Wrinkles with Collagen,Relieves Pressure and Reduces Wrinkles,Revitalises and Refreshes Your Skin</p><p>$7.99 ($0.27 / Count)</p><a href="https://www.amazon.com/dp/B0C4NWGVTF?tag=eloabder-20&linkCode=osi&th=1&psc=1">View Product</a></div><div class="product"><a href="https://www.amazon.com/dp/B0BDD7D34M?tag=eloabder-20&linkCode=osi&th=1&psc=1"><img src="https://m.media-amazon.com/images/I/51O5AVRXcUL._SL500_.jpg" alt="Product Image"></a><p>Maskiss 24k Gold Under Eye Patches (25 Pairs), eye mask, Collagen Skin Care Products, Eye Patches for Puffy Eyes, eye masks for dark circles and puffiness</p><p>$14.99 ($0.60 / Count)</p><a href="https://www.amazon.com/dp/B0BDD7D34M?tag=eloabder-20&linkCode=osi&th=1&psc=1">View Product</a></div><div class="product"><a href="https://www.amazon.com/dp/B0B1MFMS7W?tag=eloabder-20&linkCode=osi&th=1&psc=1"><img src="https://m.media-amazon.com/images/I/41BGKrFfFxL._SL500_.jpg" alt="Product Image"></a><p>CorneaCare Rest: Self Heating Warm Compress for Eyes | Heated Eye Mask for Fast Relief of Dry Eyes | No Microwave Needed | Eye Treatment Products for Dry Eye Relief | 30 Count | FSA & HSA Eligible</p><p>$35.00 ($1.17 / Count)</p><a href="https://www.amazon.com/dp/B0B1MFMS7W?tag=eloabder-20&linkCode=osi&th=1&psc=1">View Product</a></div><div class="product"><a href="https://www.amazon.com/dp/B0CTF8XSFX?tag=eloabder-20&linkCode=osi&th=1&psc=1"><img src="https://m.media-amazon.com/images/I/519z+NIvFHL._SL500_.jpg" alt="Product Image"></a><p>Under Eye Patches for Puffy Eyes Treatment 30 Pairs, 24K Gold Under Eye Masks for Dark Circles and Puffiness, Eye Gel Pads w/Collagen, Sodium Hyaluronate, Rose Essence for Eye Bags Treatment</p><p>$6.99 ($0.23 / Count)</p><a href="https://www.amazon.com/dp/B0CTF8XSFX?tag=eloabder-20&linkCode=osi&th=1&psc=1">View Product</a></div>
<div class="product"><a href="https://www.amazon.com/dp/B00JJPMXDO?tag=eloabder-20&linkCode=osi&th=1&psc=1"><img src="https://m.media-amazon.com/images/I/41xUbY21ojL._SL500_.jpg" alt="Product Image"></a><p>CeraVe Eye Repair Cream | Under Eye Cream For Puffiness And Bags Under Eyes | Hyaluronic Acid + Niacinamide + Marine Botanical Complex | Hydrating Eye Cream | Oil Free & Opthalmologist Tested</p><p>$10.70 ($21.40 / Ounce)</p><a href="https://www.amazon.com/dp/B00JJPMXDO?tag=eloabder-20&linkCode=osi&th=1&psc=1">View Product</a></div><div class="product"><a href="https://www.amazon.com/dp/B0B3GCCRVH?tag=eloabder-20&linkCode=osi&th=1&psc=1"><img src="https://m.media-amazon.com/images/I/41EdCdrw-AL._SL500_.jpg" alt="Product Image"></a><p>CeraVe Skin Renewing Eye Cream For Wrinkles | Under Eye Cream With Peptides + Caffeine + Niacinamide | Anti Aging Eye Cream For Wrinkles & Crows Feet | Paraben Free & Opthalmologist Tested</p><p>$18.49 ($36.98 / Ounce)</p><a href="https://www.amazon.com/dp/B0B3GCCRVH?tag=eloabder-20&linkCode=osi&th=1&psc=1">View Product</a></div><div class="product"><a href="https://www.amazon.com/dp/B00005333I?tag=eloabder-20&linkCode=osi&th=1&psc=1"><img src="https://m.media-amazon.com/images/I/31webfO63dL._SL500_.jpg" alt="Product Image"></a><p>L'Oreal Paris Dermo-Expertise Eye Defense Eye Cream with Caffeine and Hyaluronic Acid 0.5 oz</p><p>$12.27 ($24.54 / Ounce)</p><a href="https://www.amazon.com/dp/B00005333I?tag=eloabder-20&linkCode=osi&th=1&psc=1">View Product</a></div><div class="product"><a href="https://www.amazon.com/dp/B0CZJ8N83D?tag=eloabder-20&linkCode=osi&th=1&psc=1"><img src="https://m.media-amazon.com/images/I/31fQO3OHiML._SL500_.jpg" alt="Product Image"></a><p>PRIME PROMETICS PrimeEyes Hydrate Under Eye Cream for Mature Women – Hydrating Eye Cream for Dark Circles and Wrinkle Repair – Soft, Glowing & Healthy Under Eyes</p><p>$62.00</p><a href="https://www.amazon.com/dp/B0CZJ8N83D?tag=eloabder-20&linkCode=osi&th=1&psc=1">View Product</a></div><div class="product"><a href="https://www.amazon.com/dp/B0009RFB76?tag=eloabder-20&linkCode=osi&th=1&psc=1"><img src="https://m.media-amazon.com/images/I/31M2iQDNDOL._SL500_.jpg" alt="Product Image"></a><p>RoC Retinol Correxion Under Eye Cream for Dark Circles & Puffiness, Daily Wrinkle Cream, Anti Aging Line Smoothing Skin Care Treatment for Women and Men, 0.5 oz (Packaging May Vary)</p><p>$19.02 ($38.04 / Fl Oz)</p><a href="https://www.amazon.com/dp/B0009RFB76?tag=eloabder-20&linkCode=osi&th=1&psc=1">View Product</a></div><div class="product"><a href="https://www.amazon.com/dp/B0D3TG6MN3?tag=eloabder-20&linkCode=osi&th=1&psc=1"><img src="https://m.media-amazon.com/images/I/21-DQIJf5xL._SL500_.jpg" alt="Product Image"></a><p>Dr.Melaxin Eyephalt Eyebag Cream for Puffiness, Dark Circles & Fine Lines, Wrinkle, EGF Anti-Aging Under Eye Moisturizer with Niacinamide&Ceramide 0.33 fl.oz.</p><p>$59.00 ($178.79 / Fl Oz)</p><a href="https://www.amazon.com/dp/B0D3TG6MN3?tag=eloabder-20&linkCode=osi&th=1&psc=1">View Product</a></div><div class="product"><a href="https://www.amazon.com/dp/B07CKJRJXB?tag=eloabder-20&linkCode=osi&th=1&psc=1"><img src="https://m.media-amazon.com/images/I/31pJCzbhXrL._SL500_.jpg" alt="Product Image"></a><p>No7 Lift & Luminate Triple Action Eye Cream - Anti-Aging Under Eye Cream for Dark Circles, Puffiness & Wrinkles - Formulated with Vitamin C to Brighten and Refresh Tired Eyes (0.5 Fl Oz)</p><p>$15.93</p><a href="https://www.amazon.com/dp/B07CKJRJXB?tag=eloabder-20&linkCode=osi&th=1&psc=1">View Product</a></div><div class="product"><a href="https://www.amazon.com/dp/B07ZRF416W?tag=eloabder-20&linkCode=osi&th=1&psc=1"><img src="https://m.media-amazon.com/images/I/31cH7vzfBxL._SL500_.jpg" alt="Product Image"></a><p>COSRX Snail Peptide Eye Cream with 73.7% Snail Mucin and Niacinamide - Brightening Korean Night Cream for Fine Lines and Dark Circles</p><p>$13.89 ($16.34 / Fl Oz)</p><a href="https://www.amazon.com/dp/B07ZRF416W?tag=eloabder-20&linkCode=osi&th=1&psc=1">View Product</a></div>
<div class="product"><a href="https://www.amazon.com/dp/B01N9SPQHQ?tag=eloabder-20&linkCode=osi&th=1&psc=1"><img src="https://m.media-amazon.com/images/I/41NHgWAaYAL._SL500_.jpg" alt="Product Image"></a><p>La Roche-Posay Toleriane Double Repair Face Moisturizer, Daily Moisturizer Face Cream with Ceramide and Niacinamide for All Skin Types, Oil Free, Fragrance Free</p><p>$23.99 ($7.10 / Fl Oz)</p><a href="https://www.amazon.com/dp/B01N9SPQHQ?tag=eloabder-20&linkCode=osi&th=1&psc=1">View Product</a></div><div class="product"><a href="https://www.amazon.com/dp/B08BW46XXK?tag=eloabder-20&linkCode=osi&th=1&psc=1"><img src="https://m.media-amazon.com/images/I/41oCJ4BF8oL._SL500_.jpg" alt="Product Image"></a><p>Vanicream Daily Facial Moisturizer With Ceramides and Hyaluronic Acid - Formulated Without Common Irritants for Those with Sensitive Skin, 3 fl oz (Pack of 1)</p><p>$12.97 ($4.32 / Fl Oz)</p><a href="https://www.amazon.com/dp/B08BW46XXK?tag=eloabder-20&linkCode=osi&th=1&psc=1">View Product</a></div><div class="product"><a href="https://www.amazon.com/dp/B00TTD9BRC?tag=eloabder-20&linkCode=osi&th=1&psc=1"><img src="https://m.media-amazon.com/images/I/41Kc6H7fboL._SL500_.jpg" alt="Product Image"></a><p>CeraVe Moisturizing Cream | Body and Face Moisturizer for Dry Skin | Body Cream with Hyaluronic Acid and Ceramides | Daily Moisturizer | Oil-Free | Fragrance Free | Non-Comedogenic | 19 Ounce</p><p>$17.78 ($0.94 / Ounce)</p><a href="https://www.amazon.com/dp/B00TTD9BRC?tag=eloabder-20&linkCode=osi&th=1&psc=1">View Product</a></div><div class="product"><a href="https://www.amazon.com/dp/B000YJ2SLG?tag=eloabder-20&linkCode=osi&th=1&psc=1"><img src="https://m.media-amazon.com/images/I/31J9bWXnQ+L._SL500_.jpg" alt="Product Image"></a><p>CeraVe Daily Moisturizing Lotion for Dry Skin | Body Lotion & Face Moisturizer with Hyaluronic Acid and Ceramides | Daily Moisturizer | Fragrance Free | Oil-Free | 12 Ounce</p><p>$13.68 ($1.14 / Fl Oz)</p><a href="https://www.amazon.com/dp/B000YJ2SLG?tag=eloabder-20&linkCode=osi&th=1&psc=1">View Product</a></div><div class="product"><a href="https://www.amazon.com/dp/B01LEJ5MSK?tag=eloabder-20&linkCode=osi&th=1&psc=1"><img src="https://m.media-amazon.com/images/I/418xEMrk6LL._SL500_.jpg" alt="Product Image"></a><p>COSRX Snail Mucin 92% Repair Cream, Daily Face Gel Moisturizer for Dry Skin, Acne-prone, Sensitive Skin, Not Tested on Animals, No Parabens, Korean Skincare (3.52 Fl Oz (Pack of 1))</p><p>$13.99 ($3.97 / Fl Oz)</p><a href="https://www.amazon.com/dp/B01LEJ5MSK?tag=eloabder-20&linkCode=osi&th=1&psc=1">View Product</a></div><div class="product"><a href="https://www.amazon.com/dp/B0BBSP2JNQ?tag=eloabder-20&linkCode=osi&th=1&psc=1"><img src="https://m.media-amazon.com/images/I/51qb7tiAJgL._SL500_.jpg" alt="Product Image"></a><p>SimplyVital Face Moisturizer Collagen Cream - Anti Aging Neck and Décolleté - Made in USA Day & Night Face Cream - Moisturizing, Lifting & Recovery – 1.7oz</p><p>$22.89 ($13.46 / Fl Oz)</p><a href="https://www.amazon.com/dp/B0BBSP2JNQ?tag=eloabder-20&linkCode=osi&th=1&psc=1">View Product</a></div><div class="product"><a href="https://www.amazon.com/dp/B01NCWV3KM?tag=eloabder-20&linkCode=osi&th=1&psc=1"><img src="https://m.media-amazon.com/images/I/41Q1ESUhSeL._SL500_.jpg" alt="Product Image"></a><p>La Roche-Posay Toleriane Double Repair UV SPF Moisturizer for Face, Daily Facial Moisturizer with Sunscreen SPF 30, Niacinamide and Glycerin, Oil Free, Moisturizing Sun Protection</p><p>$24.99 ($10.00 / Fl Oz)</p><a href="https://www.amazon.com/dp/B01NCWV3KM?tag=eloabder-20&linkCode=osi&th=1&psc=1">View Product</a></div><div class="product"><a href="https://www.amazon.com/dp/B00F97FHAW?tag=eloabder-20&linkCode=osi&th=1&psc=1"><img src="https://m.media-amazon.com/images/I/41K+11aLxaL._SL500_.jpg" alt="Product Image"></a><p>CeraVe AM Facial Moisturizing Lotion with SPF 30 | Oil-Free Face Moisturizer with SPF | Formulated with Hyaluronic Acid, Niacinamide & Ceramides | Non-Comedogenic | Broad Spectrum Sunscreen | 3 Ounce</p><p>$14.99 ($5.00 / Fl Oz)</p><a href="https://www.amazon.com/dp/B00F97FHAW?tag=eloabder-20&linkCode=osi&th=1&psc=1">View Product</a></div><div class="product"><a href="https://www.amazon.com/dp/B00NR1YQHM?tag=eloabder-20&linkCode=osi&th=1&psc=1"><img src="https://m.media-amazon.com/images/I/41yzZFTW63L._SL500_.jpg" alt="Product Image"></a><p>Neutrogena Hydro Boost Face Moisturizer with Hyaluronic Acid for Dry Skin, Oil-Free and Non-Comedogenic Water Gel Face Lotion, 1.7 oz</p><p>$13.00 ($7.65 / Ounce)</p><a href="https://www.amazon.com/dp/B00NR1YQHM?tag=eloabder-20&linkCode=osi&th=1&psc=1">View Product</a></div><div class="product"><a href="https://www.amazon.com/dp/B08127SC4G?tag=eloabder-20&linkCode=osi&th=1&psc=1"><img src="https://m.media-amazon.com/images/I/31lAajvgToL._SL500_.jpg" alt="Product Image"></a><p>e.l.f. SKIN Holy Hydration! Face Cream, Moisturizer For Nourishing & Plumping Skin, Infused With Hyaluronic Acid, Vegan & Cruelty-Free, 1.8 Oz</p><p>$13.00 ($7.39 / Ounce)</p><a href="https://www.amazon.com/dp/B08127SC4G?tag=eloabder-20&linkCode=osi&th=1&psc=1">View Product</a></div>

    </div>

    <!-- Bouton flottant -->
    <button class="floating-button" onclick="window.location.href='https://www.iasmarket.us'">HOME</button>
<div class="pagination">
                <a href="https://iasmarket.github.io/Beauty/ ">0</a>
    <a href="https://iasmarket.github.io/Beauty/1">1</a>
  <a href="https://iasmarket.github.io/Beauty/2">2</a>
  <a href="https://iasmarket.github.io/Beauty/3">3</a>
  <a href="https://iasmarket.github.io/Beauty/4">4</a>
        <!-- Ajoutez plus de liens si nécessaire -->
    </div>
    <script>
        function updateTime() {
            const optionsDate = {
                timeZone: 'America/Los_Angeles',
                year: 'numeric',
                month: 'long',
                day: 'numeric',
                weekday: 'long'
            };
            const optionsTime = {
                timeZone: 'America/Los_Angeles',
                hour: '2-digit',
                minute: '2-digit',
                second: '2-digit'
            };

            const now = new Date();
            const formatterDate = new Intl.DateTimeFormat('en-US', optionsDate);
            const formatterTime = new Intl.DateTimeFormat('en-US', optionsTime);

            const formattedDate = formatterDate.format(now);
            const formattedTime = formatterTime.format(now);

            document.getElementById('comment').textContent = "As an AMAZON Associate, I earn from qualifying purchases.";
            document.getElementById('date').textContent = formattedDate;
            document.getElementById('time').textContent = formattedTime;
        }

        updateTime();
        setInterval(updateTime, 1000);
    </script>
</body>

</html>
