    <!DOCTYPE html>
    <html lang="en">
    
    <head>
        <meta charset="UTF-8">
        <meta http-equiv="X-UA-Compatible" content="IE=edge">
        <meta name="viewport" content="width=device-width, initial-scale=1.0">
        <title>IaSmarKet Products</title>
        <style>
            body {
                background-color: black;
                color: white;
                font-family: Arial, sans-serif;
            }
    
            .datetime {
                text-align: center;
                color: gray;
                margin-top: 20px;
            }
    
            .date,
            .time {
                font-size: 48px;
            }
    
            .container {
                display: flex;
                flex-wrap: wrap;
                justify-content: center;
                align-items: flex-start;
                min-height: calc(100vh - 7cm);
                padding: 20px;
            }
    
            .product {
                width: calc(100% / 4 - 40px);
                margin: 10px;
                text-align: center;
                border: 1px solid red;
                border-radius: 10px;
                overflow: hidden;
                padding: 10px;
                display: flex;
                flex-direction: column;
                background-color: black;
                color: white;
                transition: transform 0.3s;
            }
    
            .product:hover {
                transform: scale(1.05);
            }
    
            .product .content {
                height: 200px;
                overflow: hidden;
            }
    
            .product img {
                width: 100%;
                height: 200px;
                object-fit: cover;
            }
    
            .product .description {
                margin-top: 10px;
                flex-grow: 1;
            }
    
            .product .more-link {
                margin-top: 5px;
                cursor: pointer;
                color: blue;
                text-decoration: underline;
            }
    
            .pagination {
                text-align: center;
                margin: 20px 0;
                width: 100%;
            }
    
            .pagination a {
                color: white;
                padding: 8px 16px;
                text-decoration: none;
                background-color: gray;
                margin: 0 4px;
                border-radius: 4px;
            }
    
            .pagination a:hover {
                background-color: #575757;
            }
    
            @media (min-width: 768px) and (max-width: 991px) {
                .product {
                    width: calc(100% / 3 - 40px);
                }
            }
    
            @media (max-width: 767px) {
                .product {
                    width: calc(100% - 40px);
                }
            }
    
            /* Style pour le bouton flottant */
            .floating-button {
                position: fixed;
                bottom: 20px;
                right: 20px;
                background-color: red;
                color: white;
                border: none;
                border-radius: 50%;
                width: 60px;
                height: 60px;
                text-align: center;
                font-size: 18px;
                cursor: pointer;
                z-index: 1000;
                box-shadow: 0 4px 8px rgba(0, 0, 0, 0.2);
            }
    
            /* Style pour la barre de recherche */
            .search-bar {
                width: 100%;
                text-align: center;
                margin: 20px 0;
            }
    
            .search-bar input {
                width: 50%;
                padding: 10px;
                border-radius: 5px;
                border: none;
                font-size: 16px;
            }
    
            @media (max-width: 767px) {
                .search-bar input {
                    width: 80%;
                }
            }
        </style>
    </head>
    
    <body>
        <div class="datetime">
            <div class="date" id="comment"></div>
            <div class="date" id="date"></div>
            <div class="time" id="time"></div>
        </div>
        <!-- Pagination -->
        <div class="pagination">Pages :

         
            </div>
                <!-- Barre de recherche -->
                <div class="search-bar">serche:
                <input type="text" id="searchInput" placeholder=" search and filter by product / name Ex:'Blender' / discount percentage Ex:'30%' ..." onkeyup="filterProducts()">
                </div>

                <div class="container" id="productContainer">
                    <!-- Exemple de produits -->
          
            

<div class="product"><a href="https://www.amazon.com/dp/B074PTZCNW?tag=eloabder-20&linkCode=osi&th=1&psc=1"><img src="https://m.media-amazon.com/images/I/31btEAGukiL._SL500_.jpg" alt="Product Image"></a><p>L'Oreal Paris Makeup True Match Lumi Glotion, Natural Glow Enhancer, Illuminator Highlighter, Bronzing Drops For a Sun-Kissed Glow, 902 Light</p><p> -18% 0FF </p><p>$13.98</p><a href="https://www.amazon.com/dp/B074PTZCNW?tag=eloabder-20&linkCode=osi&th=1&psc=1">View Product</a></div><div class="product"><a href="https://www.amazon.com/dp/B073WMPZZZ?tag=eloabder-20&linkCode=osi&th=1&psc=1"><img src="https://m.media-amazon.com/images/I/51fx3BLpQ0L._SL500_.jpg" alt="Product Image"></a><p>wet n wild MegaGlo Highlighting Powder Warm Gold Golden Flower Crown</p><p> -32% 0FF </p><p>$4.08</p><a href="https://www.amazon.com/dp/B073WMPZZZ?tag=eloabder-20&linkCode=osi&th=1&psc=1">View Product</a></div><div class="product"><a href="https://www.amazon.com/dp/B0BD9HYBKD?tag=eloabder-20&linkCode=osi&th=1&psc=1"><img src="https://m.media-amazon.com/images/I/319tXl8nMUL._SL500_.jpg" alt="Product Image"></a><p>LAURA GELLER NEW YORK Baked Natural Glow Highlighter Radiance Enhancing Makeup, French Vanilla</p><p> -21% 0FF </p><p>$18.99</p><a href="https://www.amazon.com/dp/B0BD9HYBKD?tag=eloabder-20&linkCode=osi&th=1&psc=1">View Product</a></div><div class="product"><a href="https://www.amazon.com/dp/B075K784FK?tag=eloabder-20&linkCode=osi&th=1&psc=1"><img src="https://m.media-amazon.com/images/I/51q6Nf009iL._SL500_.jpg" alt="Product Image"></a><p>Physicians Formula Murumuru Butter Highlighter Makeup Face Powder Make Up, Pearl, Dermatologist Approved</p><p> -19% 0FF </p><p>$9.73</p><a href="https://www.amazon.com/dp/B075K784FK?tag=eloabder-20&linkCode=osi&th=1&psc=1">View Product</a></div><div class="product"><a href="https://www.amazon.com/dp/B082YPL2SV?tag=eloabder-20&linkCode=osi&th=1&psc=1"><img src="https://m.media-amazon.com/images/I/51Y+MCkwArL._SL500_.jpg" alt="Product Image"></a><p>Wet n Wild MegaGlo Blushlighter, Blendable Blush & Highlighter Set, Shimmery Metallic Finish, Highlight Bling</p><p> -21% 0FF </p><p>$5.47</p><a href="https://www.amazon.com/dp/B082YPL2SV?tag=eloabder-20&linkCode=osi&th=1&psc=1">View Product</a></div>

<div class="product"><a href="https://www.amazon.com/dp/B074PTZCNW?tag=eloabder-20&linkCode=osi&th=1&psc=1"><img src="https://m.media-amazon.com/images/I/31btEAGukiL._SL500_.jpg" alt="Product Image"></a><p>L'Oreal Paris Makeup True Match Lumi Glotion, Natural Glow Enhancer, Illuminator Highlighter, Bronzing Drops For a Sun-Kissed Glow, 902 Light</p><p> -18% 0FF </p><p>$13.98</p><a href="https://www.amazon.com/dp/B074PTZCNW?tag=eloabder-20&linkCode=osi&th=1&psc=1">View Product</a></div><div class="product"><a href="https://www.amazon.com/dp/B073WMPZZZ?tag=eloabder-20&linkCode=osi&th=1&psc=1"><img src="https://m.media-amazon.com/images/I/51fx3BLpQ0L._SL500_.jpg" alt="Product Image"></a><p>wet n wild MegaGlo Highlighting Powder Warm Gold Golden Flower Crown</p><p> -32% 0FF </p><p>$4.08</p><a href="https://www.amazon.com/dp/B073WMPZZZ?tag=eloabder-20&linkCode=osi&th=1&psc=1">View Product</a></div><div class="product"><a href="https://www.amazon.com/dp/B0BD9HYBKD?tag=eloabder-20&linkCode=osi&th=1&psc=1"><img src="https://m.media-amazon.com/images/I/319tXl8nMUL._SL500_.jpg" alt="Product Image"></a><p>LAURA GELLER NEW YORK Baked Natural Glow Highlighter Radiance Enhancing Makeup, French Vanilla</p><p> -21% 0FF </p><p>$18.99</p><a href="https://www.amazon.com/dp/B0BD9HYBKD?tag=eloabder-20&linkCode=osi&th=1&psc=1">View Product</a></div><div class="product"><a href="https://www.amazon.com/dp/B075K784FK?tag=eloabder-20&linkCode=osi&th=1&psc=1"><img src="https://m.media-amazon.com/images/I/51q6Nf009iL._SL500_.jpg" alt="Product Image"></a><p>Physicians Formula Murumuru Butter Highlighter Makeup Face Powder Make Up, Pearl, Dermatologist Approved</p><p> -19% 0FF </p><p>$9.73</p><a href="https://www.amazon.com/dp/B075K784FK?tag=eloabder-20&linkCode=osi&th=1&psc=1">View Product</a></div><div class="product"><a href="https://www.amazon.com/dp/B082YPL2SV?tag=eloabder-20&linkCode=osi&th=1&psc=1"><img src="https://m.media-amazon.com/images/I/51Y+MCkwArL._SL500_.jpg" alt="Product Image"></a><p>Wet n Wild MegaGlo Blushlighter, Blendable Blush & Highlighter Set, Shimmery Metallic Finish, Highlight Bling</p><p> -21% 0FF </p><p>$5.47</p><a href="https://www.amazon.com/dp/B082YPL2SV?tag=eloabder-20&linkCode=osi&th=1&psc=1">View Product</a></div>
<div class="product"><a href="https://www.amazon.com/dp/B07MQJRK7N?tag=eloabder-20&linkCode=osi&th=1&psc=1"><img src="https://m.media-amazon.com/images/I/41yzRaUSPiL._SL500_.jpg" alt="Product Image"></a><p>Highly Pigmented Eye Makeup Palette, Matte Shimmer Metallic Eyeshadow Pallet Long Lasting Blendable Natural Colors Make Up Eye Shadows Cosmetics Gift Kit</p><p> -10% 0FF </p><p>$8.99</p><a href="https://www.amazon.com/dp/B07MQJRK7N?tag=eloabder-20&linkCode=osi&th=1&psc=1">View Product</a></div><div class="product"><a href="https://www.amazon.com/dp/B00L5SMFJU?tag=eloabder-20&linkCode=osi&th=1&psc=1"><img src="https://m.media-amazon.com/images/I/41-WaM3A3tL._SL500_.jpg" alt="Product Image"></a><p>Covergirl Eye Enhancers Eye Shadow Palette, Natural Nudes, 0.19 Ounce</p><p> -34% 0FF </p><p>$4.97</p><a href="https://www.amazon.com/dp/B00L5SMFJU?tag=eloabder-20&linkCode=osi&th=1&psc=1">View Product</a></div><div class="product"><a href="https://www.amazon.com/dp/B0CP49R493?tag=eloabder-20&linkCode=osi&th=1&psc=1"><img src="https://m.media-amazon.com/images/I/41mV4uKx5HL._SL500_.jpg" alt="Product Image"></a><p>FLYEEO Neutral Brown Eye Shadow palette- Rose Gold Dark Brown Eyeshadow Palette Colorful 9 Colors, Matte Shimmer Highly Pigmented Nude Eyeshadow Palette Makeup Naturing-Looking Long Lasting</p><p> -19% 0FF </p><p>$3.19</p><a href="https://www.amazon.com/dp/B0CP49R493?tag=eloabder-20&linkCode=osi&th=1&psc=1">View Product</a></div><div class="product"><a href="https://www.amazon.com/dp/B0D7WDNZKW?tag=eloabder-20&linkCode=osi&th=1&psc=1"><img src="https://m.media-amazon.com/images/I/41O57tqpdfL._SL500_.jpg" alt="Product Image"></a><p>LAURA GELLER NEW YORK The Delectables 14 Multi-Finish Baked Eyeshadows - Vacation Vista - Holiday 2024</p><p> -15% 0FF </p><p>$21.25 ($4.43 / Ounce)</p><a href="https://www.amazon.com/dp/B0D7WDNZKW?tag=eloabder-20&linkCode=osi&th=1&psc=1">View Product</a></div>

<div class="product"><a href="https://www.amazon.com/dp/B074PTZCNW?tag=eloabder-20&linkCode=osi&th=1&psc=1"><img src="https://m.media-amazon.com/images/I/31btEAGukiL._SL500_.jpg" alt="Product Image"></a><p>L'Oreal Paris Makeup True Match Lumi Glotion, Natural Glow Enhancer, Illuminator Highlighter, Bronzing Drops For a Sun-Kissed Glow, 902 Light</p><p> -18% 0FF </p><p>$13.98</p><a href="https://www.amazon.com/dp/B074PTZCNW?tag=eloabder-20&linkCode=osi&th=1&psc=1">View Product</a></div><div class="product"><a href="https://www.amazon.com/dp/B073WMPZZZ?tag=eloabder-20&linkCode=osi&th=1&psc=1"><img src="https://m.media-amazon.com/images/I/51fx3BLpQ0L._SL500_.jpg" alt="Product Image"></a><p>wet n wild MegaGlo Highlighting Powder Warm Gold Golden Flower Crown</p><p> -32% 0FF </p><p>$4.08</p><a href="https://www.amazon.com/dp/B073WMPZZZ?tag=eloabder-20&linkCode=osi&th=1&psc=1">View Product</a></div><div class="product"><a href="https://www.amazon.com/dp/B0BD9HYBKD?tag=eloabder-20&linkCode=osi&th=1&psc=1"><img src="https://m.media-amazon.com/images/I/319tXl8nMUL._SL500_.jpg" alt="Product Image"></a><p>LAURA GELLER NEW YORK Baked Natural Glow Highlighter Radiance Enhancing Makeup, French Vanilla</p><p> -21% 0FF </p><p>$18.99</p><a href="https://www.amazon.com/dp/B0BD9HYBKD?tag=eloabder-20&linkCode=osi&th=1&psc=1">View Product</a></div><div class="product"><a href="https://www.amazon.com/dp/B075K784FK?tag=eloabder-20&linkCode=osi&th=1&psc=1"><img src="https://m.media-amazon.com/images/I/51q6Nf009iL._SL500_.jpg" alt="Product Image"></a><p>Physicians Formula Murumuru Butter Highlighter Makeup Face Powder Make Up, Pearl, Dermatologist Approved</p><p> -19% 0FF </p><p>$9.73</p><a href="https://www.amazon.com/dp/B075K784FK?tag=eloabder-20&linkCode=osi&th=1&psc=1">View Product</a></div><div class="product"><a href="https://www.amazon.com/dp/B082YPL2SV?tag=eloabder-20&linkCode=osi&th=1&psc=1"><img src="https://m.media-amazon.com/images/I/51Y+MCkwArL._SL500_.jpg" alt="Product Image"></a><p>Wet n Wild MegaGlo Blushlighter, Blendable Blush & Highlighter Set, Shimmery Metallic Finish, Highlight Bling</p><p> -21% 0FF </p><p>$5.47</p><a href="https://www.amazon.com/dp/B082YPL2SV?tag=eloabder-20&linkCode=osi&th=1&psc=1">View Product</a></div>
<div class="product"><a href="https://www.amazon.com/dp/B07MQJRK7N?tag=eloabder-20&linkCode=osi&th=1&psc=1"><img src="https://m.media-amazon.com/images/I/41yzRaUSPiL._SL500_.jpg" alt="Product Image"></a><p>Highly Pigmented Eye Makeup Palette, Matte Shimmer Metallic Eyeshadow Pallet Long Lasting Blendable Natural Colors Make Up Eye Shadows Cosmetics Gift Kit</p><p> -10% 0FF </p><p>$8.99</p><a href="https://www.amazon.com/dp/B07MQJRK7N?tag=eloabder-20&linkCode=osi&th=1&psc=1">View Product</a></div><div class="product"><a href="https://www.amazon.com/dp/B00L5SMFJU?tag=eloabder-20&linkCode=osi&th=1&psc=1"><img src="https://m.media-amazon.com/images/I/41-WaM3A3tL._SL500_.jpg" alt="Product Image"></a><p>Covergirl Eye Enhancers Eye Shadow Palette, Natural Nudes, 0.19 Ounce</p><p> -34% 0FF </p><p>$4.97</p><a href="https://www.amazon.com/dp/B00L5SMFJU?tag=eloabder-20&linkCode=osi&th=1&psc=1">View Product</a></div><div class="product"><a href="https://www.amazon.com/dp/B0CP49R493?tag=eloabder-20&linkCode=osi&th=1&psc=1"><img src="https://m.media-amazon.com/images/I/41mV4uKx5HL._SL500_.jpg" alt="Product Image"></a><p>FLYEEO Neutral Brown Eye Shadow palette- Rose Gold Dark Brown Eyeshadow Palette Colorful 9 Colors, Matte Shimmer Highly Pigmented Nude Eyeshadow Palette Makeup Naturing-Looking Long Lasting</p><p> -19% 0FF </p><p>$3.19</p><a href="https://www.amazon.com/dp/B0CP49R493?tag=eloabder-20&linkCode=osi&th=1&psc=1">View Product</a></div><div class="product"><a href="https://www.amazon.com/dp/B0D7WDNZKW?tag=eloabder-20&linkCode=osi&th=1&psc=1"><img src="https://m.media-amazon.com/images/I/41O57tqpdfL._SL500_.jpg" alt="Product Image"></a><p>LAURA GELLER NEW YORK The Delectables 14 Multi-Finish Baked Eyeshadows - Vacation Vista - Holiday 2024</p><p> -15% 0FF </p><p>$21.25 ($4.43 / Ounce)</p><a href="https://www.amazon.com/dp/B0D7WDNZKW?tag=eloabder-20&linkCode=osi&th=1&psc=1">View Product</a></div>
<div class="product"><a href="https://www.amazon.com/dp/B01G3O06KA?tag=eloabder-20&linkCode=osi&th=1&psc=1"><img src="https://m.media-amazon.com/images/I/31TG9ojl4KL._SL500_.jpg" alt="Product Image"></a><p>REVLON Lip Liner, Colorstay Lip Makeup with Built-in-Sharpener, Longwear Rich Lip Colors, Smooth Application, 640 Raisin, 0.01 oz</p><p> -18% 0FF </p><p>$8.43</p><a href="https://www.amazon.com/dp/B01G3O06KA?tag=eloabder-20&linkCode=osi&th=1&psc=1">View Product</a></div><div class="product"><a href="https://www.amazon.com/dp/B08CFSS35N?tag=eloabder-20&linkCode=osi&th=1&psc=1"><img src="https://m.media-amazon.com/images/I/212BftJ6SzL._SL500_.jpg" alt="Product Image"></a><p>Rimmel Lasting Finish 8HR Soft Lip Liner Pencil - Vibrant, Blendable Formula to Lock Lipstick in Place for 8 Hours - 705 Cappuccino, .04oz</p><p> -40% 0FF </p><p>$3.59</p><a href="https://www.amazon.com/dp/B08CFSS35N?tag=eloabder-20&linkCode=osi&th=1&psc=1">View Product</a></div><div class="product"><a href="https://www.amazon.com/dp/B07PKW2MKF?tag=eloabder-20&linkCode=osi&th=1&psc=1"><img src="https://m.media-amazon.com/images/I/41Z7GVpsqBL._SL500_.jpg" alt="Product Image"></a><p>wet n wild Perfect Pout Matte Retractable Gel Lip Liner Pencil, Rich Creamy Long Lasting Color, Well-Defined and Flawless Application, Vegan & Cruelty-Free - Purple Lay Down the Mauves</p><p> -23% 0FF </p><p>$3.29</p><a href="https://www.amazon.com/dp/B07PKW2MKF?tag=eloabder-20&linkCode=osi&th=1&psc=1">View Product</a></div><div class="product"><a href="https://www.amazon.com/dp/B013VWRYXE?tag=eloabder-20&linkCode=osi&th=1&psc=1"><img src="https://m.media-amazon.com/images/I/51b+lTirJYL._SL500_.jpg" alt="Product Image"></a><p>12pc Italia Deluxe Ultra Fine Lip Liner set of 12 color</p><p> -34% 0FF </p><p>$9.15</p><a href="https://www.amazon.com/dp/B013VWRYXE?tag=eloabder-20&linkCode=osi&th=1&psc=1">View Product</a></div>

<div class="product"><a href="https://www.amazon.com/dp/B074PTZCNW?tag=eloabder-20&linkCode=osi&th=1&psc=1"><img src="https://m.media-amazon.com/images/I/31btEAGukiL._SL500_.jpg" alt="Product Image"></a><p>L'Oreal Paris Makeup True Match Lumi Glotion, Natural Glow Enhancer, Illuminator Highlighter, Bronzing Drops For a Sun-Kissed Glow, 902 Light</p><p> -18% 0FF </p><p>$13.98</p><a href="https://www.amazon.com/dp/B074PTZCNW?tag=eloabder-20&linkCode=osi&th=1&psc=1">View Product</a></div><div class="product"><a href="https://www.amazon.com/dp/B073WMPZZZ?tag=eloabder-20&linkCode=osi&th=1&psc=1"><img src="https://m.media-amazon.com/images/I/51fx3BLpQ0L._SL500_.jpg" alt="Product Image"></a><p>wet n wild MegaGlo Highlighting Powder Warm Gold Golden Flower Crown</p><p> -32% 0FF </p><p>$4.08</p><a href="https://www.amazon.com/dp/B073WMPZZZ?tag=eloabder-20&linkCode=osi&th=1&psc=1">View Product</a></div><div class="product"><a href="https://www.amazon.com/dp/B0BD9HYBKD?tag=eloabder-20&linkCode=osi&th=1&psc=1"><img src="https://m.media-amazon.com/images/I/319tXl8nMUL._SL500_.jpg" alt="Product Image"></a><p>LAURA GELLER NEW YORK Baked Natural Glow Highlighter Radiance Enhancing Makeup, French Vanilla</p><p> -21% 0FF </p><p>$18.99</p><a href="https://www.amazon.com/dp/B0BD9HYBKD?tag=eloabder-20&linkCode=osi&th=1&psc=1">View Product</a></div><div class="product"><a href="https://www.amazon.com/dp/B075K784FK?tag=eloabder-20&linkCode=osi&th=1&psc=1"><img src="https://m.media-amazon.com/images/I/51q6Nf009iL._SL500_.jpg" alt="Product Image"></a><p>Physicians Formula Murumuru Butter Highlighter Makeup Face Powder Make Up, Pearl, Dermatologist Approved</p><p> -19% 0FF </p><p>$9.73</p><a href="https://www.amazon.com/dp/B075K784FK?tag=eloabder-20&linkCode=osi&th=1&psc=1">View Product</a></div><div class="product"><a href="https://www.amazon.com/dp/B082YPL2SV?tag=eloabder-20&linkCode=osi&th=1&psc=1"><img src="https://m.media-amazon.com/images/I/51Y+MCkwArL._SL500_.jpg" alt="Product Image"></a><p>Wet n Wild MegaGlo Blushlighter, Blendable Blush & Highlighter Set, Shimmery Metallic Finish, Highlight Bling</p><p> -21% 0FF </p><p>$5.47</p><a href="https://www.amazon.com/dp/B082YPL2SV?tag=eloabder-20&linkCode=osi&th=1&psc=1">View Product</a></div>
<div class="product"><a href="https://www.amazon.com/dp/B07MQJRK7N?tag=eloabder-20&linkCode=osi&th=1&psc=1"><img src="https://m.media-amazon.com/images/I/41yzRaUSPiL._SL500_.jpg" alt="Product Image"></a><p>Highly Pigmented Eye Makeup Palette, Matte Shimmer Metallic Eyeshadow Pallet Long Lasting Blendable Natural Colors Make Up Eye Shadows Cosmetics Gift Kit</p><p> -10% 0FF </p><p>$8.99</p><a href="https://www.amazon.com/dp/B07MQJRK7N?tag=eloabder-20&linkCode=osi&th=1&psc=1">View Product</a></div><div class="product"><a href="https://www.amazon.com/dp/B00L5SMFJU?tag=eloabder-20&linkCode=osi&th=1&psc=1"><img src="https://m.media-amazon.com/images/I/41-WaM3A3tL._SL500_.jpg" alt="Product Image"></a><p>Covergirl Eye Enhancers Eye Shadow Palette, Natural Nudes, 0.19 Ounce</p><p> -34% 0FF </p><p>$4.97</p><a href="https://www.amazon.com/dp/B00L5SMFJU?tag=eloabder-20&linkCode=osi&th=1&psc=1">View Product</a></div><div class="product"><a href="https://www.amazon.com/dp/B0CP49R493?tag=eloabder-20&linkCode=osi&th=1&psc=1"><img src="https://m.media-amazon.com/images/I/41mV4uKx5HL._SL500_.jpg" alt="Product Image"></a><p>FLYEEO Neutral Brown Eye Shadow palette- Rose Gold Dark Brown Eyeshadow Palette Colorful 9 Colors, Matte Shimmer Highly Pigmented Nude Eyeshadow Palette Makeup Naturing-Looking Long Lasting</p><p> -19% 0FF </p><p>$3.19</p><a href="https://www.amazon.com/dp/B0CP49R493?tag=eloabder-20&linkCode=osi&th=1&psc=1">View Product</a></div><div class="product"><a href="https://www.amazon.com/dp/B0D7WDNZKW?tag=eloabder-20&linkCode=osi&th=1&psc=1"><img src="https://m.media-amazon.com/images/I/41O57tqpdfL._SL500_.jpg" alt="Product Image"></a><p>LAURA GELLER NEW YORK The Delectables 14 Multi-Finish Baked Eyeshadows - Vacation Vista - Holiday 2024</p><p> -15% 0FF </p><p>$21.25 ($4.43 / Ounce)</p><a href="https://www.amazon.com/dp/B0D7WDNZKW?tag=eloabder-20&linkCode=osi&th=1&psc=1">View Product</a></div>
<div class="product"><a href="https://www.amazon.com/dp/B01G3O06KA?tag=eloabder-20&linkCode=osi&th=1&psc=1"><img src="https://m.media-amazon.com/images/I/31TG9ojl4KL._SL500_.jpg" alt="Product Image"></a><p>REVLON Lip Liner, Colorstay Lip Makeup with Built-in-Sharpener, Longwear Rich Lip Colors, Smooth Application, 640 Raisin, 0.01 oz</p><p> -18% 0FF </p><p>$8.43</p><a href="https://www.amazon.com/dp/B01G3O06KA?tag=eloabder-20&linkCode=osi&th=1&psc=1">View Product</a></div><div class="product"><a href="https://www.amazon.com/dp/B08CFSS35N?tag=eloabder-20&linkCode=osi&th=1&psc=1"><img src="https://m.media-amazon.com/images/I/212BftJ6SzL._SL500_.jpg" alt="Product Image"></a><p>Rimmel Lasting Finish 8HR Soft Lip Liner Pencil - Vibrant, Blendable Formula to Lock Lipstick in Place for 8 Hours - 705 Cappuccino, .04oz</p><p> -40% 0FF </p><p>$3.59</p><a href="https://www.amazon.com/dp/B08CFSS35N?tag=eloabder-20&linkCode=osi&th=1&psc=1">View Product</a></div><div class="product"><a href="https://www.amazon.com/dp/B07PKW2MKF?tag=eloabder-20&linkCode=osi&th=1&psc=1"><img src="https://m.media-amazon.com/images/I/41Z7GVpsqBL._SL500_.jpg" alt="Product Image"></a><p>wet n wild Perfect Pout Matte Retractable Gel Lip Liner Pencil, Rich Creamy Long Lasting Color, Well-Defined and Flawless Application, Vegan & Cruelty-Free - Purple Lay Down the Mauves</p><p> -23% 0FF </p><p>$3.29</p><a href="https://www.amazon.com/dp/B07PKW2MKF?tag=eloabder-20&linkCode=osi&th=1&psc=1">View Product</a></div><div class="product"><a href="https://www.amazon.com/dp/B013VWRYXE?tag=eloabder-20&linkCode=osi&th=1&psc=1"><img src="https://m.media-amazon.com/images/I/51b+lTirJYL._SL500_.jpg" alt="Product Image"></a><p>12pc Italia Deluxe Ultra Fine Lip Liner set of 12 color</p><p> -34% 0FF </p><p>$9.15</p><a href="https://www.amazon.com/dp/B013VWRYXE?tag=eloabder-20&linkCode=osi&th=1&psc=1">View Product</a></div>
<div class="product"><a href="https://www.amazon.com/dp/B00U2VQZDS?tag=eloabder-20&linkCode=osi&th=1&psc=1"><img src="https://m.media-amazon.com/images/I/41n7Cb8jk-L._SL500_.jpg" alt="Product Image"></a><p>Neutrogena Makeup Remover Wipes, Ultra-Soft Cleansing Facial Towelettes for Waterproof Makeup, Alcohol-Free, Plant-Based, Twin Pack, 25 Count (Pack of 2)</p><p> -27% 0FF </p><p>$9.97 ($0.20 / Count)</p><a href="https://www.amazon.com/dp/B00U2VQZDS?tag=eloabder-20&linkCode=osi&th=1&psc=1">View Product</a></div><div class="product"><a href="https://www.amazon.com/dp/B017PCGABI?tag=eloabder-20&linkCode=osi&th=1&psc=1"><img src="https://m.media-amazon.com/images/I/3106WC85aAL._SL500_.jpg" alt="Product Image"></a><p>Garnier Micellar Water, Hydrating Facial Cleanser & Makeup Remover, Suitable for Sensitive Skin, Vegan, Cruelty Free, 13.5 Fl Oz (400mL), 1 Count</p><p> -25% 0FF </p><p>$8.97 ($0.66 / Fl Oz)</p><a href="https://www.amazon.com/dp/B017PCGABI?tag=eloabder-20&linkCode=osi&th=1&psc=1">View Product</a></div><div class="product"><a href="https://www.amazon.com/dp/B017PCGAXQ?tag=eloabder-20&linkCode=osi&th=1&psc=1"><img src="https://m.media-amazon.com/images/I/31-daQlUgGL._SL500_.jpg" alt="Product Image"></a><p>Garnier Micellar Water For Waterproof Makeup, Hydrating Facial Cleanser & Makeup Remover, Suitable for Sensitive Skin, Vegan, Cruelty Free, 13.5 Fl Oz (400mL), 1 Count</p><p> -25% 0FF </p><p>$8.97 ($0.66 / Fl Oz)</p><a href="https://www.amazon.com/dp/B017PCGAXQ?tag=eloabder-20&linkCode=osi&th=1&psc=1">View Product</a></div><div class="product"><a href="https://www.amazon.com/dp/B07T9JV956?tag=eloabder-20&linkCode=osi&th=1&psc=1"><img src="https://m.media-amazon.com/images/I/310x+0QrxsL._SL500_.jpg" alt="Product Image"></a><p>Neutrogena Gentle Oil-Free Eye Makeup Remover & Cleanser for Sensitive Eyes, Non-Greasy Makeup Remover, Removes Waterproof Mascara, Dermatologist & Ophthalmologist Tested, 8.0 fl. oz</p><p> -30% 0FF </p><p>$9.39 ($1.17 / Fl Oz)</p><a href="https://www.amazon.com/dp/B07T9JV956?tag=eloabder-20&linkCode=osi&th=1&psc=1">View Product</a></div><div class="product"><a href="https://www.amazon.com/dp/B0B1PP1XCM?tag=eloabder-20&linkCode=osi&th=1&psc=1"><img src="https://m.media-amazon.com/images/I/31kOCqV2+BL._SL500_.jpg" alt="Product Image"></a><p>CeraVe Cleansing Balm for Sensitive Skin | Hydrating Makeup Remover with Ceramides and Plant-based Jojoba Oil for Face | Non-Comedogenic Fragrance Free Non-Greasy |1.3 Ounces</p><p> -9% 0FF </p><p>$9.97 ($7.67 / Ounce)</p><a href="https://www.amazon.com/dp/B0B1PP1XCM?tag=eloabder-20&linkCode=osi&th=1&psc=1">View Product</a></div>

<div class="product"><a href="https://www.amazon.com/dp/B074PTZCNW?tag=eloabder-20&linkCode=osi&th=1&psc=1"><img src="https://m.media-amazon.com/images/I/31btEAGukiL._SL500_.jpg" alt="Product Image"></a><p>L'Oreal Paris Makeup True Match Lumi Glotion, Natural Glow Enhancer, Illuminator Highlighter, Bronzing Drops For a Sun-Kissed Glow, 902 Light</p><p> -18% 0FF </p><p>$13.98</p><a href="https://www.amazon.com/dp/B074PTZCNW?tag=eloabder-20&linkCode=osi&th=1&psc=1">View Product</a></div><div class="product"><a href="https://www.amazon.com/dp/B073WMPZZZ?tag=eloabder-20&linkCode=osi&th=1&psc=1"><img src="https://m.media-amazon.com/images/I/51fx3BLpQ0L._SL500_.jpg" alt="Product Image"></a><p>wet n wild MegaGlo Highlighting Powder Warm Gold Golden Flower Crown</p><p> -32% 0FF </p><p>$4.08</p><a href="https://www.amazon.com/dp/B073WMPZZZ?tag=eloabder-20&linkCode=osi&th=1&psc=1">View Product</a></div><div class="product"><a href="https://www.amazon.com/dp/B0BD9HYBKD?tag=eloabder-20&linkCode=osi&th=1&psc=1"><img src="https://m.media-amazon.com/images/I/319tXl8nMUL._SL500_.jpg" alt="Product Image"></a><p>LAURA GELLER NEW YORK Baked Natural Glow Highlighter Radiance Enhancing Makeup, French Vanilla</p><p> -21% 0FF </p><p>$18.99</p><a href="https://www.amazon.com/dp/B0BD9HYBKD?tag=eloabder-20&linkCode=osi&th=1&psc=1">View Product</a></div><div class="product"><a href="https://www.amazon.com/dp/B075K784FK?tag=eloabder-20&linkCode=osi&th=1&psc=1"><img src="https://m.media-amazon.com/images/I/51q6Nf009iL._SL500_.jpg" alt="Product Image"></a><p>Physicians Formula Murumuru Butter Highlighter Makeup Face Powder Make Up, Pearl, Dermatologist Approved</p><p> -19% 0FF </p><p>$9.73</p><a href="https://www.amazon.com/dp/B075K784FK?tag=eloabder-20&linkCode=osi&th=1&psc=1">View Product</a></div><div class="product"><a href="https://www.amazon.com/dp/B082YPL2SV?tag=eloabder-20&linkCode=osi&th=1&psc=1"><img src="https://m.media-amazon.com/images/I/51Y+MCkwArL._SL500_.jpg" alt="Product Image"></a><p>Wet n Wild MegaGlo Blushlighter, Blendable Blush & Highlighter Set, Shimmery Metallic Finish, Highlight Bling</p><p> -21% 0FF </p><p>$5.47</p><a href="https://www.amazon.com/dp/B082YPL2SV?tag=eloabder-20&linkCode=osi&th=1&psc=1">View Product</a></div>
<div class="product"><a href="https://www.amazon.com/dp/B07MQJRK7N?tag=eloabder-20&linkCode=osi&th=1&psc=1"><img src="https://m.media-amazon.com/images/I/41yzRaUSPiL._SL500_.jpg" alt="Product Image"></a><p>Highly Pigmented Eye Makeup Palette, Matte Shimmer Metallic Eyeshadow Pallet Long Lasting Blendable Natural Colors Make Up Eye Shadows Cosmetics Gift Kit</p><p> -10% 0FF </p><p>$8.99</p><a href="https://www.amazon.com/dp/B07MQJRK7N?tag=eloabder-20&linkCode=osi&th=1&psc=1">View Product</a></div><div class="product"><a href="https://www.amazon.com/dp/B00L5SMFJU?tag=eloabder-20&linkCode=osi&th=1&psc=1"><img src="https://m.media-amazon.com/images/I/41-WaM3A3tL._SL500_.jpg" alt="Product Image"></a><p>Covergirl Eye Enhancers Eye Shadow Palette, Natural Nudes, 0.19 Ounce</p><p> -34% 0FF </p><p>$4.97</p><a href="https://www.amazon.com/dp/B00L5SMFJU?tag=eloabder-20&linkCode=osi&th=1&psc=1">View Product</a></div><div class="product"><a href="https://www.amazon.com/dp/B0CP49R493?tag=eloabder-20&linkCode=osi&th=1&psc=1"><img src="https://m.media-amazon.com/images/I/41mV4uKx5HL._SL500_.jpg" alt="Product Image"></a><p>FLYEEO Neutral Brown Eye Shadow palette- Rose Gold Dark Brown Eyeshadow Palette Colorful 9 Colors, Matte Shimmer Highly Pigmented Nude Eyeshadow Palette Makeup Naturing-Looking Long Lasting</p><p> -19% 0FF </p><p>$3.19</p><a href="https://www.amazon.com/dp/B0CP49R493?tag=eloabder-20&linkCode=osi&th=1&psc=1">View Product</a></div><div class="product"><a href="https://www.amazon.com/dp/B0D7WDNZKW?tag=eloabder-20&linkCode=osi&th=1&psc=1"><img src="https://m.media-amazon.com/images/I/41O57tqpdfL._SL500_.jpg" alt="Product Image"></a><p>LAURA GELLER NEW YORK The Delectables 14 Multi-Finish Baked Eyeshadows - Vacation Vista - Holiday 2024</p><p> -15% 0FF </p><p>$21.25 ($4.43 / Ounce)</p><a href="https://www.amazon.com/dp/B0D7WDNZKW?tag=eloabder-20&linkCode=osi&th=1&psc=1">View Product</a></div>
<div class="product"><a href="https://www.amazon.com/dp/B01G3O06KA?tag=eloabder-20&linkCode=osi&th=1&psc=1"><img src="https://m.media-amazon.com/images/I/31TG9ojl4KL._SL500_.jpg" alt="Product Image"></a><p>REVLON Lip Liner, Colorstay Lip Makeup with Built-in-Sharpener, Longwear Rich Lip Colors, Smooth Application, 640 Raisin, 0.01 oz</p><p> -18% 0FF </p><p>$8.43</p><a href="https://www.amazon.com/dp/B01G3O06KA?tag=eloabder-20&linkCode=osi&th=1&psc=1">View Product</a></div><div class="product"><a href="https://www.amazon.com/dp/B08CFSS35N?tag=eloabder-20&linkCode=osi&th=1&psc=1"><img src="https://m.media-amazon.com/images/I/212BftJ6SzL._SL500_.jpg" alt="Product Image"></a><p>Rimmel Lasting Finish 8HR Soft Lip Liner Pencil - Vibrant, Blendable Formula to Lock Lipstick in Place for 8 Hours - 705 Cappuccino, .04oz</p><p> -40% 0FF </p><p>$3.59</p><a href="https://www.amazon.com/dp/B08CFSS35N?tag=eloabder-20&linkCode=osi&th=1&psc=1">View Product</a></div><div class="product"><a href="https://www.amazon.com/dp/B07PKW2MKF?tag=eloabder-20&linkCode=osi&th=1&psc=1"><img src="https://m.media-amazon.com/images/I/41Z7GVpsqBL._SL500_.jpg" alt="Product Image"></a><p>wet n wild Perfect Pout Matte Retractable Gel Lip Liner Pencil, Rich Creamy Long Lasting Color, Well-Defined and Flawless Application, Vegan & Cruelty-Free - Purple Lay Down the Mauves</p><p> -23% 0FF </p><p>$3.29</p><a href="https://www.amazon.com/dp/B07PKW2MKF?tag=eloabder-20&linkCode=osi&th=1&psc=1">View Product</a></div><div class="product"><a href="https://www.amazon.com/dp/B013VWRYXE?tag=eloabder-20&linkCode=osi&th=1&psc=1"><img src="https://m.media-amazon.com/images/I/51b+lTirJYL._SL500_.jpg" alt="Product Image"></a><p>12pc Italia Deluxe Ultra Fine Lip Liner set of 12 color</p><p> -34% 0FF </p><p>$9.15</p><a href="https://www.amazon.com/dp/B013VWRYXE?tag=eloabder-20&linkCode=osi&th=1&psc=1">View Product</a></div>
<div class="product"><a href="https://www.amazon.com/dp/B00U2VQZDS?tag=eloabder-20&linkCode=osi&th=1&psc=1"><img src="https://m.media-amazon.com/images/I/41n7Cb8jk-L._SL500_.jpg" alt="Product Image"></a><p>Neutrogena Makeup Remover Wipes, Ultra-Soft Cleansing Facial Towelettes for Waterproof Makeup, Alcohol-Free, Plant-Based, Twin Pack, 25 Count (Pack of 2)</p><p> -27% 0FF </p><p>$9.97 ($0.20 / Count)</p><a href="https://www.amazon.com/dp/B00U2VQZDS?tag=eloabder-20&linkCode=osi&th=1&psc=1">View Product</a></div><div class="product"><a href="https://www.amazon.com/dp/B017PCGABI?tag=eloabder-20&linkCode=osi&th=1&psc=1"><img src="https://m.media-amazon.com/images/I/3106WC85aAL._SL500_.jpg" alt="Product Image"></a><p>Garnier Micellar Water, Hydrating Facial Cleanser & Makeup Remover, Suitable for Sensitive Skin, Vegan, Cruelty Free, 13.5 Fl Oz (400mL), 1 Count</p><p> -25% 0FF </p><p>$8.97 ($0.66 / Fl Oz)</p><a href="https://www.amazon.com/dp/B017PCGABI?tag=eloabder-20&linkCode=osi&th=1&psc=1">View Product</a></div><div class="product"><a href="https://www.amazon.com/dp/B017PCGAXQ?tag=eloabder-20&linkCode=osi&th=1&psc=1"><img src="https://m.media-amazon.com/images/I/31-daQlUgGL._SL500_.jpg" alt="Product Image"></a><p>Garnier Micellar Water For Waterproof Makeup, Hydrating Facial Cleanser & Makeup Remover, Suitable for Sensitive Skin, Vegan, Cruelty Free, 13.5 Fl Oz (400mL), 1 Count</p><p> -25% 0FF </p><p>$8.97 ($0.66 / Fl Oz)</p><a href="https://www.amazon.com/dp/B017PCGAXQ?tag=eloabder-20&linkCode=osi&th=1&psc=1">View Product</a></div><div class="product"><a href="https://www.amazon.com/dp/B07T9JV956?tag=eloabder-20&linkCode=osi&th=1&psc=1"><img src="https://m.media-amazon.com/images/I/310x+0QrxsL._SL500_.jpg" alt="Product Image"></a><p>Neutrogena Gentle Oil-Free Eye Makeup Remover & Cleanser for Sensitive Eyes, Non-Greasy Makeup Remover, Removes Waterproof Mascara, Dermatologist & Ophthalmologist Tested, 8.0 fl. oz</p><p> -30% 0FF </p><p>$9.39 ($1.17 / Fl Oz)</p><a href="https://www.amazon.com/dp/B07T9JV956?tag=eloabder-20&linkCode=osi&th=1&psc=1">View Product</a></div><div class="product"><a href="https://www.amazon.com/dp/B0B1PP1XCM?tag=eloabder-20&linkCode=osi&th=1&psc=1"><img src="https://m.media-amazon.com/images/I/31kOCqV2+BL._SL500_.jpg" alt="Product Image"></a><p>CeraVe Cleansing Balm for Sensitive Skin | Hydrating Makeup Remover with Ceramides and Plant-based Jojoba Oil for Face | Non-Comedogenic Fragrance Free Non-Greasy |1.3 Ounces</p><p> -9% 0FF </p><p>$9.97 ($7.67 / Ounce)</p><a href="https://www.amazon.com/dp/B0B1PP1XCM?tag=eloabder-20&linkCode=osi&th=1&psc=1">View Product</a></div>
<div class="product"><a href="https://www.amazon.com/dp/B0CLLV2T1P?tag=eloabder-20&linkCode=osi&th=1&psc=1"><img src="https://m.media-amazon.com/images/I/311dfglPY7L._SL500_.jpg" alt="Product Image"></a><p>Anua 10% Niacinamide+ 4% Tranexamic Acid Serum, Ceramide, Hyaluronic Acid, Vitamin B12 natural color, for Sensitive skin, Korean Glass Skin, Fragrance-Free (30ml /1.01 fl.oz.)</p><p> -21% 0FF </p><p>$19.00 ($18.81 / Fl Oz)</p><a href="https://www.amazon.com/dp/B0CLLV2T1P?tag=eloabder-20&linkCode=osi&th=1&psc=1">View Product</a></div><div class="product"><a href="https://www.amazon.com/dp/B0BFQ9RD5B?tag=eloabder-20&linkCode=osi&th=1&psc=1"><img src="https://m.media-amazon.com/images/I/31QGtpkcufL._SL500_.jpg" alt="Product Image"></a><p>d'alba Piedmont Italian White Truffle First Spray Serum, Vegan Skin Care, Light-weight Face Moisturizer, Glow Serum for Radiant Skin, Non Comedogenic, All In One Mist, Korean Skin Care (3.38 fl oz.)</p><p> -31% 0FF </p><p>$24.00 ($7.10 / Fl Oz)</p><a href="https://www.amazon.com/dp/B0BFQ9RD5B?tag=eloabder-20&linkCode=osi&th=1&psc=1">View Product</a></div><div class="product"><a href="https://www.amazon.com/dp/B01M4MCUAF?tag=eloabder-20&linkCode=osi&th=1&psc=1"><img src="https://m.media-amazon.com/images/I/41SAAuVFBVL._SL500_.jpg" alt="Product Image"></a><p>TruSkin Vitamin C Serum – Anti Aging Facial Serum with Vitamin C, Hyaluronic Acid, Vitamin E & More – Brightening Serum for Dark Spots, Even Skin Tone, Eye Area, Fine Lines & Wrinkles, 1 Fl Oz</p><p> -27% 0FF </p><p>$21.97</p><a href="https://www.amazon.com/dp/B01M4MCUAF?tag=eloabder-20&linkCode=osi&th=1&psc=1">View Product</a></div>

<div class="product"><a href="https://www.amazon.com/dp/B074PTZCNW?tag=eloabder-20&linkCode=osi&th=1&psc=1"><img src="https://m.media-amazon.com/images/I/31btEAGukiL._SL500_.jpg" alt="Product Image"></a><p>L'Oreal Paris Makeup True Match Lumi Glotion, Natural Glow Enhancer, Illuminator Highlighter, Bronzing Drops For a Sun-Kissed Glow, 902 Light</p><p> -18% 0FF </p><p>$13.98</p><a href="https://www.amazon.com/dp/B074PTZCNW?tag=eloabder-20&linkCode=osi&th=1&psc=1">View Product</a></div><div class="product"><a href="https://www.amazon.com/dp/B073WMPZZZ?tag=eloabder-20&linkCode=osi&th=1&psc=1"><img src="https://m.media-amazon.com/images/I/51fx3BLpQ0L._SL500_.jpg" alt="Product Image"></a><p>wet n wild MegaGlo Highlighting Powder Warm Gold Golden Flower Crown</p><p> -32% 0FF </p><p>$4.08</p><a href="https://www.amazon.com/dp/B073WMPZZZ?tag=eloabder-20&linkCode=osi&th=1&psc=1">View Product</a></div><div class="product"><a href="https://www.amazon.com/dp/B0BD9HYBKD?tag=eloabder-20&linkCode=osi&th=1&psc=1"><img src="https://m.media-amazon.com/images/I/319tXl8nMUL._SL500_.jpg" alt="Product Image"></a><p>LAURA GELLER NEW YORK Baked Natural Glow Highlighter Radiance Enhancing Makeup, French Vanilla</p><p> -21% 0FF </p><p>$18.99</p><a href="https://www.amazon.com/dp/B0BD9HYBKD?tag=eloabder-20&linkCode=osi&th=1&psc=1">View Product</a></div><div class="product"><a href="https://www.amazon.com/dp/B075K784FK?tag=eloabder-20&linkCode=osi&th=1&psc=1"><img src="https://m.media-amazon.com/images/I/51q6Nf009iL._SL500_.jpg" alt="Product Image"></a><p>Physicians Formula Murumuru Butter Highlighter Makeup Face Powder Make Up, Pearl, Dermatologist Approved</p><p> -19% 0FF </p><p>$9.73</p><a href="https://www.amazon.com/dp/B075K784FK?tag=eloabder-20&linkCode=osi&th=1&psc=1">View Product</a></div><div class="product"><a href="https://www.amazon.com/dp/B082YPL2SV?tag=eloabder-20&linkCode=osi&th=1&psc=1"><img src="https://m.media-amazon.com/images/I/51Y+MCkwArL._SL500_.jpg" alt="Product Image"></a><p>Wet n Wild MegaGlo Blushlighter, Blendable Blush & Highlighter Set, Shimmery Metallic Finish, Highlight Bling</p><p> -21% 0FF </p><p>$5.47</p><a href="https://www.amazon.com/dp/B082YPL2SV?tag=eloabder-20&linkCode=osi&th=1&psc=1">View Product</a></div>
<div class="product"><a href="https://www.amazon.com/dp/B07MQJRK7N?tag=eloabder-20&linkCode=osi&th=1&psc=1"><img src="https://m.media-amazon.com/images/I/41yzRaUSPiL._SL500_.jpg" alt="Product Image"></a><p>Highly Pigmented Eye Makeup Palette, Matte Shimmer Metallic Eyeshadow Pallet Long Lasting Blendable Natural Colors Make Up Eye Shadows Cosmetics Gift Kit</p><p> -10% 0FF </p><p>$8.99</p><a href="https://www.amazon.com/dp/B07MQJRK7N?tag=eloabder-20&linkCode=osi&th=1&psc=1">View Product</a></div><div class="product"><a href="https://www.amazon.com/dp/B00L5SMFJU?tag=eloabder-20&linkCode=osi&th=1&psc=1"><img src="https://m.media-amazon.com/images/I/41-WaM3A3tL._SL500_.jpg" alt="Product Image"></a><p>Covergirl Eye Enhancers Eye Shadow Palette, Natural Nudes, 0.19 Ounce</p><p> -34% 0FF </p><p>$4.97</p><a href="https://www.amazon.com/dp/B00L5SMFJU?tag=eloabder-20&linkCode=osi&th=1&psc=1">View Product</a></div><div class="product"><a href="https://www.amazon.com/dp/B0CP49R493?tag=eloabder-20&linkCode=osi&th=1&psc=1"><img src="https://m.media-amazon.com/images/I/41mV4uKx5HL._SL500_.jpg" alt="Product Image"></a><p>FLYEEO Neutral Brown Eye Shadow palette- Rose Gold Dark Brown Eyeshadow Palette Colorful 9 Colors, Matte Shimmer Highly Pigmented Nude Eyeshadow Palette Makeup Naturing-Looking Long Lasting</p><p> -19% 0FF </p><p>$3.19</p><a href="https://www.amazon.com/dp/B0CP49R493?tag=eloabder-20&linkCode=osi&th=1&psc=1">View Product</a></div><div class="product"><a href="https://www.amazon.com/dp/B0D7WDNZKW?tag=eloabder-20&linkCode=osi&th=1&psc=1"><img src="https://m.media-amazon.com/images/I/41O57tqpdfL._SL500_.jpg" alt="Product Image"></a><p>LAURA GELLER NEW YORK The Delectables 14 Multi-Finish Baked Eyeshadows - Vacation Vista - Holiday 2024</p><p> -15% 0FF </p><p>$21.25 ($4.43 / Ounce)</p><a href="https://www.amazon.com/dp/B0D7WDNZKW?tag=eloabder-20&linkCode=osi&th=1&psc=1">View Product</a></div>
<div class="product"><a href="https://www.amazon.com/dp/B01G3O06KA?tag=eloabder-20&linkCode=osi&th=1&psc=1"><img src="https://m.media-amazon.com/images/I/31TG9ojl4KL._SL500_.jpg" alt="Product Image"></a><p>REVLON Lip Liner, Colorstay Lip Makeup with Built-in-Sharpener, Longwear Rich Lip Colors, Smooth Application, 640 Raisin, 0.01 oz</p><p> -18% 0FF </p><p>$8.43</p><a href="https://www.amazon.com/dp/B01G3O06KA?tag=eloabder-20&linkCode=osi&th=1&psc=1">View Product</a></div><div class="product"><a href="https://www.amazon.com/dp/B08CFSS35N?tag=eloabder-20&linkCode=osi&th=1&psc=1"><img src="https://m.media-amazon.com/images/I/212BftJ6SzL._SL500_.jpg" alt="Product Image"></a><p>Rimmel Lasting Finish 8HR Soft Lip Liner Pencil - Vibrant, Blendable Formula to Lock Lipstick in Place for 8 Hours - 705 Cappuccino, .04oz</p><p> -40% 0FF </p><p>$3.59</p><a href="https://www.amazon.com/dp/B08CFSS35N?tag=eloabder-20&linkCode=osi&th=1&psc=1">View Product</a></div><div class="product"><a href="https://www.amazon.com/dp/B07PKW2MKF?tag=eloabder-20&linkCode=osi&th=1&psc=1"><img src="https://m.media-amazon.com/images/I/41Z7GVpsqBL._SL500_.jpg" alt="Product Image"></a><p>wet n wild Perfect Pout Matte Retractable Gel Lip Liner Pencil, Rich Creamy Long Lasting Color, Well-Defined and Flawless Application, Vegan & Cruelty-Free - Purple Lay Down the Mauves</p><p> -23% 0FF </p><p>$3.29</p><a href="https://www.amazon.com/dp/B07PKW2MKF?tag=eloabder-20&linkCode=osi&th=1&psc=1">View Product</a></div><div class="product"><a href="https://www.amazon.com/dp/B013VWRYXE?tag=eloabder-20&linkCode=osi&th=1&psc=1"><img src="https://m.media-amazon.com/images/I/51b+lTirJYL._SL500_.jpg" alt="Product Image"></a><p>12pc Italia Deluxe Ultra Fine Lip Liner set of 12 color</p><p> -34% 0FF </p><p>$9.15</p><a href="https://www.amazon.com/dp/B013VWRYXE?tag=eloabder-20&linkCode=osi&th=1&psc=1">View Product</a></div>
<div class="product"><a href="https://www.amazon.com/dp/B00U2VQZDS?tag=eloabder-20&linkCode=osi&th=1&psc=1"><img src="https://m.media-amazon.com/images/I/41n7Cb8jk-L._SL500_.jpg" alt="Product Image"></a><p>Neutrogena Makeup Remover Wipes, Ultra-Soft Cleansing Facial Towelettes for Waterproof Makeup, Alcohol-Free, Plant-Based, Twin Pack, 25 Count (Pack of 2)</p><p> -27% 0FF </p><p>$9.97 ($0.20 / Count)</p><a href="https://www.amazon.com/dp/B00U2VQZDS?tag=eloabder-20&linkCode=osi&th=1&psc=1">View Product</a></div><div class="product"><a href="https://www.amazon.com/dp/B017PCGABI?tag=eloabder-20&linkCode=osi&th=1&psc=1"><img src="https://m.media-amazon.com/images/I/3106WC85aAL._SL500_.jpg" alt="Product Image"></a><p>Garnier Micellar Water, Hydrating Facial Cleanser & Makeup Remover, Suitable for Sensitive Skin, Vegan, Cruelty Free, 13.5 Fl Oz (400mL), 1 Count</p><p> -25% 0FF </p><p>$8.97 ($0.66 / Fl Oz)</p><a href="https://www.amazon.com/dp/B017PCGABI?tag=eloabder-20&linkCode=osi&th=1&psc=1">View Product</a></div><div class="product"><a href="https://www.amazon.com/dp/B017PCGAXQ?tag=eloabder-20&linkCode=osi&th=1&psc=1"><img src="https://m.media-amazon.com/images/I/31-daQlUgGL._SL500_.jpg" alt="Product Image"></a><p>Garnier Micellar Water For Waterproof Makeup, Hydrating Facial Cleanser & Makeup Remover, Suitable for Sensitive Skin, Vegan, Cruelty Free, 13.5 Fl Oz (400mL), 1 Count</p><p> -25% 0FF </p><p>$8.97 ($0.66 / Fl Oz)</p><a href="https://www.amazon.com/dp/B017PCGAXQ?tag=eloabder-20&linkCode=osi&th=1&psc=1">View Product</a></div><div class="product"><a href="https://www.amazon.com/dp/B07T9JV956?tag=eloabder-20&linkCode=osi&th=1&psc=1"><img src="https://m.media-amazon.com/images/I/310x+0QrxsL._SL500_.jpg" alt="Product Image"></a><p>Neutrogena Gentle Oil-Free Eye Makeup Remover & Cleanser for Sensitive Eyes, Non-Greasy Makeup Remover, Removes Waterproof Mascara, Dermatologist & Ophthalmologist Tested, 8.0 fl. oz</p><p> -30% 0FF </p><p>$9.39 ($1.17 / Fl Oz)</p><a href="https://www.amazon.com/dp/B07T9JV956?tag=eloabder-20&linkCode=osi&th=1&psc=1">View Product</a></div><div class="product"><a href="https://www.amazon.com/dp/B0B1PP1XCM?tag=eloabder-20&linkCode=osi&th=1&psc=1"><img src="https://m.media-amazon.com/images/I/31kOCqV2+BL._SL500_.jpg" alt="Product Image"></a><p>CeraVe Cleansing Balm for Sensitive Skin | Hydrating Makeup Remover with Ceramides and Plant-based Jojoba Oil for Face | Non-Comedogenic Fragrance Free Non-Greasy |1.3 Ounces</p><p> -9% 0FF </p><p>$9.97 ($7.67 / Ounce)</p><a href="https://www.amazon.com/dp/B0B1PP1XCM?tag=eloabder-20&linkCode=osi&th=1&psc=1">View Product</a></div>
<div class="product"><a href="https://www.amazon.com/dp/B0CLLV2T1P?tag=eloabder-20&linkCode=osi&th=1&psc=1"><img src="https://m.media-amazon.com/images/I/311dfglPY7L._SL500_.jpg" alt="Product Image"></a><p>Anua 10% Niacinamide+ 4% Tranexamic Acid Serum, Ceramide, Hyaluronic Acid, Vitamin B12 natural color, for Sensitive skin, Korean Glass Skin, Fragrance-Free (30ml /1.01 fl.oz.)</p><p> -21% 0FF </p><p>$19.00 ($18.81 / Fl Oz)</p><a href="https://www.amazon.com/dp/B0CLLV2T1P?tag=eloabder-20&linkCode=osi&th=1&psc=1">View Product</a></div><div class="product"><a href="https://www.amazon.com/dp/B0BFQ9RD5B?tag=eloabder-20&linkCode=osi&th=1&psc=1"><img src="https://m.media-amazon.com/images/I/31QGtpkcufL._SL500_.jpg" alt="Product Image"></a><p>d'alba Piedmont Italian White Truffle First Spray Serum, Vegan Skin Care, Light-weight Face Moisturizer, Glow Serum for Radiant Skin, Non Comedogenic, All In One Mist, Korean Skin Care (3.38 fl oz.)</p><p> -31% 0FF </p><p>$24.00 ($7.10 / Fl Oz)</p><a href="https://www.amazon.com/dp/B0BFQ9RD5B?tag=eloabder-20&linkCode=osi&th=1&psc=1">View Product</a></div><div class="product"><a href="https://www.amazon.com/dp/B01M4MCUAF?tag=eloabder-20&linkCode=osi&th=1&psc=1"><img src="https://m.media-amazon.com/images/I/41SAAuVFBVL._SL500_.jpg" alt="Product Image"></a><p>TruSkin Vitamin C Serum – Anti Aging Facial Serum with Vitamin C, Hyaluronic Acid, Vitamin E & More – Brightening Serum for Dark Spots, Even Skin Tone, Eye Area, Fine Lines & Wrinkles, 1 Fl Oz</p><p> -27% 0FF </p><p>$21.97</p><a href="https://www.amazon.com/dp/B01M4MCUAF?tag=eloabder-20&linkCode=osi&th=1&psc=1">View Product</a></div>
<div class="product"><a href="https://www.amazon.com/dp/B01MQXX9US?tag=eloabder-20&linkCode=osi&th=1&psc=1"><img src="https://m.media-amazon.com/images/I/41Zi7BP15NL._SL500_.jpg" alt="Product Image"></a><p>Banana Boat Sport Ultra SPF 50 Sunscreen Spray Twin Pack | Banana Boat Sunscreen Spray SPF 50, Spray On Sunscreen, Water Resistant Sunscreen, Oxybenzone Free Sunscreen Pack, 6oz each</p><p> -26% 0FF </p><p>$13.97 ($1.16 / Ounce)</p><a href="https://www.amazon.com/dp/B01MQXX9US?tag=eloabder-20&linkCode=osi&th=1&psc=1">View Product</a></div><div class="product"><a href="https://www.amazon.com/dp/B005IHT94S?tag=eloabder-20&linkCode=osi&th=1&psc=1"><img src="https://m.media-amazon.com/images/I/31YAXVCRMAL._SL500_.jpg" alt="Product Image"></a><p>Neutrogena Ultra Sheer Dry-Touch Water Resistant and Non-Greasy Sunscreen Lotion with Broad Spectrum SPF 70, 3 Fl Oz (Pack of 1)</p><p> -27% 0FF </p><p>$9.68 ($3.23 / Fl Oz)</p><a href="https://www.amazon.com/dp/B005IHT94S?tag=eloabder-20&linkCode=osi&th=1&psc=1">View Product</a></div><div class="product"><a href="https://www.amazon.com/dp/B004D2DR0Q?tag=eloabder-20&linkCode=osi&th=1&psc=1"><img src="https://m.media-amazon.com/images/I/41QwzCWNnFL._SL500_.jpg" alt="Product Image"></a><p>Neutrogena Ultra Sheer Dry-Touch Water Resistant and Non-Greasy Sunscreen Lotion with Broad Spectrum SPF 45, TSA-Compliant travel Size, 3 Fl Oz, Pack of 2, 6 Fl Oz</p><p> -38% 0FF </p><p>$13.99 ($2.33 / Fl Oz)</p><a href="https://www.amazon.com/dp/B004D2DR0Q?tag=eloabder-20&linkCode=osi&th=1&psc=1">View Product</a></div><div class="product"><a href="https://www.amazon.com/dp/B09Q3Q5QZT?tag=eloabder-20&linkCode=osi&th=1&psc=1"><img src="https://m.media-amazon.com/images/I/41RAvBOdbyL._SL500_.jpg" alt="Product Image"></a><p>Coppertone SPORT Sunscreen SPF 50 Lotion, Water Resistant , Broad Spectrum Bulk Sunscreen Pack, 7 Fl Oz Bottle, Pack of 2</p><p> -9% 0FF </p><p>$16.75 ($1.20 / Fl Oz)</p><a href="https://www.amazon.com/dp/B09Q3Q5QZT?tag=eloabder-20&linkCode=osi&th=1&psc=1">View Product</a></div><div class="product"><a href="https://www.amazon.com/dp/B00AEN4QZ8?tag=eloabder-20&linkCode=osi&th=1&psc=1"><img src="https://m.media-amazon.com/images/I/31QMrCJPoeL._SL500_.jpg" alt="Product Image"></a><p>Neutrogena Beach Defense Face and Body Sunscreen Lotion with Broad Spectrum SPF 70, Offers UVA/UVB Protection, Water Resistant and Oil Free Sun Protection, Oxybenzone Free and Fast Drying, 6.5 OZ</p><p> -31% 0FF </p><p>$9.04 ($1.35 / Fl Oz)</p><a href="https://www.amazon.com/dp/B00AEN4QZ8?tag=eloabder-20&linkCode=osi&th=1&psc=1">View Product</a></div><div class="product"><a href="https://www.amazon.com/dp/B004CDV7EY?tag=eloabder-20&linkCode=osi&th=1&psc=1"><img src="https://m.media-amazon.com/images/I/41tTwTi8GdL._SL500_.jpg" alt="Product Image"></a><p>Banana Boat Sport Ultra SPF 50 Sunscreen Lotion, 12oz | Banana Boat Sunscreen SPF 50 Lotion, Oxybenzone Free Sunscreen, Sunblock Lotion Sunscreen, Family Size Sunscreen, 12oz</p><p> -16% 0FF </p><p>$10.97 ($0.91 / Fl Oz)</p><a href="https://www.amazon.com/dp/B004CDV7EY?tag=eloabder-20&linkCode=osi&th=1&psc=1">View Product</a></div><div class="product"><a href="https://www.amazon.com/dp/B001P92FMG?tag=eloabder-20&linkCode=osi&th=1&psc=1"><img src="https://m.media-amazon.com/images/I/41G20SiwQqL._SL500_.jpg" alt="Product Image"></a><p>Neutrogena Sport Face Sunscreen, Broad Spectrum Sunblock SPF 70+, Water Resistant Sunscreen For Face, Sweat Resistant Oil Free Sunscreen Lotion, 2.5 FL OZ</p><p> -35% 0FF </p><p>$9.59 ($3.84 / Fl Oz)</p><a href="https://www.amazon.com/dp/B001P92FMG?tag=eloabder-20&linkCode=osi&th=1&psc=1">View Product</a></div><div class="product"><a href="https://www.amazon.com/dp/B076GZX3KL?tag=eloabder-20&linkCode=osi&th=1&psc=1"><img src="https://m.media-amazon.com/images/I/41BQoEZMuTL._SL500_.jpg" alt="Product Image"></a><p>Neutrogena Sunscreen Spray, Ultra Sheer Body Mist, Broad Spectrum SPF 70, Non-Greasy Water Resistant Body Sunscreen Mist, Non-Comedogenic, 5 oz (Pack of 3)</p><p> -38% 0FF </p><p>$24.58 ($1.64 / Ounce)</p><a href="https://www.amazon.com/dp/B076GZX3KL?tag=eloabder-20&linkCode=osi&th=1&psc=1">View Product</a></div><div class="product"><a href="https://www.amazon.com/dp/B078BC1NJ6?tag=eloabder-20&linkCode=osi&th=1&psc=1"><img src="https://m.media-amazon.com/images/I/51V4LMN2zEL._SL500_.jpg" alt="Product Image"></a><p>Coppertone Sport Sunscreen Spray SPF 50, Water Resistant Spray Sunscreen, Broad Spectrum SPF 50 Sunscreen, Bulk Sunscreen Pack, 5.5 Oz Bottle, Pack of 3</p><p> -25% 0FF </p><p>$20.63 ($1.25 / Ounce)</p><a href="https://www.amazon.com/dp/B078BC1NJ6?tag=eloabder-20&linkCode=osi&th=1&psc=1">View Product</a></div><div class="product"><a href="https://www.amazon.com/dp/B004YAUZFW?tag=eloabder-20&linkCode=osi&th=1&psc=1"><img src="https://m.media-amazon.com/images/I/31sVRHFdVEL._SL500_.jpg" alt="Product Image"></a><p>Sun Bum Original SPF 70 Sunscreen Lotion | Vegan and Hawaii 104 Act Compliant (Octinoxate & Oxybenzone Free) Broad Spectrum Moisturizing UVA/UVB Sunscreen with Vitamin E | 8 oz</p><p> -19% 0FF </p><p>$15.06 ($1.88 / Fl Oz)</p><a href="https://www.amazon.com/dp/B004YAUZFW?tag=eloabder-20&linkCode=osi&th=1&psc=1">View Product</a></div>

<div class="product"><a href="https://www.amazon.com/dp/B074PTZCNW?tag=eloabder-20&linkCode=osi&th=1&psc=1"><img src="https://m.media-amazon.com/images/I/31btEAGukiL._SL500_.jpg" alt="Product Image"></a><p>L'Oreal Paris Makeup True Match Lumi Glotion, Natural Glow Enhancer, Illuminator Highlighter, Bronzing Drops For a Sun-Kissed Glow, 902 Light</p><p> -18% 0FF </p><p>$13.98</p><a href="https://www.amazon.com/dp/B074PTZCNW?tag=eloabder-20&linkCode=osi&th=1&psc=1">View Product</a></div><div class="product"><a href="https://www.amazon.com/dp/B073WMPZZZ?tag=eloabder-20&linkCode=osi&th=1&psc=1"><img src="https://m.media-amazon.com/images/I/51fx3BLpQ0L._SL500_.jpg" alt="Product Image"></a><p>wet n wild MegaGlo Highlighting Powder Warm Gold Golden Flower Crown</p><p> -32% 0FF </p><p>$4.08</p><a href="https://www.amazon.com/dp/B073WMPZZZ?tag=eloabder-20&linkCode=osi&th=1&psc=1">View Product</a></div><div class="product"><a href="https://www.amazon.com/dp/B0BD9HYBKD?tag=eloabder-20&linkCode=osi&th=1&psc=1"><img src="https://m.media-amazon.com/images/I/319tXl8nMUL._SL500_.jpg" alt="Product Image"></a><p>LAURA GELLER NEW YORK Baked Natural Glow Highlighter Radiance Enhancing Makeup, French Vanilla</p><p> -21% 0FF </p><p>$18.99</p><a href="https://www.amazon.com/dp/B0BD9HYBKD?tag=eloabder-20&linkCode=osi&th=1&psc=1">View Product</a></div><div class="product"><a href="https://www.amazon.com/dp/B075K784FK?tag=eloabder-20&linkCode=osi&th=1&psc=1"><img src="https://m.media-amazon.com/images/I/51q6Nf009iL._SL500_.jpg" alt="Product Image"></a><p>Physicians Formula Murumuru Butter Highlighter Makeup Face Powder Make Up, Pearl, Dermatologist Approved</p><p> -19% 0FF </p><p>$9.73</p><a href="https://www.amazon.com/dp/B075K784FK?tag=eloabder-20&linkCode=osi&th=1&psc=1">View Product</a></div><div class="product"><a href="https://www.amazon.com/dp/B082YPL2SV?tag=eloabder-20&linkCode=osi&th=1&psc=1"><img src="https://m.media-amazon.com/images/I/51Y+MCkwArL._SL500_.jpg" alt="Product Image"></a><p>Wet n Wild MegaGlo Blushlighter, Blendable Blush & Highlighter Set, Shimmery Metallic Finish, Highlight Bling</p><p> -21% 0FF </p><p>$5.47</p><a href="https://www.amazon.com/dp/B082YPL2SV?tag=eloabder-20&linkCode=osi&th=1&psc=1">View Product</a></div>
<div class="product"><a href="https://www.amazon.com/dp/B07MQJRK7N?tag=eloabder-20&linkCode=osi&th=1&psc=1"><img src="https://m.media-amazon.com/images/I/41yzRaUSPiL._SL500_.jpg" alt="Product Image"></a><p>Highly Pigmented Eye Makeup Palette, Matte Shimmer Metallic Eyeshadow Pallet Long Lasting Blendable Natural Colors Make Up Eye Shadows Cosmetics Gift Kit</p><p> -10% 0FF </p><p>$8.99</p><a href="https://www.amazon.com/dp/B07MQJRK7N?tag=eloabder-20&linkCode=osi&th=1&psc=1">View Product</a></div><div class="product"><a href="https://www.amazon.com/dp/B00L5SMFJU?tag=eloabder-20&linkCode=osi&th=1&psc=1"><img src="https://m.media-amazon.com/images/I/41-WaM3A3tL._SL500_.jpg" alt="Product Image"></a><p>Covergirl Eye Enhancers Eye Shadow Palette, Natural Nudes, 0.19 Ounce</p><p> -34% 0FF </p><p>$4.97</p><a href="https://www.amazon.com/dp/B00L5SMFJU?tag=eloabder-20&linkCode=osi&th=1&psc=1">View Product</a></div><div class="product"><a href="https://www.amazon.com/dp/B0CP49R493?tag=eloabder-20&linkCode=osi&th=1&psc=1"><img src="https://m.media-amazon.com/images/I/41mV4uKx5HL._SL500_.jpg" alt="Product Image"></a><p>FLYEEO Neutral Brown Eye Shadow palette- Rose Gold Dark Brown Eyeshadow Palette Colorful 9 Colors, Matte Shimmer Highly Pigmented Nude Eyeshadow Palette Makeup Naturing-Looking Long Lasting</p><p> -19% 0FF </p><p>$3.19</p><a href="https://www.amazon.com/dp/B0CP49R493?tag=eloabder-20&linkCode=osi&th=1&psc=1">View Product</a></div><div class="product"><a href="https://www.amazon.com/dp/B0D7WDNZKW?tag=eloabder-20&linkCode=osi&th=1&psc=1"><img src="https://m.media-amazon.com/images/I/41O57tqpdfL._SL500_.jpg" alt="Product Image"></a><p>LAURA GELLER NEW YORK The Delectables 14 Multi-Finish Baked Eyeshadows - Vacation Vista - Holiday 2024</p><p> -15% 0FF </p><p>$21.25 ($4.43 / Ounce)</p><a href="https://www.amazon.com/dp/B0D7WDNZKW?tag=eloabder-20&linkCode=osi&th=1&psc=1">View Product</a></div>
<div class="product"><a href="https://www.amazon.com/dp/B01G3O06KA?tag=eloabder-20&linkCode=osi&th=1&psc=1"><img src="https://m.media-amazon.com/images/I/31TG9ojl4KL._SL500_.jpg" alt="Product Image"></a><p>REVLON Lip Liner, Colorstay Lip Makeup with Built-in-Sharpener, Longwear Rich Lip Colors, Smooth Application, 640 Raisin, 0.01 oz</p><p> -18% 0FF </p><p>$8.43</p><a href="https://www.amazon.com/dp/B01G3O06KA?tag=eloabder-20&linkCode=osi&th=1&psc=1">View Product</a></div><div class="product"><a href="https://www.amazon.com/dp/B08CFSS35N?tag=eloabder-20&linkCode=osi&th=1&psc=1"><img src="https://m.media-amazon.com/images/I/212BftJ6SzL._SL500_.jpg" alt="Product Image"></a><p>Rimmel Lasting Finish 8HR Soft Lip Liner Pencil - Vibrant, Blendable Formula to Lock Lipstick in Place for 8 Hours - 705 Cappuccino, .04oz</p><p> -40% 0FF </p><p>$3.59</p><a href="https://www.amazon.com/dp/B08CFSS35N?tag=eloabder-20&linkCode=osi&th=1&psc=1">View Product</a></div><div class="product"><a href="https://www.amazon.com/dp/B07PKW2MKF?tag=eloabder-20&linkCode=osi&th=1&psc=1"><img src="https://m.media-amazon.com/images/I/41Z7GVpsqBL._SL500_.jpg" alt="Product Image"></a><p>wet n wild Perfect Pout Matte Retractable Gel Lip Liner Pencil, Rich Creamy Long Lasting Color, Well-Defined and Flawless Application, Vegan & Cruelty-Free - Purple Lay Down the Mauves</p><p> -23% 0FF </p><p>$3.29</p><a href="https://www.amazon.com/dp/B07PKW2MKF?tag=eloabder-20&linkCode=osi&th=1&psc=1">View Product</a></div><div class="product"><a href="https://www.amazon.com/dp/B013VWRYXE?tag=eloabder-20&linkCode=osi&th=1&psc=1"><img src="https://m.media-amazon.com/images/I/51b+lTirJYL._SL500_.jpg" alt="Product Image"></a><p>12pc Italia Deluxe Ultra Fine Lip Liner set of 12 color</p><p> -34% 0FF </p><p>$9.15</p><a href="https://www.amazon.com/dp/B013VWRYXE?tag=eloabder-20&linkCode=osi&th=1&psc=1">View Product</a></div>
<div class="product"><a href="https://www.amazon.com/dp/B00U2VQZDS?tag=eloabder-20&linkCode=osi&th=1&psc=1"><img src="https://m.media-amazon.com/images/I/41n7Cb8jk-L._SL500_.jpg" alt="Product Image"></a><p>Neutrogena Makeup Remover Wipes, Ultra-Soft Cleansing Facial Towelettes for Waterproof Makeup, Alcohol-Free, Plant-Based, Twin Pack, 25 Count (Pack of 2)</p><p> -27% 0FF </p><p>$9.97 ($0.20 / Count)</p><a href="https://www.amazon.com/dp/B00U2VQZDS?tag=eloabder-20&linkCode=osi&th=1&psc=1">View Product</a></div><div class="product"><a href="https://www.amazon.com/dp/B017PCGABI?tag=eloabder-20&linkCode=osi&th=1&psc=1"><img src="https://m.media-amazon.com/images/I/3106WC85aAL._SL500_.jpg" alt="Product Image"></a><p>Garnier Micellar Water, Hydrating Facial Cleanser & Makeup Remover, Suitable for Sensitive Skin, Vegan, Cruelty Free, 13.5 Fl Oz (400mL), 1 Count</p><p> -25% 0FF </p><p>$8.97 ($0.66 / Fl Oz)</p><a href="https://www.amazon.com/dp/B017PCGABI?tag=eloabder-20&linkCode=osi&th=1&psc=1">View Product</a></div><div class="product"><a href="https://www.amazon.com/dp/B017PCGAXQ?tag=eloabder-20&linkCode=osi&th=1&psc=1"><img src="https://m.media-amazon.com/images/I/31-daQlUgGL._SL500_.jpg" alt="Product Image"></a><p>Garnier Micellar Water For Waterproof Makeup, Hydrating Facial Cleanser & Makeup Remover, Suitable for Sensitive Skin, Vegan, Cruelty Free, 13.5 Fl Oz (400mL), 1 Count</p><p> -25% 0FF </p><p>$8.97 ($0.66 / Fl Oz)</p><a href="https://www.amazon.com/dp/B017PCGAXQ?tag=eloabder-20&linkCode=osi&th=1&psc=1">View Product</a></div><div class="product"><a href="https://www.amazon.com/dp/B07T9JV956?tag=eloabder-20&linkCode=osi&th=1&psc=1"><img src="https://m.media-amazon.com/images/I/310x+0QrxsL._SL500_.jpg" alt="Product Image"></a><p>Neutrogena Gentle Oil-Free Eye Makeup Remover & Cleanser for Sensitive Eyes, Non-Greasy Makeup Remover, Removes Waterproof Mascara, Dermatologist & Ophthalmologist Tested, 8.0 fl. oz</p><p> -30% 0FF </p><p>$9.39 ($1.17 / Fl Oz)</p><a href="https://www.amazon.com/dp/B07T9JV956?tag=eloabder-20&linkCode=osi&th=1&psc=1">View Product</a></div><div class="product"><a href="https://www.amazon.com/dp/B0B1PP1XCM?tag=eloabder-20&linkCode=osi&th=1&psc=1"><img src="https://m.media-amazon.com/images/I/31kOCqV2+BL._SL500_.jpg" alt="Product Image"></a><p>CeraVe Cleansing Balm for Sensitive Skin | Hydrating Makeup Remover with Ceramides and Plant-based Jojoba Oil for Face | Non-Comedogenic Fragrance Free Non-Greasy |1.3 Ounces</p><p> -9% 0FF </p><p>$9.97 ($7.67 / Ounce)</p><a href="https://www.amazon.com/dp/B0B1PP1XCM?tag=eloabder-20&linkCode=osi&th=1&psc=1">View Product</a></div>
<div class="product"><a href="https://www.amazon.com/dp/B0CLLV2T1P?tag=eloabder-20&linkCode=osi&th=1&psc=1"><img src="https://m.media-amazon.com/images/I/311dfglPY7L._SL500_.jpg" alt="Product Image"></a><p>Anua 10% Niacinamide+ 4% Tranexamic Acid Serum, Ceramide, Hyaluronic Acid, Vitamin B12 natural color, for Sensitive skin, Korean Glass Skin, Fragrance-Free (30ml /1.01 fl.oz.)</p><p> -21% 0FF </p><p>$19.00 ($18.81 / Fl Oz)</p><a href="https://www.amazon.com/dp/B0CLLV2T1P?tag=eloabder-20&linkCode=osi&th=1&psc=1">View Product</a></div><div class="product"><a href="https://www.amazon.com/dp/B0BFQ9RD5B?tag=eloabder-20&linkCode=osi&th=1&psc=1"><img src="https://m.media-amazon.com/images/I/31QGtpkcufL._SL500_.jpg" alt="Product Image"></a><p>d'alba Piedmont Italian White Truffle First Spray Serum, Vegan Skin Care, Light-weight Face Moisturizer, Glow Serum for Radiant Skin, Non Comedogenic, All In One Mist, Korean Skin Care (3.38 fl oz.)</p><p> -31% 0FF </p><p>$24.00 ($7.10 / Fl Oz)</p><a href="https://www.amazon.com/dp/B0BFQ9RD5B?tag=eloabder-20&linkCode=osi&th=1&psc=1">View Product</a></div><div class="product"><a href="https://www.amazon.com/dp/B01M4MCUAF?tag=eloabder-20&linkCode=osi&th=1&psc=1"><img src="https://m.media-amazon.com/images/I/41SAAuVFBVL._SL500_.jpg" alt="Product Image"></a><p>TruSkin Vitamin C Serum – Anti Aging Facial Serum with Vitamin C, Hyaluronic Acid, Vitamin E & More – Brightening Serum for Dark Spots, Even Skin Tone, Eye Area, Fine Lines & Wrinkles, 1 Fl Oz</p><p> -27% 0FF </p><p>$21.97</p><a href="https://www.amazon.com/dp/B01M4MCUAF?tag=eloabder-20&linkCode=osi&th=1&psc=1">View Product</a></div>
<div class="product"><a href="https://www.amazon.com/dp/B01MQXX9US?tag=eloabder-20&linkCode=osi&th=1&psc=1"><img src="https://m.media-amazon.com/images/I/41Zi7BP15NL._SL500_.jpg" alt="Product Image"></a><p>Banana Boat Sport Ultra SPF 50 Sunscreen Spray Twin Pack | Banana Boat Sunscreen Spray SPF 50, Spray On Sunscreen, Water Resistant Sunscreen, Oxybenzone Free Sunscreen Pack, 6oz each</p><p> -26% 0FF </p><p>$13.97 ($1.16 / Ounce)</p><a href="https://www.amazon.com/dp/B01MQXX9US?tag=eloabder-20&linkCode=osi&th=1&psc=1">View Product</a></div><div class="product"><a href="https://www.amazon.com/dp/B005IHT94S?tag=eloabder-20&linkCode=osi&th=1&psc=1"><img src="https://m.media-amazon.com/images/I/31YAXVCRMAL._SL500_.jpg" alt="Product Image"></a><p>Neutrogena Ultra Sheer Dry-Touch Water Resistant and Non-Greasy Sunscreen Lotion with Broad Spectrum SPF 70, 3 Fl Oz (Pack of 1)</p><p> -27% 0FF </p><p>$9.68 ($3.23 / Fl Oz)</p><a href="https://www.amazon.com/dp/B005IHT94S?tag=eloabder-20&linkCode=osi&th=1&psc=1">View Product</a></div><div class="product"><a href="https://www.amazon.com/dp/B004D2DR0Q?tag=eloabder-20&linkCode=osi&th=1&psc=1"><img src="https://m.media-amazon.com/images/I/41QwzCWNnFL._SL500_.jpg" alt="Product Image"></a><p>Neutrogena Ultra Sheer Dry-Touch Water Resistant and Non-Greasy Sunscreen Lotion with Broad Spectrum SPF 45, TSA-Compliant travel Size, 3 Fl Oz, Pack of 2, 6 Fl Oz</p><p> -38% 0FF </p><p>$13.99 ($2.33 / Fl Oz)</p><a href="https://www.amazon.com/dp/B004D2DR0Q?tag=eloabder-20&linkCode=osi&th=1&psc=1">View Product</a></div><div class="product"><a href="https://www.amazon.com/dp/B09Q3Q5QZT?tag=eloabder-20&linkCode=osi&th=1&psc=1"><img src="https://m.media-amazon.com/images/I/41RAvBOdbyL._SL500_.jpg" alt="Product Image"></a><p>Coppertone SPORT Sunscreen SPF 50 Lotion, Water Resistant , Broad Spectrum Bulk Sunscreen Pack, 7 Fl Oz Bottle, Pack of 2</p><p> -9% 0FF </p><p>$16.75 ($1.20 / Fl Oz)</p><a href="https://www.amazon.com/dp/B09Q3Q5QZT?tag=eloabder-20&linkCode=osi&th=1&psc=1">View Product</a></div><div class="product"><a href="https://www.amazon.com/dp/B00AEN4QZ8?tag=eloabder-20&linkCode=osi&th=1&psc=1"><img src="https://m.media-amazon.com/images/I/31QMrCJPoeL._SL500_.jpg" alt="Product Image"></a><p>Neutrogena Beach Defense Face and Body Sunscreen Lotion with Broad Spectrum SPF 70, Offers UVA/UVB Protection, Water Resistant and Oil Free Sun Protection, Oxybenzone Free and Fast Drying, 6.5 OZ</p><p> -31% 0FF </p><p>$9.04 ($1.35 / Fl Oz)</p><a href="https://www.amazon.com/dp/B00AEN4QZ8?tag=eloabder-20&linkCode=osi&th=1&psc=1">View Product</a></div><div class="product"><a href="https://www.amazon.com/dp/B004CDV7EY?tag=eloabder-20&linkCode=osi&th=1&psc=1"><img src="https://m.media-amazon.com/images/I/41tTwTi8GdL._SL500_.jpg" alt="Product Image"></a><p>Banana Boat Sport Ultra SPF 50 Sunscreen Lotion, 12oz | Banana Boat Sunscreen SPF 50 Lotion, Oxybenzone Free Sunscreen, Sunblock Lotion Sunscreen, Family Size Sunscreen, 12oz</p><p> -16% 0FF </p><p>$10.97 ($0.91 / Fl Oz)</p><a href="https://www.amazon.com/dp/B004CDV7EY?tag=eloabder-20&linkCode=osi&th=1&psc=1">View Product</a></div><div class="product"><a href="https://www.amazon.com/dp/B001P92FMG?tag=eloabder-20&linkCode=osi&th=1&psc=1"><img src="https://m.media-amazon.com/images/I/41G20SiwQqL._SL500_.jpg" alt="Product Image"></a><p>Neutrogena Sport Face Sunscreen, Broad Spectrum Sunblock SPF 70+, Water Resistant Sunscreen For Face, Sweat Resistant Oil Free Sunscreen Lotion, 2.5 FL OZ</p><p> -35% 0FF </p><p>$9.59 ($3.84 / Fl Oz)</p><a href="https://www.amazon.com/dp/B001P92FMG?tag=eloabder-20&linkCode=osi&th=1&psc=1">View Product</a></div><div class="product"><a href="https://www.amazon.com/dp/B076GZX3KL?tag=eloabder-20&linkCode=osi&th=1&psc=1"><img src="https://m.media-amazon.com/images/I/41BQoEZMuTL._SL500_.jpg" alt="Product Image"></a><p>Neutrogena Sunscreen Spray, Ultra Sheer Body Mist, Broad Spectrum SPF 70, Non-Greasy Water Resistant Body Sunscreen Mist, Non-Comedogenic, 5 oz (Pack of 3)</p><p> -38% 0FF </p><p>$24.58 ($1.64 / Ounce)</p><a href="https://www.amazon.com/dp/B076GZX3KL?tag=eloabder-20&linkCode=osi&th=1&psc=1">View Product</a></div><div class="product"><a href="https://www.amazon.com/dp/B078BC1NJ6?tag=eloabder-20&linkCode=osi&th=1&psc=1"><img src="https://m.media-amazon.com/images/I/51V4LMN2zEL._SL500_.jpg" alt="Product Image"></a><p>Coppertone Sport Sunscreen Spray SPF 50, Water Resistant Spray Sunscreen, Broad Spectrum SPF 50 Sunscreen, Bulk Sunscreen Pack, 5.5 Oz Bottle, Pack of 3</p><p> -25% 0FF </p><p>$20.63 ($1.25 / Ounce)</p><a href="https://www.amazon.com/dp/B078BC1NJ6?tag=eloabder-20&linkCode=osi&th=1&psc=1">View Product</a></div><div class="product"><a href="https://www.amazon.com/dp/B004YAUZFW?tag=eloabder-20&linkCode=osi&th=1&psc=1"><img src="https://m.media-amazon.com/images/I/31sVRHFdVEL._SL500_.jpg" alt="Product Image"></a><p>Sun Bum Original SPF 70 Sunscreen Lotion | Vegan and Hawaii 104 Act Compliant (Octinoxate & Oxybenzone Free) Broad Spectrum Moisturizing UVA/UVB Sunscreen with Vitamin E | 8 oz</p><p> -19% 0FF </p><p>$15.06 ($1.88 / Fl Oz)</p><a href="https://www.amazon.com/dp/B004YAUZFW?tag=eloabder-20&linkCode=osi&th=1&psc=1">View Product</a></div>
<div class="product"><a href="https://www.amazon.com/dp/B001UTK76C?tag=eloabder-20&linkCode=osi&th=1&psc=1"><img src="https://m.media-amazon.com/images/I/31JM3ZgxMjL._SL500_.jpg" alt="Product Image"></a><p>Jergens Natural Glow +FIRMING Self Tanner, Sunless Tanning Lotion for Fair to Medium Skin Tone, Anti Cellulite Firming Body Lotion for Natural-Looking Tan, 7.5 Ounce</p><p> -14% 0FF </p><p>$10.47 ($1.40 / Fl Oz)</p><a href="https://www.amazon.com/dp/B001UTK76C?tag=eloabder-20&linkCode=osi&th=1&psc=1">View Product</a></div><div class="product"><a href="https://www.amazon.com/dp/B00L2PB3BW?tag=eloabder-20&linkCode=osi&th=1&psc=1"><img src="https://m.media-amazon.com/images/I/411cFEieqCL._SL500_.jpg" alt="Product Image"></a><p>Beauty by Earth Self Tanner - USA Made with Natural & Organic Ingredients, Moisturizing Self Tanning Lotion with Aloe Vera & Coconut for a Natural Glow, Streak-Free Fake Tan, Medium to Dark</p><p> -14% 0FF </p><p>$35.99 ($4.80 / Fl Oz)</p><a href="https://www.amazon.com/dp/B00L2PB3BW?tag=eloabder-20&linkCode=osi&th=1&psc=1">View Product</a></div>

<div class="product"><a href="https://www.amazon.com/dp/B074PTZCNW?tag=eloabder-20&linkCode=osi&th=1&psc=1"><img src="https://m.media-amazon.com/images/I/31btEAGukiL._SL500_.jpg" alt="Product Image"></a><p>L'Oreal Paris Makeup True Match Lumi Glotion, Natural Glow Enhancer, Illuminator Highlighter, Bronzing Drops For a Sun-Kissed Glow, 902 Light</p><p> -18% 0FF </p><p>$13.98</p><a href="https://www.amazon.com/dp/B074PTZCNW?tag=eloabder-20&linkCode=osi&th=1&psc=1">View Product</a></div><div class="product"><a href="https://www.amazon.com/dp/B073WMPZZZ?tag=eloabder-20&linkCode=osi&th=1&psc=1"><img src="https://m.media-amazon.com/images/I/51fx3BLpQ0L._SL500_.jpg" alt="Product Image"></a><p>wet n wild MegaGlo Highlighting Powder Warm Gold Golden Flower Crown</p><p> -32% 0FF </p><p>$4.08</p><a href="https://www.amazon.com/dp/B073WMPZZZ?tag=eloabder-20&linkCode=osi&th=1&psc=1">View Product</a></div><div class="product"><a href="https://www.amazon.com/dp/B0BD9HYBKD?tag=eloabder-20&linkCode=osi&th=1&psc=1"><img src="https://m.media-amazon.com/images/I/319tXl8nMUL._SL500_.jpg" alt="Product Image"></a><p>LAURA GELLER NEW YORK Baked Natural Glow Highlighter Radiance Enhancing Makeup, French Vanilla</p><p> -21% 0FF </p><p>$18.99</p><a href="https://www.amazon.com/dp/B0BD9HYBKD?tag=eloabder-20&linkCode=osi&th=1&psc=1">View Product</a></div><div class="product"><a href="https://www.amazon.com/dp/B075K784FK?tag=eloabder-20&linkCode=osi&th=1&psc=1"><img src="https://m.media-amazon.com/images/I/51q6Nf009iL._SL500_.jpg" alt="Product Image"></a><p>Physicians Formula Murumuru Butter Highlighter Makeup Face Powder Make Up, Pearl, Dermatologist Approved</p><p> -19% 0FF </p><p>$9.73</p><a href="https://www.amazon.com/dp/B075K784FK?tag=eloabder-20&linkCode=osi&th=1&psc=1">View Product</a></div><div class="product"><a href="https://www.amazon.com/dp/B082YPL2SV?tag=eloabder-20&linkCode=osi&th=1&psc=1"><img src="https://m.media-amazon.com/images/I/51Y+MCkwArL._SL500_.jpg" alt="Product Image"></a><p>Wet n Wild MegaGlo Blushlighter, Blendable Blush & Highlighter Set, Shimmery Metallic Finish, Highlight Bling</p><p> -21% 0FF </p><p>$5.47</p><a href="https://www.amazon.com/dp/B082YPL2SV?tag=eloabder-20&linkCode=osi&th=1&psc=1">View Product</a></div>
<div class="product"><a href="https://www.amazon.com/dp/B07MQJRK7N?tag=eloabder-20&linkCode=osi&th=1&psc=1"><img src="https://m.media-amazon.com/images/I/41yzRaUSPiL._SL500_.jpg" alt="Product Image"></a><p>Highly Pigmented Eye Makeup Palette, Matte Shimmer Metallic Eyeshadow Pallet Long Lasting Blendable Natural Colors Make Up Eye Shadows Cosmetics Gift Kit</p><p> -10% 0FF </p><p>$8.99</p><a href="https://www.amazon.com/dp/B07MQJRK7N?tag=eloabder-20&linkCode=osi&th=1&psc=1">View Product</a></div><div class="product"><a href="https://www.amazon.com/dp/B00L5SMFJU?tag=eloabder-20&linkCode=osi&th=1&psc=1"><img src="https://m.media-amazon.com/images/I/41-WaM3A3tL._SL500_.jpg" alt="Product Image"></a><p>Covergirl Eye Enhancers Eye Shadow Palette, Natural Nudes, 0.19 Ounce</p><p> -34% 0FF </p><p>$4.97</p><a href="https://www.amazon.com/dp/B00L5SMFJU?tag=eloabder-20&linkCode=osi&th=1&psc=1">View Product</a></div><div class="product"><a href="https://www.amazon.com/dp/B0CP49R493?tag=eloabder-20&linkCode=osi&th=1&psc=1"><img src="https://m.media-amazon.com/images/I/41mV4uKx5HL._SL500_.jpg" alt="Product Image"></a><p>FLYEEO Neutral Brown Eye Shadow palette- Rose Gold Dark Brown Eyeshadow Palette Colorful 9 Colors, Matte Shimmer Highly Pigmented Nude Eyeshadow Palette Makeup Naturing-Looking Long Lasting</p><p> -19% 0FF </p><p>$3.19</p><a href="https://www.amazon.com/dp/B0CP49R493?tag=eloabder-20&linkCode=osi&th=1&psc=1">View Product</a></div><div class="product"><a href="https://www.amazon.com/dp/B0D7WDNZKW?tag=eloabder-20&linkCode=osi&th=1&psc=1"><img src="https://m.media-amazon.com/images/I/41O57tqpdfL._SL500_.jpg" alt="Product Image"></a><p>LAURA GELLER NEW YORK The Delectables 14 Multi-Finish Baked Eyeshadows - Vacation Vista - Holiday 2024</p><p> -15% 0FF </p><p>$21.25 ($4.43 / Ounce)</p><a href="https://www.amazon.com/dp/B0D7WDNZKW?tag=eloabder-20&linkCode=osi&th=1&psc=1">View Product</a></div>
<div class="product"><a href="https://www.amazon.com/dp/B01G3O06KA?tag=eloabder-20&linkCode=osi&th=1&psc=1"><img src="https://m.media-amazon.com/images/I/31TG9ojl4KL._SL500_.jpg" alt="Product Image"></a><p>REVLON Lip Liner, Colorstay Lip Makeup with Built-in-Sharpener, Longwear Rich Lip Colors, Smooth Application, 640 Raisin, 0.01 oz</p><p> -18% 0FF </p><p>$8.43</p><a href="https://www.amazon.com/dp/B01G3O06KA?tag=eloabder-20&linkCode=osi&th=1&psc=1">View Product</a></div><div class="product"><a href="https://www.amazon.com/dp/B08CFSS35N?tag=eloabder-20&linkCode=osi&th=1&psc=1"><img src="https://m.media-amazon.com/images/I/212BftJ6SzL._SL500_.jpg" alt="Product Image"></a><p>Rimmel Lasting Finish 8HR Soft Lip Liner Pencil - Vibrant, Blendable Formula to Lock Lipstick in Place for 8 Hours - 705 Cappuccino, .04oz</p><p> -40% 0FF </p><p>$3.59</p><a href="https://www.amazon.com/dp/B08CFSS35N?tag=eloabder-20&linkCode=osi&th=1&psc=1">View Product</a></div><div class="product"><a href="https://www.amazon.com/dp/B07PKW2MKF?tag=eloabder-20&linkCode=osi&th=1&psc=1"><img src="https://m.media-amazon.com/images/I/41Z7GVpsqBL._SL500_.jpg" alt="Product Image"></a><p>wet n wild Perfect Pout Matte Retractable Gel Lip Liner Pencil, Rich Creamy Long Lasting Color, Well-Defined and Flawless Application, Vegan & Cruelty-Free - Purple Lay Down the Mauves</p><p> -23% 0FF </p><p>$3.29</p><a href="https://www.amazon.com/dp/B07PKW2MKF?tag=eloabder-20&linkCode=osi&th=1&psc=1">View Product</a></div><div class="product"><a href="https://www.amazon.com/dp/B013VWRYXE?tag=eloabder-20&linkCode=osi&th=1&psc=1"><img src="https://m.media-amazon.com/images/I/51b+lTirJYL._SL500_.jpg" alt="Product Image"></a><p>12pc Italia Deluxe Ultra Fine Lip Liner set of 12 color</p><p> -34% 0FF </p><p>$9.15</p><a href="https://www.amazon.com/dp/B013VWRYXE?tag=eloabder-20&linkCode=osi&th=1&psc=1">View Product</a></div>
<div class="product"><a href="https://www.amazon.com/dp/B00U2VQZDS?tag=eloabder-20&linkCode=osi&th=1&psc=1"><img src="https://m.media-amazon.com/images/I/41n7Cb8jk-L._SL500_.jpg" alt="Product Image"></a><p>Neutrogena Makeup Remover Wipes, Ultra-Soft Cleansing Facial Towelettes for Waterproof Makeup, Alcohol-Free, Plant-Based, Twin Pack, 25 Count (Pack of 2)</p><p> -27% 0FF </p><p>$9.97 ($0.20 / Count)</p><a href="https://www.amazon.com/dp/B00U2VQZDS?tag=eloabder-20&linkCode=osi&th=1&psc=1">View Product</a></div><div class="product"><a href="https://www.amazon.com/dp/B017PCGABI?tag=eloabder-20&linkCode=osi&th=1&psc=1"><img src="https://m.media-amazon.com/images/I/3106WC85aAL._SL500_.jpg" alt="Product Image"></a><p>Garnier Micellar Water, Hydrating Facial Cleanser & Makeup Remover, Suitable for Sensitive Skin, Vegan, Cruelty Free, 13.5 Fl Oz (400mL), 1 Count</p><p> -25% 0FF </p><p>$8.97 ($0.66 / Fl Oz)</p><a href="https://www.amazon.com/dp/B017PCGABI?tag=eloabder-20&linkCode=osi&th=1&psc=1">View Product</a></div><div class="product"><a href="https://www.amazon.com/dp/B017PCGAXQ?tag=eloabder-20&linkCode=osi&th=1&psc=1"><img src="https://m.media-amazon.com/images/I/31-daQlUgGL._SL500_.jpg" alt="Product Image"></a><p>Garnier Micellar Water For Waterproof Makeup, Hydrating Facial Cleanser & Makeup Remover, Suitable for Sensitive Skin, Vegan, Cruelty Free, 13.5 Fl Oz (400mL), 1 Count</p><p> -25% 0FF </p><p>$8.97 ($0.66 / Fl Oz)</p><a href="https://www.amazon.com/dp/B017PCGAXQ?tag=eloabder-20&linkCode=osi&th=1&psc=1">View Product</a></div><div class="product"><a href="https://www.amazon.com/dp/B07T9JV956?tag=eloabder-20&linkCode=osi&th=1&psc=1"><img src="https://m.media-amazon.com/images/I/310x+0QrxsL._SL500_.jpg" alt="Product Image"></a><p>Neutrogena Gentle Oil-Free Eye Makeup Remover & Cleanser for Sensitive Eyes, Non-Greasy Makeup Remover, Removes Waterproof Mascara, Dermatologist & Ophthalmologist Tested, 8.0 fl. oz</p><p> -30% 0FF </p><p>$9.39 ($1.17 / Fl Oz)</p><a href="https://www.amazon.com/dp/B07T9JV956?tag=eloabder-20&linkCode=osi&th=1&psc=1">View Product</a></div><div class="product"><a href="https://www.amazon.com/dp/B0B1PP1XCM?tag=eloabder-20&linkCode=osi&th=1&psc=1"><img src="https://m.media-amazon.com/images/I/31kOCqV2+BL._SL500_.jpg" alt="Product Image"></a><p>CeraVe Cleansing Balm for Sensitive Skin | Hydrating Makeup Remover with Ceramides and Plant-based Jojoba Oil for Face | Non-Comedogenic Fragrance Free Non-Greasy |1.3 Ounces</p><p> -9% 0FF </p><p>$9.97 ($7.67 / Ounce)</p><a href="https://www.amazon.com/dp/B0B1PP1XCM?tag=eloabder-20&linkCode=osi&th=1&psc=1">View Product</a></div>
<div class="product"><a href="https://www.amazon.com/dp/B0CLLV2T1P?tag=eloabder-20&linkCode=osi&th=1&psc=1"><img src="https://m.media-amazon.com/images/I/311dfglPY7L._SL500_.jpg" alt="Product Image"></a><p>Anua 10% Niacinamide+ 4% Tranexamic Acid Serum, Ceramide, Hyaluronic Acid, Vitamin B12 natural color, for Sensitive skin, Korean Glass Skin, Fragrance-Free (30ml /1.01 fl.oz.)</p><p> -21% 0FF </p><p>$19.00 ($18.81 / Fl Oz)</p><a href="https://www.amazon.com/dp/B0CLLV2T1P?tag=eloabder-20&linkCode=osi&th=1&psc=1">View Product</a></div><div class="product"><a href="https://www.amazon.com/dp/B0BFQ9RD5B?tag=eloabder-20&linkCode=osi&th=1&psc=1"><img src="https://m.media-amazon.com/images/I/31QGtpkcufL._SL500_.jpg" alt="Product Image"></a><p>d'alba Piedmont Italian White Truffle First Spray Serum, Vegan Skin Care, Light-weight Face Moisturizer, Glow Serum for Radiant Skin, Non Comedogenic, All In One Mist, Korean Skin Care (3.38 fl oz.)</p><p> -31% 0FF </p><p>$24.00 ($7.10 / Fl Oz)</p><a href="https://www.amazon.com/dp/B0BFQ9RD5B?tag=eloabder-20&linkCode=osi&th=1&psc=1">View Product</a></div><div class="product"><a href="https://www.amazon.com/dp/B01M4MCUAF?tag=eloabder-20&linkCode=osi&th=1&psc=1"><img src="https://m.media-amazon.com/images/I/41SAAuVFBVL._SL500_.jpg" alt="Product Image"></a><p>TruSkin Vitamin C Serum – Anti Aging Facial Serum with Vitamin C, Hyaluronic Acid, Vitamin E & More – Brightening Serum for Dark Spots, Even Skin Tone, Eye Area, Fine Lines & Wrinkles, 1 Fl Oz</p><p> -27% 0FF </p><p>$21.97</p><a href="https://www.amazon.com/dp/B01M4MCUAF?tag=eloabder-20&linkCode=osi&th=1&psc=1">View Product</a></div>
<div class="product"><a href="https://www.amazon.com/dp/B01MQXX9US?tag=eloabder-20&linkCode=osi&th=1&psc=1"><img src="https://m.media-amazon.com/images/I/41Zi7BP15NL._SL500_.jpg" alt="Product Image"></a><p>Banana Boat Sport Ultra SPF 50 Sunscreen Spray Twin Pack | Banana Boat Sunscreen Spray SPF 50, Spray On Sunscreen, Water Resistant Sunscreen, Oxybenzone Free Sunscreen Pack, 6oz each</p><p> -26% 0FF </p><p>$13.97 ($1.16 / Ounce)</p><a href="https://www.amazon.com/dp/B01MQXX9US?tag=eloabder-20&linkCode=osi&th=1&psc=1">View Product</a></div><div class="product"><a href="https://www.amazon.com/dp/B005IHT94S?tag=eloabder-20&linkCode=osi&th=1&psc=1"><img src="https://m.media-amazon.com/images/I/31YAXVCRMAL._SL500_.jpg" alt="Product Image"></a><p>Neutrogena Ultra Sheer Dry-Touch Water Resistant and Non-Greasy Sunscreen Lotion with Broad Spectrum SPF 70, 3 Fl Oz (Pack of 1)</p><p> -27% 0FF </p><p>$9.68 ($3.23 / Fl Oz)</p><a href="https://www.amazon.com/dp/B005IHT94S?tag=eloabder-20&linkCode=osi&th=1&psc=1">View Product</a></div><div class="product"><a href="https://www.amazon.com/dp/B004D2DR0Q?tag=eloabder-20&linkCode=osi&th=1&psc=1"><img src="https://m.media-amazon.com/images/I/41QwzCWNnFL._SL500_.jpg" alt="Product Image"></a><p>Neutrogena Ultra Sheer Dry-Touch Water Resistant and Non-Greasy Sunscreen Lotion with Broad Spectrum SPF 45, TSA-Compliant travel Size, 3 Fl Oz, Pack of 2, 6 Fl Oz</p><p> -38% 0FF </p><p>$13.99 ($2.33 / Fl Oz)</p><a href="https://www.amazon.com/dp/B004D2DR0Q?tag=eloabder-20&linkCode=osi&th=1&psc=1">View Product</a></div><div class="product"><a href="https://www.amazon.com/dp/B09Q3Q5QZT?tag=eloabder-20&linkCode=osi&th=1&psc=1"><img src="https://m.media-amazon.com/images/I/41RAvBOdbyL._SL500_.jpg" alt="Product Image"></a><p>Coppertone SPORT Sunscreen SPF 50 Lotion, Water Resistant , Broad Spectrum Bulk Sunscreen Pack, 7 Fl Oz Bottle, Pack of 2</p><p> -9% 0FF </p><p>$16.75 ($1.20 / Fl Oz)</p><a href="https://www.amazon.com/dp/B09Q3Q5QZT?tag=eloabder-20&linkCode=osi&th=1&psc=1">View Product</a></div><div class="product"><a href="https://www.amazon.com/dp/B00AEN4QZ8?tag=eloabder-20&linkCode=osi&th=1&psc=1"><img src="https://m.media-amazon.com/images/I/31QMrCJPoeL._SL500_.jpg" alt="Product Image"></a><p>Neutrogena Beach Defense Face and Body Sunscreen Lotion with Broad Spectrum SPF 70, Offers UVA/UVB Protection, Water Resistant and Oil Free Sun Protection, Oxybenzone Free and Fast Drying, 6.5 OZ</p><p> -31% 0FF </p><p>$9.04 ($1.35 / Fl Oz)</p><a href="https://www.amazon.com/dp/B00AEN4QZ8?tag=eloabder-20&linkCode=osi&th=1&psc=1">View Product</a></div><div class="product"><a href="https://www.amazon.com/dp/B004CDV7EY?tag=eloabder-20&linkCode=osi&th=1&psc=1"><img src="https://m.media-amazon.com/images/I/41tTwTi8GdL._SL500_.jpg" alt="Product Image"></a><p>Banana Boat Sport Ultra SPF 50 Sunscreen Lotion, 12oz | Banana Boat Sunscreen SPF 50 Lotion, Oxybenzone Free Sunscreen, Sunblock Lotion Sunscreen, Family Size Sunscreen, 12oz</p><p> -16% 0FF </p><p>$10.97 ($0.91 / Fl Oz)</p><a href="https://www.amazon.com/dp/B004CDV7EY?tag=eloabder-20&linkCode=osi&th=1&psc=1">View Product</a></div><div class="product"><a href="https://www.amazon.com/dp/B001P92FMG?tag=eloabder-20&linkCode=osi&th=1&psc=1"><img src="https://m.media-amazon.com/images/I/41G20SiwQqL._SL500_.jpg" alt="Product Image"></a><p>Neutrogena Sport Face Sunscreen, Broad Spectrum Sunblock SPF 70+, Water Resistant Sunscreen For Face, Sweat Resistant Oil Free Sunscreen Lotion, 2.5 FL OZ</p><p> -35% 0FF </p><p>$9.59 ($3.84 / Fl Oz)</p><a href="https://www.amazon.com/dp/B001P92FMG?tag=eloabder-20&linkCode=osi&th=1&psc=1">View Product</a></div><div class="product"><a href="https://www.amazon.com/dp/B076GZX3KL?tag=eloabder-20&linkCode=osi&th=1&psc=1"><img src="https://m.media-amazon.com/images/I/41BQoEZMuTL._SL500_.jpg" alt="Product Image"></a><p>Neutrogena Sunscreen Spray, Ultra Sheer Body Mist, Broad Spectrum SPF 70, Non-Greasy Water Resistant Body Sunscreen Mist, Non-Comedogenic, 5 oz (Pack of 3)</p><p> -38% 0FF </p><p>$24.58 ($1.64 / Ounce)</p><a href="https://www.amazon.com/dp/B076GZX3KL?tag=eloabder-20&linkCode=osi&th=1&psc=1">View Product</a></div><div class="product"><a href="https://www.amazon.com/dp/B078BC1NJ6?tag=eloabder-20&linkCode=osi&th=1&psc=1"><img src="https://m.media-amazon.com/images/I/51V4LMN2zEL._SL500_.jpg" alt="Product Image"></a><p>Coppertone Sport Sunscreen Spray SPF 50, Water Resistant Spray Sunscreen, Broad Spectrum SPF 50 Sunscreen, Bulk Sunscreen Pack, 5.5 Oz Bottle, Pack of 3</p><p> -25% 0FF </p><p>$20.63 ($1.25 / Ounce)</p><a href="https://www.amazon.com/dp/B078BC1NJ6?tag=eloabder-20&linkCode=osi&th=1&psc=1">View Product</a></div><div class="product"><a href="https://www.amazon.com/dp/B004YAUZFW?tag=eloabder-20&linkCode=osi&th=1&psc=1"><img src="https://m.media-amazon.com/images/I/31sVRHFdVEL._SL500_.jpg" alt="Product Image"></a><p>Sun Bum Original SPF 70 Sunscreen Lotion | Vegan and Hawaii 104 Act Compliant (Octinoxate & Oxybenzone Free) Broad Spectrum Moisturizing UVA/UVB Sunscreen with Vitamin E | 8 oz</p><p> -19% 0FF </p><p>$15.06 ($1.88 / Fl Oz)</p><a href="https://www.amazon.com/dp/B004YAUZFW?tag=eloabder-20&linkCode=osi&th=1&psc=1">View Product</a></div>
<div class="product"><a href="https://www.amazon.com/dp/B001UTK76C?tag=eloabder-20&linkCode=osi&th=1&psc=1"><img src="https://m.media-amazon.com/images/I/31JM3ZgxMjL._SL500_.jpg" alt="Product Image"></a><p>Jergens Natural Glow +FIRMING Self Tanner, Sunless Tanning Lotion for Fair to Medium Skin Tone, Anti Cellulite Firming Body Lotion for Natural-Looking Tan, 7.5 Ounce</p><p> -14% 0FF </p><p>$10.47 ($1.40 / Fl Oz)</p><a href="https://www.amazon.com/dp/B001UTK76C?tag=eloabder-20&linkCode=osi&th=1&psc=1">View Product</a></div><div class="product"><a href="https://www.amazon.com/dp/B00L2PB3BW?tag=eloabder-20&linkCode=osi&th=1&psc=1"><img src="https://m.media-amazon.com/images/I/411cFEieqCL._SL500_.jpg" alt="Product Image"></a><p>Beauty by Earth Self Tanner - USA Made with Natural & Organic Ingredients, Moisturizing Self Tanning Lotion with Aloe Vera & Coconut for a Natural Glow, Streak-Free Fake Tan, Medium to Dark</p><p> -14% 0FF </p><p>$35.99 ($4.80 / Fl Oz)</p><a href="https://www.amazon.com/dp/B00L2PB3BW?tag=eloabder-20&linkCode=osi&th=1&psc=1">View Product</a></div>
<div class="product"><a href="https://www.amazon.com/dp/B0BX2TZZWG?tag=eloabder-20&linkCode=osi&th=1&psc=1"><img src="https://m.media-amazon.com/images/I/4183W8fFVIL._SL500_.jpg" alt="Product Image"></a><p>Tree Hut Vanilla Shea Sugar Exfoliating & Hydrating Body Scrub, 18 oz</p><p> -27% 0FF </p><p>$7.99 ($0.44 / Ounce)</p><a href="https://www.amazon.com/dp/B0BX2TZZWG?tag=eloabder-20&linkCode=osi&th=1&psc=1">View Product</a></div><div class="product"><a href="https://www.amazon.com/dp/B085S7HRX6?tag=eloabder-20&linkCode=osi&th=1&psc=1"><img src="https://m.media-amazon.com/images/I/41w6OpjqwxL._SL500_.jpg" alt="Product Image"></a><p>Tree Hut Exotic Bloom Shea Sugar Exfoliating & Hydrating Scrub, 18 oz</p><p> -27% 0FF </p><p>$7.99 ($0.44 / Ounce)</p><a href="https://www.amazon.com/dp/B085S7HRX6?tag=eloabder-20&linkCode=osi&th=1&psc=1">View Product</a></div><div class="product"><a href="https://www.amazon.com/dp/B07CTSS14R?tag=eloabder-20&linkCode=osi&th=1&psc=1"><img src="https://m.media-amazon.com/images/I/41gzYYSlmPL._SL500_.jpg" alt="Product Image"></a><p>OGX Smoothing + Coconut Coffee Exfoliating Body Scrub with Arabica Coffee & Coconut Oil, Moisturizing Body Wash for Dry Skin, Paraben-Free with Sulfate-Free Surfactants, 19.5 Fl Oz</p><p> -33% 0FF </p><p>$6.97 ($0.36 / Fl Oz)</p><a href="https://www.amazon.com/dp/B07CTSS14R?tag=eloabder-20&linkCode=osi&th=1&psc=1">View Product</a></div><div class="product"><a href="https://www.amazon.com/dp/B09VH79Z17?tag=eloabder-20&linkCode=osi&th=1&psc=1"><img src="https://m.media-amazon.com/images/I/41VgTZ12TwL._SL500_.jpg" alt="Product Image"></a><p>Dr Teal's Shea Sugar Body Scrub, Shea Butter with Almond Oil & Essential Oils, 19 oz (Pack of 3) (Packaging May Vary)</p><p> -13% 0FF </p><p>$20.94 ($0.37 / Ounce)</p><a href="https://www.amazon.com/dp/B09VH79Z17?tag=eloabder-20&linkCode=osi&th=1&psc=1">View Product</a></div>

<div class="product"><a href="https://www.amazon.com/dp/B074PTZCNW?tag=eloabder-20&linkCode=osi&th=1&psc=1"><img src="https://m.media-amazon.com/images/I/31btEAGukiL._SL500_.jpg" alt="Product Image"></a><p>L'Oreal Paris Makeup True Match Lumi Glotion, Natural Glow Enhancer, Illuminator Highlighter, Bronzing Drops For a Sun-Kissed Glow, 902 Light</p><p> -18% 0FF </p><p>$13.98</p><a href="https://www.amazon.com/dp/B074PTZCNW?tag=eloabder-20&linkCode=osi&th=1&psc=1">View Product</a></div><div class="product"><a href="https://www.amazon.com/dp/B073WMPZZZ?tag=eloabder-20&linkCode=osi&th=1&psc=1"><img src="https://m.media-amazon.com/images/I/51fx3BLpQ0L._SL500_.jpg" alt="Product Image"></a><p>wet n wild MegaGlo Highlighting Powder Warm Gold Golden Flower Crown</p><p> -32% 0FF </p><p>$4.08</p><a href="https://www.amazon.com/dp/B073WMPZZZ?tag=eloabder-20&linkCode=osi&th=1&psc=1">View Product</a></div><div class="product"><a href="https://www.amazon.com/dp/B0BD9HYBKD?tag=eloabder-20&linkCode=osi&th=1&psc=1"><img src="https://m.media-amazon.com/images/I/319tXl8nMUL._SL500_.jpg" alt="Product Image"></a><p>LAURA GELLER NEW YORK Baked Natural Glow Highlighter Radiance Enhancing Makeup, French Vanilla</p><p> -21% 0FF </p><p>$18.99</p><a href="https://www.amazon.com/dp/B0BD9HYBKD?tag=eloabder-20&linkCode=osi&th=1&psc=1">View Product</a></div><div class="product"><a href="https://www.amazon.com/dp/B075K784FK?tag=eloabder-20&linkCode=osi&th=1&psc=1"><img src="https://m.media-amazon.com/images/I/51q6Nf009iL._SL500_.jpg" alt="Product Image"></a><p>Physicians Formula Murumuru Butter Highlighter Makeup Face Powder Make Up, Pearl, Dermatologist Approved</p><p> -19% 0FF </p><p>$9.73</p><a href="https://www.amazon.com/dp/B075K784FK?tag=eloabder-20&linkCode=osi&th=1&psc=1">View Product</a></div><div class="product"><a href="https://www.amazon.com/dp/B082YPL2SV?tag=eloabder-20&linkCode=osi&th=1&psc=1"><img src="https://m.media-amazon.com/images/I/51Y+MCkwArL._SL500_.jpg" alt="Product Image"></a><p>Wet n Wild MegaGlo Blushlighter, Blendable Blush & Highlighter Set, Shimmery Metallic Finish, Highlight Bling</p><p> -21% 0FF </p><p>$5.47</p><a href="https://www.amazon.com/dp/B082YPL2SV?tag=eloabder-20&linkCode=osi&th=1&psc=1">View Product</a></div>
<div class="product"><a href="https://www.amazon.com/dp/B07MQJRK7N?tag=eloabder-20&linkCode=osi&th=1&psc=1"><img src="https://m.media-amazon.com/images/I/41yzRaUSPiL._SL500_.jpg" alt="Product Image"></a><p>Highly Pigmented Eye Makeup Palette, Matte Shimmer Metallic Eyeshadow Pallet Long Lasting Blendable Natural Colors Make Up Eye Shadows Cosmetics Gift Kit</p><p> -10% 0FF </p><p>$8.99</p><a href="https://www.amazon.com/dp/B07MQJRK7N?tag=eloabder-20&linkCode=osi&th=1&psc=1">View Product</a></div><div class="product"><a href="https://www.amazon.com/dp/B00L5SMFJU?tag=eloabder-20&linkCode=osi&th=1&psc=1"><img src="https://m.media-amazon.com/images/I/41-WaM3A3tL._SL500_.jpg" alt="Product Image"></a><p>Covergirl Eye Enhancers Eye Shadow Palette, Natural Nudes, 0.19 Ounce</p><p> -34% 0FF </p><p>$4.97</p><a href="https://www.amazon.com/dp/B00L5SMFJU?tag=eloabder-20&linkCode=osi&th=1&psc=1">View Product</a></div><div class="product"><a href="https://www.amazon.com/dp/B0CP49R493?tag=eloabder-20&linkCode=osi&th=1&psc=1"><img src="https://m.media-amazon.com/images/I/41mV4uKx5HL._SL500_.jpg" alt="Product Image"></a><p>FLYEEO Neutral Brown Eye Shadow palette- Rose Gold Dark Brown Eyeshadow Palette Colorful 9 Colors, Matte Shimmer Highly Pigmented Nude Eyeshadow Palette Makeup Naturing-Looking Long Lasting</p><p> -19% 0FF </p><p>$3.19</p><a href="https://www.amazon.com/dp/B0CP49R493?tag=eloabder-20&linkCode=osi&th=1&psc=1">View Product</a></div><div class="product"><a href="https://www.amazon.com/dp/B0D7WDNZKW?tag=eloabder-20&linkCode=osi&th=1&psc=1"><img src="https://m.media-amazon.com/images/I/41O57tqpdfL._SL500_.jpg" alt="Product Image"></a><p>LAURA GELLER NEW YORK The Delectables 14 Multi-Finish Baked Eyeshadows - Vacation Vista - Holiday 2024</p><p> -15% 0FF </p><p>$21.25 ($4.43 / Ounce)</p><a href="https://www.amazon.com/dp/B0D7WDNZKW?tag=eloabder-20&linkCode=osi&th=1&psc=1">View Product</a></div>
<div class="product"><a href="https://www.amazon.com/dp/B01G3O06KA?tag=eloabder-20&linkCode=osi&th=1&psc=1"><img src="https://m.media-amazon.com/images/I/31TG9ojl4KL._SL500_.jpg" alt="Product Image"></a><p>REVLON Lip Liner, Colorstay Lip Makeup with Built-in-Sharpener, Longwear Rich Lip Colors, Smooth Application, 640 Raisin, 0.01 oz</p><p> -18% 0FF </p><p>$8.43</p><a href="https://www.amazon.com/dp/B01G3O06KA?tag=eloabder-20&linkCode=osi&th=1&psc=1">View Product</a></div><div class="product"><a href="https://www.amazon.com/dp/B08CFSS35N?tag=eloabder-20&linkCode=osi&th=1&psc=1"><img src="https://m.media-amazon.com/images/I/212BftJ6SzL._SL500_.jpg" alt="Product Image"></a><p>Rimmel Lasting Finish 8HR Soft Lip Liner Pencil - Vibrant, Blendable Formula to Lock Lipstick in Place for 8 Hours - 705 Cappuccino, .04oz</p><p> -40% 0FF </p><p>$3.59</p><a href="https://www.amazon.com/dp/B08CFSS35N?tag=eloabder-20&linkCode=osi&th=1&psc=1">View Product</a></div><div class="product"><a href="https://www.amazon.com/dp/B07PKW2MKF?tag=eloabder-20&linkCode=osi&th=1&psc=1"><img src="https://m.media-amazon.com/images/I/41Z7GVpsqBL._SL500_.jpg" alt="Product Image"></a><p>wet n wild Perfect Pout Matte Retractable Gel Lip Liner Pencil, Rich Creamy Long Lasting Color, Well-Defined and Flawless Application, Vegan & Cruelty-Free - Purple Lay Down the Mauves</p><p> -23% 0FF </p><p>$3.29</p><a href="https://www.amazon.com/dp/B07PKW2MKF?tag=eloabder-20&linkCode=osi&th=1&psc=1">View Product</a></div><div class="product"><a href="https://www.amazon.com/dp/B013VWRYXE?tag=eloabder-20&linkCode=osi&th=1&psc=1"><img src="https://m.media-amazon.com/images/I/51b+lTirJYL._SL500_.jpg" alt="Product Image"></a><p>12pc Italia Deluxe Ultra Fine Lip Liner set of 12 color</p><p> -34% 0FF </p><p>$9.15</p><a href="https://www.amazon.com/dp/B013VWRYXE?tag=eloabder-20&linkCode=osi&th=1&psc=1">View Product</a></div>
<div class="product"><a href="https://www.amazon.com/dp/B00U2VQZDS?tag=eloabder-20&linkCode=osi&th=1&psc=1"><img src="https://m.media-amazon.com/images/I/41n7Cb8jk-L._SL500_.jpg" alt="Product Image"></a><p>Neutrogena Makeup Remover Wipes, Ultra-Soft Cleansing Facial Towelettes for Waterproof Makeup, Alcohol-Free, Plant-Based, Twin Pack, 25 Count (Pack of 2)</p><p> -27% 0FF </p><p>$9.97 ($0.20 / Count)</p><a href="https://www.amazon.com/dp/B00U2VQZDS?tag=eloabder-20&linkCode=osi&th=1&psc=1">View Product</a></div><div class="product"><a href="https://www.amazon.com/dp/B017PCGABI?tag=eloabder-20&linkCode=osi&th=1&psc=1"><img src="https://m.media-amazon.com/images/I/3106WC85aAL._SL500_.jpg" alt="Product Image"></a><p>Garnier Micellar Water, Hydrating Facial Cleanser & Makeup Remover, Suitable for Sensitive Skin, Vegan, Cruelty Free, 13.5 Fl Oz (400mL), 1 Count</p><p> -25% 0FF </p><p>$8.97 ($0.66 / Fl Oz)</p><a href="https://www.amazon.com/dp/B017PCGABI?tag=eloabder-20&linkCode=osi&th=1&psc=1">View Product</a></div><div class="product"><a href="https://www.amazon.com/dp/B017PCGAXQ?tag=eloabder-20&linkCode=osi&th=1&psc=1"><img src="https://m.media-amazon.com/images/I/31-daQlUgGL._SL500_.jpg" alt="Product Image"></a><p>Garnier Micellar Water For Waterproof Makeup, Hydrating Facial Cleanser & Makeup Remover, Suitable for Sensitive Skin, Vegan, Cruelty Free, 13.5 Fl Oz (400mL), 1 Count</p><p> -25% 0FF </p><p>$8.97 ($0.66 / Fl Oz)</p><a href="https://www.amazon.com/dp/B017PCGAXQ?tag=eloabder-20&linkCode=osi&th=1&psc=1">View Product</a></div><div class="product"><a href="https://www.amazon.com/dp/B07T9JV956?tag=eloabder-20&linkCode=osi&th=1&psc=1"><img src="https://m.media-amazon.com/images/I/310x+0QrxsL._SL500_.jpg" alt="Product Image"></a><p>Neutrogena Gentle Oil-Free Eye Makeup Remover & Cleanser for Sensitive Eyes, Non-Greasy Makeup Remover, Removes Waterproof Mascara, Dermatologist & Ophthalmologist Tested, 8.0 fl. oz</p><p> -30% 0FF </p><p>$9.39 ($1.17 / Fl Oz)</p><a href="https://www.amazon.com/dp/B07T9JV956?tag=eloabder-20&linkCode=osi&th=1&psc=1">View Product</a></div><div class="product"><a href="https://www.amazon.com/dp/B0B1PP1XCM?tag=eloabder-20&linkCode=osi&th=1&psc=1"><img src="https://m.media-amazon.com/images/I/31kOCqV2+BL._SL500_.jpg" alt="Product Image"></a><p>CeraVe Cleansing Balm for Sensitive Skin | Hydrating Makeup Remover with Ceramides and Plant-based Jojoba Oil for Face | Non-Comedogenic Fragrance Free Non-Greasy |1.3 Ounces</p><p> -9% 0FF </p><p>$9.97 ($7.67 / Ounce)</p><a href="https://www.amazon.com/dp/B0B1PP1XCM?tag=eloabder-20&linkCode=osi&th=1&psc=1">View Product</a></div>
<div class="product"><a href="https://www.amazon.com/dp/B0CLLV2T1P?tag=eloabder-20&linkCode=osi&th=1&psc=1"><img src="https://m.media-amazon.com/images/I/311dfglPY7L._SL500_.jpg" alt="Product Image"></a><p>Anua 10% Niacinamide+ 4% Tranexamic Acid Serum, Ceramide, Hyaluronic Acid, Vitamin B12 natural color, for Sensitive skin, Korean Glass Skin, Fragrance-Free (30ml /1.01 fl.oz.)</p><p> -21% 0FF </p><p>$19.00 ($18.81 / Fl Oz)</p><a href="https://www.amazon.com/dp/B0CLLV2T1P?tag=eloabder-20&linkCode=osi&th=1&psc=1">View Product</a></div><div class="product"><a href="https://www.amazon.com/dp/B0BFQ9RD5B?tag=eloabder-20&linkCode=osi&th=1&psc=1"><img src="https://m.media-amazon.com/images/I/31QGtpkcufL._SL500_.jpg" alt="Product Image"></a><p>d'alba Piedmont Italian White Truffle First Spray Serum, Vegan Skin Care, Light-weight Face Moisturizer, Glow Serum for Radiant Skin, Non Comedogenic, All In One Mist, Korean Skin Care (3.38 fl oz.)</p><p> -31% 0FF </p><p>$24.00 ($7.10 / Fl Oz)</p><a href="https://www.amazon.com/dp/B0BFQ9RD5B?tag=eloabder-20&linkCode=osi&th=1&psc=1">View Product</a></div><div class="product"><a href="https://www.amazon.com/dp/B01M4MCUAF?tag=eloabder-20&linkCode=osi&th=1&psc=1"><img src="https://m.media-amazon.com/images/I/41SAAuVFBVL._SL500_.jpg" alt="Product Image"></a><p>TruSkin Vitamin C Serum – Anti Aging Facial Serum with Vitamin C, Hyaluronic Acid, Vitamin E & More – Brightening Serum for Dark Spots, Even Skin Tone, Eye Area, Fine Lines & Wrinkles, 1 Fl Oz</p><p> -27% 0FF </p><p>$21.97</p><a href="https://www.amazon.com/dp/B01M4MCUAF?tag=eloabder-20&linkCode=osi&th=1&psc=1">View Product</a></div>
<div class="product"><a href="https://www.amazon.com/dp/B01MQXX9US?tag=eloabder-20&linkCode=osi&th=1&psc=1"><img src="https://m.media-amazon.com/images/I/41Zi7BP15NL._SL500_.jpg" alt="Product Image"></a><p>Banana Boat Sport Ultra SPF 50 Sunscreen Spray Twin Pack | Banana Boat Sunscreen Spray SPF 50, Spray On Sunscreen, Water Resistant Sunscreen, Oxybenzone Free Sunscreen Pack, 6oz each</p><p> -26% 0FF </p><p>$13.97 ($1.16 / Ounce)</p><a href="https://www.amazon.com/dp/B01MQXX9US?tag=eloabder-20&linkCode=osi&th=1&psc=1">View Product</a></div><div class="product"><a href="https://www.amazon.com/dp/B005IHT94S?tag=eloabder-20&linkCode=osi&th=1&psc=1"><img src="https://m.media-amazon.com/images/I/31YAXVCRMAL._SL500_.jpg" alt="Product Image"></a><p>Neutrogena Ultra Sheer Dry-Touch Water Resistant and Non-Greasy Sunscreen Lotion with Broad Spectrum SPF 70, 3 Fl Oz (Pack of 1)</p><p> -27% 0FF </p><p>$9.68 ($3.23 / Fl Oz)</p><a href="https://www.amazon.com/dp/B005IHT94S?tag=eloabder-20&linkCode=osi&th=1&psc=1">View Product</a></div><div class="product"><a href="https://www.amazon.com/dp/B004D2DR0Q?tag=eloabder-20&linkCode=osi&th=1&psc=1"><img src="https://m.media-amazon.com/images/I/41QwzCWNnFL._SL500_.jpg" alt="Product Image"></a><p>Neutrogena Ultra Sheer Dry-Touch Water Resistant and Non-Greasy Sunscreen Lotion with Broad Spectrum SPF 45, TSA-Compliant travel Size, 3 Fl Oz, Pack of 2, 6 Fl Oz</p><p> -38% 0FF </p><p>$13.99 ($2.33 / Fl Oz)</p><a href="https://www.amazon.com/dp/B004D2DR0Q?tag=eloabder-20&linkCode=osi&th=1&psc=1">View Product</a></div><div class="product"><a href="https://www.amazon.com/dp/B09Q3Q5QZT?tag=eloabder-20&linkCode=osi&th=1&psc=1"><img src="https://m.media-amazon.com/images/I/41RAvBOdbyL._SL500_.jpg" alt="Product Image"></a><p>Coppertone SPORT Sunscreen SPF 50 Lotion, Water Resistant , Broad Spectrum Bulk Sunscreen Pack, 7 Fl Oz Bottle, Pack of 2</p><p> -9% 0FF </p><p>$16.75 ($1.20 / Fl Oz)</p><a href="https://www.amazon.com/dp/B09Q3Q5QZT?tag=eloabder-20&linkCode=osi&th=1&psc=1">View Product</a></div><div class="product"><a href="https://www.amazon.com/dp/B00AEN4QZ8?tag=eloabder-20&linkCode=osi&th=1&psc=1"><img src="https://m.media-amazon.com/images/I/31QMrCJPoeL._SL500_.jpg" alt="Product Image"></a><p>Neutrogena Beach Defense Face and Body Sunscreen Lotion with Broad Spectrum SPF 70, Offers UVA/UVB Protection, Water Resistant and Oil Free Sun Protection, Oxybenzone Free and Fast Drying, 6.5 OZ</p><p> -31% 0FF </p><p>$9.04 ($1.35 / Fl Oz)</p><a href="https://www.amazon.com/dp/B00AEN4QZ8?tag=eloabder-20&linkCode=osi&th=1&psc=1">View Product</a></div><div class="product"><a href="https://www.amazon.com/dp/B004CDV7EY?tag=eloabder-20&linkCode=osi&th=1&psc=1"><img src="https://m.media-amazon.com/images/I/41tTwTi8GdL._SL500_.jpg" alt="Product Image"></a><p>Banana Boat Sport Ultra SPF 50 Sunscreen Lotion, 12oz | Banana Boat Sunscreen SPF 50 Lotion, Oxybenzone Free Sunscreen, Sunblock Lotion Sunscreen, Family Size Sunscreen, 12oz</p><p> -16% 0FF </p><p>$10.97 ($0.91 / Fl Oz)</p><a href="https://www.amazon.com/dp/B004CDV7EY?tag=eloabder-20&linkCode=osi&th=1&psc=1">View Product</a></div><div class="product"><a href="https://www.amazon.com/dp/B001P92FMG?tag=eloabder-20&linkCode=osi&th=1&psc=1"><img src="https://m.media-amazon.com/images/I/41G20SiwQqL._SL500_.jpg" alt="Product Image"></a><p>Neutrogena Sport Face Sunscreen, Broad Spectrum Sunblock SPF 70+, Water Resistant Sunscreen For Face, Sweat Resistant Oil Free Sunscreen Lotion, 2.5 FL OZ</p><p> -35% 0FF </p><p>$9.59 ($3.84 / Fl Oz)</p><a href="https://www.amazon.com/dp/B001P92FMG?tag=eloabder-20&linkCode=osi&th=1&psc=1">View Product</a></div><div class="product"><a href="https://www.amazon.com/dp/B076GZX3KL?tag=eloabder-20&linkCode=osi&th=1&psc=1"><img src="https://m.media-amazon.com/images/I/41BQoEZMuTL._SL500_.jpg" alt="Product Image"></a><p>Neutrogena Sunscreen Spray, Ultra Sheer Body Mist, Broad Spectrum SPF 70, Non-Greasy Water Resistant Body Sunscreen Mist, Non-Comedogenic, 5 oz (Pack of 3)</p><p> -38% 0FF </p><p>$24.58 ($1.64 / Ounce)</p><a href="https://www.amazon.com/dp/B076GZX3KL?tag=eloabder-20&linkCode=osi&th=1&psc=1">View Product</a></div><div class="product"><a href="https://www.amazon.com/dp/B078BC1NJ6?tag=eloabder-20&linkCode=osi&th=1&psc=1"><img src="https://m.media-amazon.com/images/I/51V4LMN2zEL._SL500_.jpg" alt="Product Image"></a><p>Coppertone Sport Sunscreen Spray SPF 50, Water Resistant Spray Sunscreen, Broad Spectrum SPF 50 Sunscreen, Bulk Sunscreen Pack, 5.5 Oz Bottle, Pack of 3</p><p> -25% 0FF </p><p>$20.63 ($1.25 / Ounce)</p><a href="https://www.amazon.com/dp/B078BC1NJ6?tag=eloabder-20&linkCode=osi&th=1&psc=1">View Product</a></div><div class="product"><a href="https://www.amazon.com/dp/B004YAUZFW?tag=eloabder-20&linkCode=osi&th=1&psc=1"><img src="https://m.media-amazon.com/images/I/31sVRHFdVEL._SL500_.jpg" alt="Product Image"></a><p>Sun Bum Original SPF 70 Sunscreen Lotion | Vegan and Hawaii 104 Act Compliant (Octinoxate & Oxybenzone Free) Broad Spectrum Moisturizing UVA/UVB Sunscreen with Vitamin E | 8 oz</p><p> -19% 0FF </p><p>$15.06 ($1.88 / Fl Oz)</p><a href="https://www.amazon.com/dp/B004YAUZFW?tag=eloabder-20&linkCode=osi&th=1&psc=1">View Product</a></div>
<div class="product"><a href="https://www.amazon.com/dp/B001UTK76C?tag=eloabder-20&linkCode=osi&th=1&psc=1"><img src="https://m.media-amazon.com/images/I/31JM3ZgxMjL._SL500_.jpg" alt="Product Image"></a><p>Jergens Natural Glow +FIRMING Self Tanner, Sunless Tanning Lotion for Fair to Medium Skin Tone, Anti Cellulite Firming Body Lotion for Natural-Looking Tan, 7.5 Ounce</p><p> -14% 0FF </p><p>$10.47 ($1.40 / Fl Oz)</p><a href="https://www.amazon.com/dp/B001UTK76C?tag=eloabder-20&linkCode=osi&th=1&psc=1">View Product</a></div><div class="product"><a href="https://www.amazon.com/dp/B00L2PB3BW?tag=eloabder-20&linkCode=osi&th=1&psc=1"><img src="https://m.media-amazon.com/images/I/411cFEieqCL._SL500_.jpg" alt="Product Image"></a><p>Beauty by Earth Self Tanner - USA Made with Natural & Organic Ingredients, Moisturizing Self Tanning Lotion with Aloe Vera & Coconut for a Natural Glow, Streak-Free Fake Tan, Medium to Dark</p><p> -14% 0FF </p><p>$35.99 ($4.80 / Fl Oz)</p><a href="https://www.amazon.com/dp/B00L2PB3BW?tag=eloabder-20&linkCode=osi&th=1&psc=1">View Product</a></div>
<div class="product"><a href="https://www.amazon.com/dp/B0BX2TZZWG?tag=eloabder-20&linkCode=osi&th=1&psc=1"><img src="https://m.media-amazon.com/images/I/4183W8fFVIL._SL500_.jpg" alt="Product Image"></a><p>Tree Hut Vanilla Shea Sugar Exfoliating & Hydrating Body Scrub, 18 oz</p><p> -27% 0FF </p><p>$7.99 ($0.44 / Ounce)</p><a href="https://www.amazon.com/dp/B0BX2TZZWG?tag=eloabder-20&linkCode=osi&th=1&psc=1">View Product</a></div><div class="product"><a href="https://www.amazon.com/dp/B085S7HRX6?tag=eloabder-20&linkCode=osi&th=1&psc=1"><img src="https://m.media-amazon.com/images/I/41w6OpjqwxL._SL500_.jpg" alt="Product Image"></a><p>Tree Hut Exotic Bloom Shea Sugar Exfoliating & Hydrating Scrub, 18 oz</p><p> -27% 0FF </p><p>$7.99 ($0.44 / Ounce)</p><a href="https://www.amazon.com/dp/B085S7HRX6?tag=eloabder-20&linkCode=osi&th=1&psc=1">View Product</a></div><div class="product"><a href="https://www.amazon.com/dp/B07CTSS14R?tag=eloabder-20&linkCode=osi&th=1&psc=1"><img src="https://m.media-amazon.com/images/I/41gzYYSlmPL._SL500_.jpg" alt="Product Image"></a><p>OGX Smoothing + Coconut Coffee Exfoliating Body Scrub with Arabica Coffee & Coconut Oil, Moisturizing Body Wash for Dry Skin, Paraben-Free with Sulfate-Free Surfactants, 19.5 Fl Oz</p><p> -33% 0FF </p><p>$6.97 ($0.36 / Fl Oz)</p><a href="https://www.amazon.com/dp/B07CTSS14R?tag=eloabder-20&linkCode=osi&th=1&psc=1">View Product</a></div><div class="product"><a href="https://www.amazon.com/dp/B09VH79Z17?tag=eloabder-20&linkCode=osi&th=1&psc=1"><img src="https://m.media-amazon.com/images/I/41VgTZ12TwL._SL500_.jpg" alt="Product Image"></a><p>Dr Teal's Shea Sugar Body Scrub, Shea Butter with Almond Oil & Essential Oils, 19 oz (Pack of 3) (Packaging May Vary)</p><p> -13% 0FF </p><p>$20.94 ($0.37 / Ounce)</p><a href="https://www.amazon.com/dp/B09VH79Z17?tag=eloabder-20&linkCode=osi&th=1&psc=1">View Product</a></div>
<div class="product"><a href="https://www.amazon.com/dp/B0002QB9NE?tag=eloabder-20&linkCode=osi&th=1&psc=1"><img src="https://m.media-amazon.com/images/I/416vf0q0uqL._SL500_.jpg" alt="Product Image"></a><p>O'Keeffe's for Healthy Feet Foot Cream; Guaranteed Relief for Extremely Dry; Cracked Feet; Instantly Boosts Moisture Levels; 3.2 Ounce Jar; (Pack of 1)</p><p> -8% 0FF </p><p>$9.17 ($2.87 / Ounce)</p><a href="https://www.amazon.com/dp/B0002QB9NE?tag=eloabder-20&linkCode=osi&th=1&psc=1">View Product</a></div><div class="product"><a href="https://www.amazon.com/dp/B0073E7JFK?tag=eloabder-20&linkCode=osi&th=1&psc=1"><img src="https://m.media-amazon.com/images/I/41XHAR1ZBpL._SL500_.jpg" alt="Product Image"></a><p>Gold Bond Softening Foot Cream, 4 oz., With Shea Butter to Soften Rough & Dry Feet</p><p> -35% 0FF </p><p>$7.69 ($1.92 / Ounce)</p><a href="https://www.amazon.com/dp/B0073E7JFK?tag=eloabder-20&linkCode=osi&th=1&psc=1">View Product</a></div><div class="product"><a href="https://www.amazon.com/dp/B08YZBKZPB?tag=eloabder-20&linkCode=osi&th=1&psc=1"><img src="https://m.media-amazon.com/images/I/41ktbxpRfPL._SL500_.jpg" alt="Product Image"></a><p>Dr. Scholl's Dry, Cracked Foot Repair Ultra-Hydrating Foot Cream Moisturizer, 3.5 oz, Skin Care Foot Lotion with 25% Urea for Dry Cracked Feet, Heals and Moisturizes for Healthy Feet</p><p> -22% 0FF </p><p>$5.59 ($1.60 / Ounce)</p><a href="https://www.amazon.com/dp/B08YZBKZPB?tag=eloabder-20&linkCode=osi&th=1&psc=1">View Product</a></div><div class="product"><a href="https://www.amazon.com/dp/B000GCNC2U?tag=eloabder-20&linkCode=osi&th=1&psc=1"><img src="https://m.media-amazon.com/images/I/41hjVmbx5AL._SL500_.jpg" alt="Product Image"></a><p>Kerasal Intensive Foot Repair, Skin Healing Ointment for Cracked Heels and Dry Feet, 1 Oz</p><p> -14% 0FF </p><p>$8.57</p><a href="https://www.amazon.com/dp/B000GCNC2U?tag=eloabder-20&linkCode=osi&th=1&psc=1">View Product</a></div><div class="product"><a href="https://www.amazon.com/dp/B07CKKQWSN?tag=eloabder-20&linkCode=osi&th=1&psc=1"><img src="https://m.media-amazon.com/images/I/513WcwplzkL._SL500_.jpg" alt="Product Image"></a><p>Profoot Heel Rescue Foot Cream 16 Ounce Bottle, 2 Pack, for Cracked, Calloused or Chapped Skin</p><p> -32% 0FF </p><p>$12.98 ($0.41 / Ounce)</p><a href="https://www.amazon.com/dp/B07CKKQWSN?tag=eloabder-20&linkCode=osi&th=1&psc=1">View Product</a></div><div class="product"><a href="https://www.amazon.com/dp/B082TSRP9J?tag=eloabder-20&linkCode=osi&th=1&psc=1"><img src="https://m.media-amazon.com/images/I/51coMhCd1ML._SL500_.jpg" alt="Product Image"></a><p>Ebanel Urea Cream 40% plus Salicylic Acid 2%, Foot Cream for Dry Cracked Heels Feet Knees Elbows Hands, Foot Dead Skin Cuticle Callus Remover Toenail Softener, Keratolytic Skin Barrier Repair Cream</p><p> -20% 0FF </p><p>$15.95 ($3.47 / Ounce)</p><a href="https://www.amazon.com/dp/B082TSRP9J?tag=eloabder-20&linkCode=osi&th=1&psc=1">View Product</a></div>

<div class="product"><a href="https://www.amazon.com/dp/B074PTZCNW?tag=eloabder-20&linkCode=osi&th=1&psc=1"><img src="https://m.media-amazon.com/images/I/31btEAGukiL._SL500_.jpg" alt="Product Image"></a><p>L'Oreal Paris Makeup True Match Lumi Glotion, Natural Glow Enhancer, Illuminator Highlighter, Bronzing Drops For a Sun-Kissed Glow, 902 Light</p><p> -18% 0FF </p><p>$13.98</p><a href="https://www.amazon.com/dp/B074PTZCNW?tag=eloabder-20&linkCode=osi&th=1&psc=1">View Product</a></div><div class="product"><a href="https://www.amazon.com/dp/B073WMPZZZ?tag=eloabder-20&linkCode=osi&th=1&psc=1"><img src="https://m.media-amazon.com/images/I/51fx3BLpQ0L._SL500_.jpg" alt="Product Image"></a><p>wet n wild MegaGlo Highlighting Powder Warm Gold Golden Flower Crown</p><p> -32% 0FF </p><p>$4.08</p><a href="https://www.amazon.com/dp/B073WMPZZZ?tag=eloabder-20&linkCode=osi&th=1&psc=1">View Product</a></div><div class="product"><a href="https://www.amazon.com/dp/B0BD9HYBKD?tag=eloabder-20&linkCode=osi&th=1&psc=1"><img src="https://m.media-amazon.com/images/I/319tXl8nMUL._SL500_.jpg" alt="Product Image"></a><p>LAURA GELLER NEW YORK Baked Natural Glow Highlighter Radiance Enhancing Makeup, French Vanilla</p><p> -21% 0FF </p><p>$18.99</p><a href="https://www.amazon.com/dp/B0BD9HYBKD?tag=eloabder-20&linkCode=osi&th=1&psc=1">View Product</a></div><div class="product"><a href="https://www.amazon.com/dp/B075K784FK?tag=eloabder-20&linkCode=osi&th=1&psc=1"><img src="https://m.media-amazon.com/images/I/51q6Nf009iL._SL500_.jpg" alt="Product Image"></a><p>Physicians Formula Murumuru Butter Highlighter Makeup Face Powder Make Up, Pearl, Dermatologist Approved</p><p> -19% 0FF </p><p>$9.73</p><a href="https://www.amazon.com/dp/B075K784FK?tag=eloabder-20&linkCode=osi&th=1&psc=1">View Product</a></div><div class="product"><a href="https://www.amazon.com/dp/B082YPL2SV?tag=eloabder-20&linkCode=osi&th=1&psc=1"><img src="https://m.media-amazon.com/images/I/51Y+MCkwArL._SL500_.jpg" alt="Product Image"></a><p>Wet n Wild MegaGlo Blushlighter, Blendable Blush & Highlighter Set, Shimmery Metallic Finish, Highlight Bling</p><p> -21% 0FF </p><p>$5.47</p><a href="https://www.amazon.com/dp/B082YPL2SV?tag=eloabder-20&linkCode=osi&th=1&psc=1">View Product</a></div>
<div class="product"><a href="https://www.amazon.com/dp/B07MQJRK7N?tag=eloabder-20&linkCode=osi&th=1&psc=1"><img src="https://m.media-amazon.com/images/I/41yzRaUSPiL._SL500_.jpg" alt="Product Image"></a><p>Highly Pigmented Eye Makeup Palette, Matte Shimmer Metallic Eyeshadow Pallet Long Lasting Blendable Natural Colors Make Up Eye Shadows Cosmetics Gift Kit</p><p> -10% 0FF </p><p>$8.99</p><a href="https://www.amazon.com/dp/B07MQJRK7N?tag=eloabder-20&linkCode=osi&th=1&psc=1">View Product</a></div><div class="product"><a href="https://www.amazon.com/dp/B00L5SMFJU?tag=eloabder-20&linkCode=osi&th=1&psc=1"><img src="https://m.media-amazon.com/images/I/41-WaM3A3tL._SL500_.jpg" alt="Product Image"></a><p>Covergirl Eye Enhancers Eye Shadow Palette, Natural Nudes, 0.19 Ounce</p><p> -34% 0FF </p><p>$4.97</p><a href="https://www.amazon.com/dp/B00L5SMFJU?tag=eloabder-20&linkCode=osi&th=1&psc=1">View Product</a></div><div class="product"><a href="https://www.amazon.com/dp/B0CP49R493?tag=eloabder-20&linkCode=osi&th=1&psc=1"><img src="https://m.media-amazon.com/images/I/41mV4uKx5HL._SL500_.jpg" alt="Product Image"></a><p>FLYEEO Neutral Brown Eye Shadow palette- Rose Gold Dark Brown Eyeshadow Palette Colorful 9 Colors, Matte Shimmer Highly Pigmented Nude Eyeshadow Palette Makeup Naturing-Looking Long Lasting</p><p> -19% 0FF </p><p>$3.19</p><a href="https://www.amazon.com/dp/B0CP49R493?tag=eloabder-20&linkCode=osi&th=1&psc=1">View Product</a></div><div class="product"><a href="https://www.amazon.com/dp/B0D7WDNZKW?tag=eloabder-20&linkCode=osi&th=1&psc=1"><img src="https://m.media-amazon.com/images/I/41O57tqpdfL._SL500_.jpg" alt="Product Image"></a><p>LAURA GELLER NEW YORK The Delectables 14 Multi-Finish Baked Eyeshadows - Vacation Vista - Holiday 2024</p><p> -15% 0FF </p><p>$21.25 ($4.43 / Ounce)</p><a href="https://www.amazon.com/dp/B0D7WDNZKW?tag=eloabder-20&linkCode=osi&th=1&psc=1">View Product</a></div>
<div class="product"><a href="https://www.amazon.com/dp/B01G3O06KA?tag=eloabder-20&linkCode=osi&th=1&psc=1"><img src="https://m.media-amazon.com/images/I/31TG9ojl4KL._SL500_.jpg" alt="Product Image"></a><p>REVLON Lip Liner, Colorstay Lip Makeup with Built-in-Sharpener, Longwear Rich Lip Colors, Smooth Application, 640 Raisin, 0.01 oz</p><p> -18% 0FF </p><p>$8.43</p><a href="https://www.amazon.com/dp/B01G3O06KA?tag=eloabder-20&linkCode=osi&th=1&psc=1">View Product</a></div><div class="product"><a href="https://www.amazon.com/dp/B08CFSS35N?tag=eloabder-20&linkCode=osi&th=1&psc=1"><img src="https://m.media-amazon.com/images/I/212BftJ6SzL._SL500_.jpg" alt="Product Image"></a><p>Rimmel Lasting Finish 8HR Soft Lip Liner Pencil - Vibrant, Blendable Formula to Lock Lipstick in Place for 8 Hours - 705 Cappuccino, .04oz</p><p> -40% 0FF </p><p>$3.59</p><a href="https://www.amazon.com/dp/B08CFSS35N?tag=eloabder-20&linkCode=osi&th=1&psc=1">View Product</a></div><div class="product"><a href="https://www.amazon.com/dp/B07PKW2MKF?tag=eloabder-20&linkCode=osi&th=1&psc=1"><img src="https://m.media-amazon.com/images/I/41Z7GVpsqBL._SL500_.jpg" alt="Product Image"></a><p>wet n wild Perfect Pout Matte Retractable Gel Lip Liner Pencil, Rich Creamy Long Lasting Color, Well-Defined and Flawless Application, Vegan & Cruelty-Free - Purple Lay Down the Mauves</p><p> -23% 0FF </p><p>$3.29</p><a href="https://www.amazon.com/dp/B07PKW2MKF?tag=eloabder-20&linkCode=osi&th=1&psc=1">View Product</a></div><div class="product"><a href="https://www.amazon.com/dp/B013VWRYXE?tag=eloabder-20&linkCode=osi&th=1&psc=1"><img src="https://m.media-amazon.com/images/I/51b+lTirJYL._SL500_.jpg" alt="Product Image"></a><p>12pc Italia Deluxe Ultra Fine Lip Liner set of 12 color</p><p> -34% 0FF </p><p>$9.15</p><a href="https://www.amazon.com/dp/B013VWRYXE?tag=eloabder-20&linkCode=osi&th=1&psc=1">View Product</a></div>
<div class="product"><a href="https://www.amazon.com/dp/B00U2VQZDS?tag=eloabder-20&linkCode=osi&th=1&psc=1"><img src="https://m.media-amazon.com/images/I/41n7Cb8jk-L._SL500_.jpg" alt="Product Image"></a><p>Neutrogena Makeup Remover Wipes, Ultra-Soft Cleansing Facial Towelettes for Waterproof Makeup, Alcohol-Free, Plant-Based, Twin Pack, 25 Count (Pack of 2)</p><p> -27% 0FF </p><p>$9.97 ($0.20 / Count)</p><a href="https://www.amazon.com/dp/B00U2VQZDS?tag=eloabder-20&linkCode=osi&th=1&psc=1">View Product</a></div><div class="product"><a href="https://www.amazon.com/dp/B017PCGABI?tag=eloabder-20&linkCode=osi&th=1&psc=1"><img src="https://m.media-amazon.com/images/I/3106WC85aAL._SL500_.jpg" alt="Product Image"></a><p>Garnier Micellar Water, Hydrating Facial Cleanser & Makeup Remover, Suitable for Sensitive Skin, Vegan, Cruelty Free, 13.5 Fl Oz (400mL), 1 Count</p><p> -25% 0FF </p><p>$8.97 ($0.66 / Fl Oz)</p><a href="https://www.amazon.com/dp/B017PCGABI?tag=eloabder-20&linkCode=osi&th=1&psc=1">View Product</a></div><div class="product"><a href="https://www.amazon.com/dp/B017PCGAXQ?tag=eloabder-20&linkCode=osi&th=1&psc=1"><img src="https://m.media-amazon.com/images/I/31-daQlUgGL._SL500_.jpg" alt="Product Image"></a><p>Garnier Micellar Water For Waterproof Makeup, Hydrating Facial Cleanser & Makeup Remover, Suitable for Sensitive Skin, Vegan, Cruelty Free, 13.5 Fl Oz (400mL), 1 Count</p><p> -25% 0FF </p><p>$8.97 ($0.66 / Fl Oz)</p><a href="https://www.amazon.com/dp/B017PCGAXQ?tag=eloabder-20&linkCode=osi&th=1&psc=1">View Product</a></div><div class="product"><a href="https://www.amazon.com/dp/B07T9JV956?tag=eloabder-20&linkCode=osi&th=1&psc=1"><img src="https://m.media-amazon.com/images/I/310x+0QrxsL._SL500_.jpg" alt="Product Image"></a><p>Neutrogena Gentle Oil-Free Eye Makeup Remover & Cleanser for Sensitive Eyes, Non-Greasy Makeup Remover, Removes Waterproof Mascara, Dermatologist & Ophthalmologist Tested, 8.0 fl. oz</p><p> -30% 0FF </p><p>$9.39 ($1.17 / Fl Oz)</p><a href="https://www.amazon.com/dp/B07T9JV956?tag=eloabder-20&linkCode=osi&th=1&psc=1">View Product</a></div><div class="product"><a href="https://www.amazon.com/dp/B0B1PP1XCM?tag=eloabder-20&linkCode=osi&th=1&psc=1"><img src="https://m.media-amazon.com/images/I/31kOCqV2+BL._SL500_.jpg" alt="Product Image"></a><p>CeraVe Cleansing Balm for Sensitive Skin | Hydrating Makeup Remover with Ceramides and Plant-based Jojoba Oil for Face | Non-Comedogenic Fragrance Free Non-Greasy |1.3 Ounces</p><p> -9% 0FF </p><p>$9.97 ($7.67 / Ounce)</p><a href="https://www.amazon.com/dp/B0B1PP1XCM?tag=eloabder-20&linkCode=osi&th=1&psc=1">View Product</a></div>
<div class="product"><a href="https://www.amazon.com/dp/B0CLLV2T1P?tag=eloabder-20&linkCode=osi&th=1&psc=1"><img src="https://m.media-amazon.com/images/I/311dfglPY7L._SL500_.jpg" alt="Product Image"></a><p>Anua 10% Niacinamide+ 4% Tranexamic Acid Serum, Ceramide, Hyaluronic Acid, Vitamin B12 natural color, for Sensitive skin, Korean Glass Skin, Fragrance-Free (30ml /1.01 fl.oz.)</p><p> -21% 0FF </p><p>$19.00 ($18.81 / Fl Oz)</p><a href="https://www.amazon.com/dp/B0CLLV2T1P?tag=eloabder-20&linkCode=osi&th=1&psc=1">View Product</a></div><div class="product"><a href="https://www.amazon.com/dp/B0BFQ9RD5B?tag=eloabder-20&linkCode=osi&th=1&psc=1"><img src="https://m.media-amazon.com/images/I/31QGtpkcufL._SL500_.jpg" alt="Product Image"></a><p>d'alba Piedmont Italian White Truffle First Spray Serum, Vegan Skin Care, Light-weight Face Moisturizer, Glow Serum for Radiant Skin, Non Comedogenic, All In One Mist, Korean Skin Care (3.38 fl oz.)</p><p> -31% 0FF </p><p>$24.00 ($7.10 / Fl Oz)</p><a href="https://www.amazon.com/dp/B0BFQ9RD5B?tag=eloabder-20&linkCode=osi&th=1&psc=1">View Product</a></div><div class="product"><a href="https://www.amazon.com/dp/B01M4MCUAF?tag=eloabder-20&linkCode=osi&th=1&psc=1"><img src="https://m.media-amazon.com/images/I/41SAAuVFBVL._SL500_.jpg" alt="Product Image"></a><p>TruSkin Vitamin C Serum – Anti Aging Facial Serum with Vitamin C, Hyaluronic Acid, Vitamin E & More – Brightening Serum for Dark Spots, Even Skin Tone, Eye Area, Fine Lines & Wrinkles, 1 Fl Oz</p><p> -27% 0FF </p><p>$21.97</p><a href="https://www.amazon.com/dp/B01M4MCUAF?tag=eloabder-20&linkCode=osi&th=1&psc=1">View Product</a></div>
<div class="product"><a href="https://www.amazon.com/dp/B01MQXX9US?tag=eloabder-20&linkCode=osi&th=1&psc=1"><img src="https://m.media-amazon.com/images/I/41Zi7BP15NL._SL500_.jpg" alt="Product Image"></a><p>Banana Boat Sport Ultra SPF 50 Sunscreen Spray Twin Pack | Banana Boat Sunscreen Spray SPF 50, Spray On Sunscreen, Water Resistant Sunscreen, Oxybenzone Free Sunscreen Pack, 6oz each</p><p> -26% 0FF </p><p>$13.97 ($1.16 / Ounce)</p><a href="https://www.amazon.com/dp/B01MQXX9US?tag=eloabder-20&linkCode=osi&th=1&psc=1">View Product</a></div><div class="product"><a href="https://www.amazon.com/dp/B005IHT94S?tag=eloabder-20&linkCode=osi&th=1&psc=1"><img src="https://m.media-amazon.com/images/I/31YAXVCRMAL._SL500_.jpg" alt="Product Image"></a><p>Neutrogena Ultra Sheer Dry-Touch Water Resistant and Non-Greasy Sunscreen Lotion with Broad Spectrum SPF 70, 3 Fl Oz (Pack of 1)</p><p> -27% 0FF </p><p>$9.68 ($3.23 / Fl Oz)</p><a href="https://www.amazon.com/dp/B005IHT94S?tag=eloabder-20&linkCode=osi&th=1&psc=1">View Product</a></div><div class="product"><a href="https://www.amazon.com/dp/B004D2DR0Q?tag=eloabder-20&linkCode=osi&th=1&psc=1"><img src="https://m.media-amazon.com/images/I/41QwzCWNnFL._SL500_.jpg" alt="Product Image"></a><p>Neutrogena Ultra Sheer Dry-Touch Water Resistant and Non-Greasy Sunscreen Lotion with Broad Spectrum SPF 45, TSA-Compliant travel Size, 3 Fl Oz, Pack of 2, 6 Fl Oz</p><p> -38% 0FF </p><p>$13.99 ($2.33 / Fl Oz)</p><a href="https://www.amazon.com/dp/B004D2DR0Q?tag=eloabder-20&linkCode=osi&th=1&psc=1">View Product</a></div><div class="product"><a href="https://www.amazon.com/dp/B09Q3Q5QZT?tag=eloabder-20&linkCode=osi&th=1&psc=1"><img src="https://m.media-amazon.com/images/I/41RAvBOdbyL._SL500_.jpg" alt="Product Image"></a><p>Coppertone SPORT Sunscreen SPF 50 Lotion, Water Resistant , Broad Spectrum Bulk Sunscreen Pack, 7 Fl Oz Bottle, Pack of 2</p><p> -9% 0FF </p><p>$16.75 ($1.20 / Fl Oz)</p><a href="https://www.amazon.com/dp/B09Q3Q5QZT?tag=eloabder-20&linkCode=osi&th=1&psc=1">View Product</a></div><div class="product"><a href="https://www.amazon.com/dp/B00AEN4QZ8?tag=eloabder-20&linkCode=osi&th=1&psc=1"><img src="https://m.media-amazon.com/images/I/31QMrCJPoeL._SL500_.jpg" alt="Product Image"></a><p>Neutrogena Beach Defense Face and Body Sunscreen Lotion with Broad Spectrum SPF 70, Offers UVA/UVB Protection, Water Resistant and Oil Free Sun Protection, Oxybenzone Free and Fast Drying, 6.5 OZ</p><p> -31% 0FF </p><p>$9.04 ($1.35 / Fl Oz)</p><a href="https://www.amazon.com/dp/B00AEN4QZ8?tag=eloabder-20&linkCode=osi&th=1&psc=1">View Product</a></div><div class="product"><a href="https://www.amazon.com/dp/B004CDV7EY?tag=eloabder-20&linkCode=osi&th=1&psc=1"><img src="https://m.media-amazon.com/images/I/41tTwTi8GdL._SL500_.jpg" alt="Product Image"></a><p>Banana Boat Sport Ultra SPF 50 Sunscreen Lotion, 12oz | Banana Boat Sunscreen SPF 50 Lotion, Oxybenzone Free Sunscreen, Sunblock Lotion Sunscreen, Family Size Sunscreen, 12oz</p><p> -16% 0FF </p><p>$10.97 ($0.91 / Fl Oz)</p><a href="https://www.amazon.com/dp/B004CDV7EY?tag=eloabder-20&linkCode=osi&th=1&psc=1">View Product</a></div><div class="product"><a href="https://www.amazon.com/dp/B001P92FMG?tag=eloabder-20&linkCode=osi&th=1&psc=1"><img src="https://m.media-amazon.com/images/I/41G20SiwQqL._SL500_.jpg" alt="Product Image"></a><p>Neutrogena Sport Face Sunscreen, Broad Spectrum Sunblock SPF 70+, Water Resistant Sunscreen For Face, Sweat Resistant Oil Free Sunscreen Lotion, 2.5 FL OZ</p><p> -35% 0FF </p><p>$9.59 ($3.84 / Fl Oz)</p><a href="https://www.amazon.com/dp/B001P92FMG?tag=eloabder-20&linkCode=osi&th=1&psc=1">View Product</a></div><div class="product"><a href="https://www.amazon.com/dp/B076GZX3KL?tag=eloabder-20&linkCode=osi&th=1&psc=1"><img src="https://m.media-amazon.com/images/I/41BQoEZMuTL._SL500_.jpg" alt="Product Image"></a><p>Neutrogena Sunscreen Spray, Ultra Sheer Body Mist, Broad Spectrum SPF 70, Non-Greasy Water Resistant Body Sunscreen Mist, Non-Comedogenic, 5 oz (Pack of 3)</p><p> -38% 0FF </p><p>$24.58 ($1.64 / Ounce)</p><a href="https://www.amazon.com/dp/B076GZX3KL?tag=eloabder-20&linkCode=osi&th=1&psc=1">View Product</a></div><div class="product"><a href="https://www.amazon.com/dp/B078BC1NJ6?tag=eloabder-20&linkCode=osi&th=1&psc=1"><img src="https://m.media-amazon.com/images/I/51V4LMN2zEL._SL500_.jpg" alt="Product Image"></a><p>Coppertone Sport Sunscreen Spray SPF 50, Water Resistant Spray Sunscreen, Broad Spectrum SPF 50 Sunscreen, Bulk Sunscreen Pack, 5.5 Oz Bottle, Pack of 3</p><p> -25% 0FF </p><p>$20.63 ($1.25 / Ounce)</p><a href="https://www.amazon.com/dp/B078BC1NJ6?tag=eloabder-20&linkCode=osi&th=1&psc=1">View Product</a></div><div class="product"><a href="https://www.amazon.com/dp/B004YAUZFW?tag=eloabder-20&linkCode=osi&th=1&psc=1"><img src="https://m.media-amazon.com/images/I/31sVRHFdVEL._SL500_.jpg" alt="Product Image"></a><p>Sun Bum Original SPF 70 Sunscreen Lotion | Vegan and Hawaii 104 Act Compliant (Octinoxate & Oxybenzone Free) Broad Spectrum Moisturizing UVA/UVB Sunscreen with Vitamin E | 8 oz</p><p> -19% 0FF </p><p>$15.06 ($1.88 / Fl Oz)</p><a href="https://www.amazon.com/dp/B004YAUZFW?tag=eloabder-20&linkCode=osi&th=1&psc=1">View Product</a></div>
<div class="product"><a href="https://www.amazon.com/dp/B001UTK76C?tag=eloabder-20&linkCode=osi&th=1&psc=1"><img src="https://m.media-amazon.com/images/I/31JM3ZgxMjL._SL500_.jpg" alt="Product Image"></a><p>Jergens Natural Glow +FIRMING Self Tanner, Sunless Tanning Lotion for Fair to Medium Skin Tone, Anti Cellulite Firming Body Lotion for Natural-Looking Tan, 7.5 Ounce</p><p> -14% 0FF </p><p>$10.47 ($1.40 / Fl Oz)</p><a href="https://www.amazon.com/dp/B001UTK76C?tag=eloabder-20&linkCode=osi&th=1&psc=1">View Product</a></div><div class="product"><a href="https://www.amazon.com/dp/B00L2PB3BW?tag=eloabder-20&linkCode=osi&th=1&psc=1"><img src="https://m.media-amazon.com/images/I/411cFEieqCL._SL500_.jpg" alt="Product Image"></a><p>Beauty by Earth Self Tanner - USA Made with Natural & Organic Ingredients, Moisturizing Self Tanning Lotion with Aloe Vera & Coconut for a Natural Glow, Streak-Free Fake Tan, Medium to Dark</p><p> -14% 0FF </p><p>$35.99 ($4.80 / Fl Oz)</p><a href="https://www.amazon.com/dp/B00L2PB3BW?tag=eloabder-20&linkCode=osi&th=1&psc=1">View Product</a></div>
<div class="product"><a href="https://www.amazon.com/dp/B0BX2TZZWG?tag=eloabder-20&linkCode=osi&th=1&psc=1"><img src="https://m.media-amazon.com/images/I/4183W8fFVIL._SL500_.jpg" alt="Product Image"></a><p>Tree Hut Vanilla Shea Sugar Exfoliating & Hydrating Body Scrub, 18 oz</p><p> -27% 0FF </p><p>$7.99 ($0.44 / Ounce)</p><a href="https://www.amazon.com/dp/B0BX2TZZWG?tag=eloabder-20&linkCode=osi&th=1&psc=1">View Product</a></div><div class="product"><a href="https://www.amazon.com/dp/B085S7HRX6?tag=eloabder-20&linkCode=osi&th=1&psc=1"><img src="https://m.media-amazon.com/images/I/41w6OpjqwxL._SL500_.jpg" alt="Product Image"></a><p>Tree Hut Exotic Bloom Shea Sugar Exfoliating & Hydrating Scrub, 18 oz</p><p> -27% 0FF </p><p>$7.99 ($0.44 / Ounce)</p><a href="https://www.amazon.com/dp/B085S7HRX6?tag=eloabder-20&linkCode=osi&th=1&psc=1">View Product</a></div><div class="product"><a href="https://www.amazon.com/dp/B07CTSS14R?tag=eloabder-20&linkCode=osi&th=1&psc=1"><img src="https://m.media-amazon.com/images/I/41gzYYSlmPL._SL500_.jpg" alt="Product Image"></a><p>OGX Smoothing + Coconut Coffee Exfoliating Body Scrub with Arabica Coffee & Coconut Oil, Moisturizing Body Wash for Dry Skin, Paraben-Free with Sulfate-Free Surfactants, 19.5 Fl Oz</p><p> -33% 0FF </p><p>$6.97 ($0.36 / Fl Oz)</p><a href="https://www.amazon.com/dp/B07CTSS14R?tag=eloabder-20&linkCode=osi&th=1&psc=1">View Product</a></div><div class="product"><a href="https://www.amazon.com/dp/B09VH79Z17?tag=eloabder-20&linkCode=osi&th=1&psc=1"><img src="https://m.media-amazon.com/images/I/41VgTZ12TwL._SL500_.jpg" alt="Product Image"></a><p>Dr Teal's Shea Sugar Body Scrub, Shea Butter with Almond Oil & Essential Oils, 19 oz (Pack of 3) (Packaging May Vary)</p><p> -13% 0FF </p><p>$20.94 ($0.37 / Ounce)</p><a href="https://www.amazon.com/dp/B09VH79Z17?tag=eloabder-20&linkCode=osi&th=1&psc=1">View Product</a></div>
<div class="product"><a href="https://www.amazon.com/dp/B0002QB9NE?tag=eloabder-20&linkCode=osi&th=1&psc=1"><img src="https://m.media-amazon.com/images/I/416vf0q0uqL._SL500_.jpg" alt="Product Image"></a><p>O'Keeffe's for Healthy Feet Foot Cream; Guaranteed Relief for Extremely Dry; Cracked Feet; Instantly Boosts Moisture Levels; 3.2 Ounce Jar; (Pack of 1)</p><p> -8% 0FF </p><p>$9.17 ($2.87 / Ounce)</p><a href="https://www.amazon.com/dp/B0002QB9NE?tag=eloabder-20&linkCode=osi&th=1&psc=1">View Product</a></div><div class="product"><a href="https://www.amazon.com/dp/B0073E7JFK?tag=eloabder-20&linkCode=osi&th=1&psc=1"><img src="https://m.media-amazon.com/images/I/41XHAR1ZBpL._SL500_.jpg" alt="Product Image"></a><p>Gold Bond Softening Foot Cream, 4 oz., With Shea Butter to Soften Rough & Dry Feet</p><p> -35% 0FF </p><p>$7.69 ($1.92 / Ounce)</p><a href="https://www.amazon.com/dp/B0073E7JFK?tag=eloabder-20&linkCode=osi&th=1&psc=1">View Product</a></div><div class="product"><a href="https://www.amazon.com/dp/B08YZBKZPB?tag=eloabder-20&linkCode=osi&th=1&psc=1"><img src="https://m.media-amazon.com/images/I/41ktbxpRfPL._SL500_.jpg" alt="Product Image"></a><p>Dr. Scholl's Dry, Cracked Foot Repair Ultra-Hydrating Foot Cream Moisturizer, 3.5 oz, Skin Care Foot Lotion with 25% Urea for Dry Cracked Feet, Heals and Moisturizes for Healthy Feet</p><p> -22% 0FF </p><p>$5.59 ($1.60 / Ounce)</p><a href="https://www.amazon.com/dp/B08YZBKZPB?tag=eloabder-20&linkCode=osi&th=1&psc=1">View Product</a></div><div class="product"><a href="https://www.amazon.com/dp/B000GCNC2U?tag=eloabder-20&linkCode=osi&th=1&psc=1"><img src="https://m.media-amazon.com/images/I/41hjVmbx5AL._SL500_.jpg" alt="Product Image"></a><p>Kerasal Intensive Foot Repair, Skin Healing Ointment for Cracked Heels and Dry Feet, 1 Oz</p><p> -14% 0FF </p><p>$8.57</p><a href="https://www.amazon.com/dp/B000GCNC2U?tag=eloabder-20&linkCode=osi&th=1&psc=1">View Product</a></div><div class="product"><a href="https://www.amazon.com/dp/B07CKKQWSN?tag=eloabder-20&linkCode=osi&th=1&psc=1"><img src="https://m.media-amazon.com/images/I/513WcwplzkL._SL500_.jpg" alt="Product Image"></a><p>Profoot Heel Rescue Foot Cream 16 Ounce Bottle, 2 Pack, for Cracked, Calloused or Chapped Skin</p><p> -32% 0FF </p><p>$12.98 ($0.41 / Ounce)</p><a href="https://www.amazon.com/dp/B07CKKQWSN?tag=eloabder-20&linkCode=osi&th=1&psc=1">View Product</a></div><div class="product"><a href="https://www.amazon.com/dp/B082TSRP9J?tag=eloabder-20&linkCode=osi&th=1&psc=1"><img src="https://m.media-amazon.com/images/I/51coMhCd1ML._SL500_.jpg" alt="Product Image"></a><p>Ebanel Urea Cream 40% plus Salicylic Acid 2%, Foot Cream for Dry Cracked Heels Feet Knees Elbows Hands, Foot Dead Skin Cuticle Callus Remover Toenail Softener, Keratolytic Skin Barrier Repair Cream</p><p> -20% 0FF </p><p>$15.95 ($3.47 / Ounce)</p><a href="https://www.amazon.com/dp/B082TSRP9J?tag=eloabder-20&linkCode=osi&th=1&psc=1">View Product</a></div>
<div class="product"><a href="https://www.amazon.com/dp/B00ID1GWL4?tag=eloabder-20&linkCode=osi&th=1&psc=1"><img src="https://m.media-amazon.com/images/I/31FXJodMAcL._SL500_.jpg" alt="Product Image"></a><p>L'Oréal Paris Advanced Hairstyle LOCK IT Weather Control Hairspray, 8.25 oz. (Packaging May Vary)</p><p> -10% 0FF </p><p>$8.97 ($1.06 / Ounce)</p><a href="https://www.amazon.com/dp/B00ID1GWL4?tag=eloabder-20&linkCode=osi&th=1&psc=1">View Product</a></div>                </div>

                <!-- Bouton flottant -->
                <button class="floating-button" onclick="window.location.href='https://www.iasmarket.us'">HOME</button>
            
                <!-- Pagination -->
                <div class="pagination">
                        </div>

            <script>
                function updateTime() {
                    const optionsDate = {
                        timeZone: 'America/Los_Angeles',
                        year: 'numeric',
                        month: 'long',
                        day: 'numeric',
                        weekday: 'long'
                    };
                    const optionsTime = {
                        timeZone: 'America/Los_Angeles',
                        hour: '2-digit',
                        minute: '2-digit',
                        second: '2-digit'
                    };
        
                    const now = new Date();
                    const formatterDate = new Intl.DateTimeFormat('en-US', optionsDate);
                    const formatterTime = new Intl.DateTimeFormat('en-US', optionsTime);
        
                    const formattedDate = formatterDate.format(now);
                    const formattedTime = formatterTime.format(now);
        
                    document.getElementById('comment').textContent = "As an AMAZON Associate, I earn from qualifying purchases.";
                    document.getElementById('date').textContent = formattedDate;
                    document.getElementById('time').textContent = formattedTime;
                }
        
                updateTime();
                setInterval(updateTime, 1000);
        
                function filterProducts() {
                    const input = document.getElementById('searchInput');
                    const filter = input.value.toLowerCase();
                    const container = document.getElementById('productContainer');
                    const products = container.getElementsByClassName('product');
        
                    for (let i = 0; i < products.length; i++) {
                        const product = products[i];
                        const text = product.textContent || product.innerText;
                        if (text.toLowerCase().indexOf(filter) > -1) {
                            product.style.display = "";
                        } else {
                            product.style.display = "none";
                        }
                    }
                }
            </script>
             </body>
        
            </html>
        